<mjloggm ver="2.3"><GO type="169" lobby="0"/><UN n0="%73%5F%6F%6B" n1="%E3%81%94%E3%82%8D%E3%81%AB%E3%82%83%E3%83%BC" n2="%E7%81%B0%E5%8E%9F%E5%93%80" n3="%E3%82%A2%E3%83%95%E3%83%AA%E3%82%AB" dan="16,17,16,16" rate="2091.52,2114.89,2077.46,2120.52" sx="M,M,F,M"/><TAIKYOKU oya="0"/><INIT seed="0,0,0,4,4,24" ten="250,250,250,250" oya="0" hai0="6,21,57,131,56,118,38,134,133,27,130,89,8" hai1="126,76,33,32,2,46,39,127,45,82,54,84,128" hai2="93,26,68,23,22,63,110,122,102,11,48,119,17" hai3="53,43,115,113,64,83,4,16,35,34,49,70,125"/><T135/><D38/><U13/><E2/><V108/><F122/><W73/><G4/><T116/><D89/><U86/><E128/><N who="0" m="49193" /><D57/><U78/><E13/><N who="2" m="9519" /><F11/><W60/><G125/><N who="1" m="47626" /><E54/><V15/><F15/><W74/><G43/><T42/><D42/><N who="1" m="22751" /><E46/><V124/><F124/><W51/><G51/><T129/><N who="0" m="49201" /><T47/><DORA hai="30" /><D47/><U37/><E37/><V81/><F48/><W50/><G50/><T1/><D56/><U29/><E29/><AGARI ba="0,0" hai="1,6,8,21,27,29,116,118,133,134,135" m="49201" machi="29" ten="50,12000,1" yaku="20,1,19,1,34,2,52,1" doraHai="24,30" who="0" fromWho="1" sc="250,120,250,-120,250,0,250,0" /><INIT seed="0,1,0,5,1,40" ten="370,130,250,250" oya="0" hai0="98,102,72,25,37,110,18,124,54,103,45,15,29" hai1="22,14,9,93,19,90,84,2,12,3,74,53,89" hai2="100,83,20,63,27,129,118,13,57,68,117,48,42" hai3="55,32,78,17,11,16,5,21,73,1,134,105,33"/><T43/><D72/><U75/><E75/><V50/><F129/><W69/><G105/><T38/><D124/><U71/><E74/><V128/><F128/><W30/><G69/><T0/><D0/><U106/><E71/><V116/><F68/><W61/><G134/><T44/><D110/><U26/><E106/><V77/><F100/><W115/><G115/><T65/><D65/><U111/><E111/><V64/><F13/><W28/><G78/><T76/><D76/><U99/><E14/><V113/><F113/><W79/><G79/><T130/><D130/><U59/><E89/><V60/><F60/><W91/><G91/><T66/><D66/><U126/><E84/><N who="2" m="48239" /><F42/><W51/><G61/><T58/><D18/><AGARI ba="1,0" hai="18,20,27,48,50,57,63,64,116,117,118" m="48239" machi="18" ten="30,1000,0" yaku="12,1" doraHai="40" who="2" fromWho="0" sc="370,-13,130,0,250,13,250,0" /><INIT seed="1,0,0,2,3,24" ten="357,130,263,250" oya="1" hai0="70,103,109,33,25,104,20,112,119,123,22,2,55" hai1="37,78,18,4,34,50,116,91,68,110,23,99,88" hai2="85,87,83,12,106,93,113,135,117,79,43,115,3" hai3="44,48,11,129,32,7,98,9,128,127,101,66,39"/><U38/><E116/><V65/><F3/><W52/><G39/><T15/><D70/><U47/><E68/><V41/><F106/><W97/><G66/><T54/><D2/><U36/><E34/><V72/><F117/><W131/><G127/><T71/><D71/><U62/><E110/><V10/><F65/><W46/><G32/><T40/><D119/><U126/><E126/><V14/><F135/><W105/><G98/><T107/><D40/><N who="2" m="15434" /><F93/><W96/><G96/><T64/><D64/><U124/><E124/><V5/><F14/><N who="3" m="5439" /><G11/><T60/><D33/><U26/><E4/><V0/><F0/><W77/><G77/><T120/><D15/><U89/><E78/><V21/><F21/><W6/><G6/><T81/><D81/><U133/><E133/><V130/><F130/><W13/><G13/><T114/><D109/><U100/><E62/><V80/><F80/><W53/><G53/><T84/><D60/><U30/><E50/><V59/><F59/><AGARI ba="0,0" hai="44,46,48,52,59,97,101,105,128,129,131" m="5439" machi="59" ten="30,2000,0" yaku="19,1,54,1" doraHai="24" who="3" fromWho="2" sc="357,0,130,0,263,-20,250,20" /><INIT seed="2,0,0,2,3,98" ten="357,130,243,270" oya="2" hai0="13,29,86,59,64,57,112,130,17,117,49,68,32" hai1="2,75,22,31,52,89,38,66,60,11,113,61,14" hai2="76,99,50,104,16,27,116,135,10,106,43,45,125" hai3="8,123,70,82,69,7,73,101,92,114,63,103,87"/><V118/><F125/><W23/><G73/><T115/><D68/><U132/><E113/><V90/><F76/><W47/><G114/><T26/><D130/><U25/><E38/><V83/><F135/><W122/><G23/><T6/><D6/><U39/><E39/><V71/><F71/><W3/><G70/><T54/><D117/><U19/><E75/><V21/><F10/><W126/><G126/><T56/><D64/><U81/><E132/><V119/><REACH who="2" step="1"/><F99/><REACH who="2" ten="357,130,233,270" step="2"/><N who="3" m="59623" /><G69/><T78/><D115/><U51/><E66/><V111/><F111/><W28/><G8/><T1/><D112/><U94/><E2/><V93/><F93/><W97/><G97/><T18/><D1/><U79/><E79/><V131/><F131/><W55/><G3/><T37/><D78/><U0/><E0/><V110/><F110/><W133/><G133/><T134/><D134/><U105/><E105/><V5/><F5/><W84/><G7/><T46/><D86/><AGARI ba="0,1" hai="16,21,27,43,45,50,83,86,90,104,106,116,118,119" machi="86" ten="40,7700,0" yaku="1,1,54,1,53,1" doraHai="98" doraHaiUra="44" who="2" fromWho="0" sc="357,-77,130,0,233,87,270,0" /><INIT seed="2,1,0,5,0,123" ten="280,130,320,270" oya="2" hai0="31,30,105,80,49,10,101,127,93,96,135,110,122" hai1="120,65,60,34,86,7,15,115,89,87,88,55,107" hai2="22,48,68,14,25,26,111,41,74,27,103,130,19" hai3="131,72,17,44,117,37,66,73,29,8,129,121,4"/><V92/><F74/><N who="3" m="28779" /><G121/><T36/><D110/><U119/><E119/><V12/><F68/><W50/><G117/><T16/><D135/><U2/><E120/><V100/><F130/><N who="3" m="49675" /><G66/><T24/><D36/><U98/><E2/><V112/><F111/><W126/><G29/><T67/><D127/><U33/><E115/><V76/><F112/><W91/><G91/><T47/><D67/><U134/><E134/><V11/><F76/><W52/><G37/><T20/><D122/><U9/><E55/><V57/><F92/><W97/><G97/><T64/><D64/><U6/><E6/><V38/><F38/><W23/><G126/><T118/><D118/><U51/><E51/><V58/><F103/><W18/><G23/><T69/><D69/><U81/><E107/><V71/><F71/><W99/><G99/><T0/><D105/><U59/><REACH who="1" step="1"/><E98/><REACH who="1" ten="280,120,320,270" step="2"/><V32/><F48/><W125/><G125/><T45/><D0/><AGARI ba="1,1" hai="0,4,8,17,18,44,50,52" m="49675,28779" machi="0" ten="30,2000,0" yaku="19,1,54,1" doraHai="123" who="3" fromWho="0" sc="280,-23,120,0,320,0,270,33" /><INIT seed="3,0,0,0,1,125" ten="257,120,320,303" oya="3" hai0="28,135,6,71,12,53,55,97,85,4,40,21,8" hai1="13,81,88,90,11,68,79,129,47,87,30,32,83" hai2="51,78,77,133,14,29,66,27,127,23,74,114,76" hai3="98,37,108,39,25,62,7,5,130,89,105,84,52"/><W65/><G39/><T69/><D40/><U64/><E47/><V36/><F36/><W42/><G42/><T101/><D135/><U44/><E44/><V95/><F114/><W82/><G37/><T24/><D4/><U99/><E32/><V54/><F66/><W61/><G108/><T128/><D85/><U93/><E30/><V118/><F118/><W75/><G75/><T132/><D132/><U26/><E26/><V49/><F49/><W131/><G25/><T110/><D110/><U60/><E129/><N who="3" m="49162" /><G52/><T34/><D128/><U20/><E20/><V92/><F74/><W73/><G73/><T18/><D55/><U124/><E124/><V123/><F127/><W56/><G62/><T120/><D53/><U94/><REACH who="1" step="1"/><E79/><REACH who="1" ten="257,110,320,303" step="2"/><V70/><F27/><W1/><G1/><N who="0" m="79" /><D120/><U134/><E134/><V2/><F2/><W48/><G48/><T86/><D86/><U122/><E122/><V96/><F51/><W111/><G111/><T104/><AGARI ba="0,1" hai="12,18,21,24,28,34,69,71,97,101,104" m="79" machi="104" ten="30,1100,0" yaku="24,1" doraHai="125" who="0" fromWho="0" sc="257,21,110,-3,320,-3,303,-5" /><INIT seed="4,0,0,4,2,38" ten="278,107,317,298" oya="0" hai0="59,111,68,58,37,107,18,113,100,117,33,28,21" hai1="41,126,121,123,13,98,90,128,57,4,115,132,97" hai2="27,112,45,3,9,44,34,0,1,39,82,2,16" hai3="24,5,72,120,125,108,104,20,65,79,62,23,73"/><T25/><D117/><U32/><E32/><V114/><F82/><W75/><G108/><T99/><D113/><N who="2" m="43626" /><F39/><W109/><G109/><T119/><D119/><U96/><E115/><V103/><F103/><W55/><G104/><T14/><D111/><U81/><E128/><V74/><F74/><W7/><G79/><T67/><REACH who="0" step="1"/><D37/><REACH who="0" ten="268,107,317,298" step="2"/><U11/><E123/><V135/><F135/><W17/><G120/><T51/><D51/><U30/><E121/><V53/><F0/><W77/><G125/><T124/><D124/><U42/><E126/><V63/><F1/><W101/><G75/><T106/><D106/><U91/><E132/><V102/><F2/><W87/><G73/><T43/><D43/><N who="1" m="16395" /><E30/><V60/><F3/><W134/><G72/><T19/><D19/><U93/><E57/><V35/><F16/><W36/><G17/><T116/><D116/><U29/><E29/><V49/><F34/><W95/><G36/><T78/><D78/><U89/><E81/><V76/><F35/><W66/><G77/><T127/><D127/><U15/><E15/><V52/><F76/><W40/><G134/><T48/><D48/><U88/><AGARI ba="0,1" hai="4,11,13,88,89,90,91,93,96,97,98" m="16395" machi="88" ten="30,8000,1" yaku="8,1,52,3,54,1" doraHai="38" who="1" fromWho="1" sc="268,-40,107,90,317,-20,298,-20" /><INIT seed="5,0,0,4,2,24" ten="228,197,297,278" oya="1" hai0="50,108,117,130,79,62,121,94,84,26,66,69,118" hai1="10,41,52,122,82,63,3,89,36,120,80,13,114" hai2="59,60,125,115,126,106,93,97,101,6,73,0,102" hai3="70,99,135,53,96,14,33,81,72,78,45,4,90"/><U133/><E3/><V124/><F73/><W44/><G70/><T61/><D108/><U58/><E114/><V71/><F71/><W128/><G135/><T87/><D130/><U76/><E133/><V104/><F115/><W123/><G123/><T74/><D74/><U56/><E89/><V75/><F75/><W51/><G33/><T48/><D121/><U116/><E116/><V17/><F102/><W67/><G67/><T47/><D26/><U43/><E82/><V109/><F17/><W27/><G128/><T32/><D32/><U95/><E95/><V68/><F68/><W46/><G27/><T22/><D22/><U29/><E29/><V55/><F109/><W86/><G72/><T16/><D94/><U57/><E120/><V98/><F98/><N who="3" m="37419" /><G78/><T37/><D79/><U35/><E35/><V31/><F0/><W83/><G83/><T91/><D91/><U12/><E12/><V54/><F104/><W1/><G1/><T107/><D107/><U132/><E122/><V49/><F106/><W42/><G42/><N who="1" m="15882" /><E36/><V15/><F15/><W134/><G134/><T64/><D37/><U23/><E132/><V88/><F88/><W28/><G28/><T129/><D69/><U30/><E30/><V34/><F34/><W103/><G103/><T77/><D77/><U9/><E76/><V100/><F100/><W85/><G85/><T110/><D129/><U8/><E80/><V39/><F39/><W21/><G21/><T7/><D110/><U38/><E38/><V92/><F31/><W112/><G112/><T19/><D47/><U119/><E119/><RYUUKYOKU ba="0,0" sc="228,10,197,10,297,-30,278,10" hai0="7,16,19,48,50,61,62,64,66,84,87,117,118" hai1="8,9,10,13,23,52,56,57,58,63" hai3="4,14,44,45,46,51,53,81,86,90" /><INIT seed="5,1,0,4,1,62" ten="238,207,267,288" oya="1" hai0="25,111,81,118,10,15,69,8,112,79,133,11,61" hai1="107,22,13,66,18,102,129,57,40,2,46,70,64" hai2="19,53,78,115,7,125,121,44,126,45,131,51,17" hai3="12,135,82,122,42,9,47,14,91,31,105,103,36"/><U55/><E70/><V116/><F121/><W35/><G122/><T71/><D111/><U59/><E2/><V114/><F116/><W37/><G37/><T134/><D118/><U5/><E5/><V50/><F78/><W100/><G135/><N who="0" m="51723" /><D112/><N who="2" m="43050" /><F7/><W95/><G105/><T119/><D119/><U101/><E129/><V6/><F6/><W99/><G82/><T0/><D0/><U34/><E34/><V30/><F30/><W120/><G120/><T77/><D77/><U90/><E90/><V97/><F97/><W117/><G117/><T88/><D88/><U98/><E102/><V84/><F84/><W106/><G9/><T65/><D25/><U93/><E107/><V49/><F131/><W109/><G109/><T60/><D60/><U75/><E75/><V127/><F53/><W23/><G103/><T128/><D128/><U96/><E96/><V73/><F73/><W20/><G100/><T74/><D71/><U80/><E80/><V28/><F28/><W123/><G106/><T3/><D3/><U63/><REACH who="1" step="1"/><E59/><REACH who="1" ten="238,197,267,288" step="2"/><V39/><F39/><AGARI ba="1,1" hai="13,18,22,39,40,46,55,57,63,64,66,93,98,101" machi="39" ten="30,18000,2" yaku="1,1,2,1,7,1,52,2,53,1" doraHai="62" doraHaiUra="38" who="1" fromWho="2" sc="238,0,197,193,267,-183,288,0" /><INIT seed="5,2,0,0,5,111" ten="238,390,84,288" oya="1" hai0="75,119,68,11,96,46,135,52,117,122,108,33,91" hai1="16,115,55,58,5,92,98,59,85,60,123,61,49" hai2="13,87,0,104,73,22,56,50,83,86,31,79,125" hai3="48,36,72,106,47,100,35,69,132,37,110,126,9"/><U102/><E123/><V113/><F0/><W66/><G110/><T25/><D75/><U7/><E115/><V129/><F113/><W97/><G126/><T134/><D68/><U118/><E118/><V84/><F104/><W6/><G132/><T90/><D11/><U2/><E2/><V21/><F125/><W77/><G35/><T93/><D108/><U76/><E49/><V128/><F31/><W12/><G66/><T74/><D74/><U80/><REACH who="1" step="1"/><E16/><REACH who="1" ten="238,380,84,288" step="2"/><V41/><F50/><W94/><G48/><N who="0" m="28695" /><D122/><U20/><E20/><V127/><F22/><W71/><G37/><T53/><D33/><U70/><E70/><V88/><F127/><W67/><G71/><T42/><D25/><U8/><E8/><V3/><F3/><W57/><G69/><T10/><D10/><U109/><E109/><V28/><F21/><W39/><G39/><T114/><D114/><U30/><E30/><V105/><F28/><W81/><G36/><T107/><D42/><U63/><E63/><V4/><F41/><W15/><G15/><T17/><D17/><U27/><E27/><V18/><F18/><W124/><G124/><T54/><D119/><U130/><E130/><V19/><F128/><W78/><G12/><T99/><D117/><U45/><E45/><V65/><F129/><W64/><G47/><T103/><D135/><U101/><E101/><V34/><F34/><W32/><G100/><N who="0" m="60431" /><D134/><U38/><E38/><V40/><F40/><W29/><G29/><T26/><D26/><U95/><E95/><V121/><F121/><W43/><G43/><T1/><D1/><RYUUKYOKU ba="2,1" sc="238,15,380,15,84,-15,288,-15" hai0="53,54,90,91,99,103,107" hai1="5,7,55,58,59,60,61,76,80,85,92,98,102" /><INIT seed="5,3,1,3,1,109" ten="253,395,69,273" oya="1" hai0="57,71,9,84,4,126,94,26,11,55,118,54,33" hai1="45,3,128,16,115,28,89,2,18,76,62,25,17" hai2="64,87,93,77,96,80,1,23,58,73,131,113,127" hai3="75,111,98,97,85,20,36,121,74,124,92,125,81"/><U120/><E76/><V101/><F1/><W42/><G111/><T114/><D71/><U90/><E120/><V19/><F127/><N who="3" m="48715" /><G121/><T52/><D126/><U86/><E128/><V24/><F131/><W67/><G67/><T38/><D38/><U110/><E110/><V104/><F73/><N who="3" m="27659" /><G20/><T105/><D105/><U61/><E45/><V103/><F104/><W44/><G92/><T59/><D118/><U122/><E122/><V117/><F117/><W60/><G60/><T39/><D39/><U106/><E106/><V31/><F31/><W48/><G36/><T119/><D119/><U12/><E12/><V21/><F21/><W41/><G42/><T130/><D130/><U53/><E2/><V134/><F134/><W13/><G13/><T123/><D123/><U129/><E3/><V49/><F103/><W8/><G8/><T66/><D66/><U40/><E40/><V99/><F99/><W10/><G10/><T14/><D11/><U0/><E0/><V6/><F6/><W7/><G7/><T15/><D15/><U29/><E129/><V100/><F100/><W88/><AGARI ba="3,1" hai="41,44,48,81,85,88,97,98" m="27659,48715" machi="88" ten="30,2000,0" yaku="18,1,54,1" doraHai="109" who="3" fromWho="3" sc="253,-8,395,-13,69,-8,273,39" /><INIT seed="6,0,0,3,5,127" ten="245,382,61,312" oya="2" hai0="116,113,96,93,70,43,29,131,87,20,94,101,21" hai1="23,57,75,31,135,60,132,10,22,46,11,40,99" hai2="63,84,71,25,103,90,123,89,4,104,115,109,91" hai3="37,125,112,15,39,45,30,81,108,72,126,65,110"/><V38/><F123/><W2/><G2/><T13/><D70/><U5/><E75/><V53/><F38/><N who="3" m="14347" /><G45/><T12/><D113/><U26/><E23/><V124/><F115/><W35/><G112/><T32/><D43/><U17/><E99/><V105/><F124/><N who="3" m="47723" /><G15/><T92/><D116/><U129/><E31/><V8/><F109/><W1/><G1/><T102/><D32/><U19/><E19/><V18/><F103/><W41/><G41/><T42/><D42/><U122/><E122/><V78/><F78/><N who="3" m="44231" /><G65/><T56/><D56/><U6/><E46/><V85/><F25/><AGARI ba="0,0" hai="25,30,35,108,110" m="44231,47723,14347" machi="25" ten="30,2000,0" yaku="18,1,23,1" doraHai="127" who="3" fromWho="2" sc="245,0,382,0,61,-20,312,20" /><INIT seed="7,0,0,2,0,71" ten="245,382,41,332" oya="3" hai0="55,1,39,78,129,88,122,94,36,56,16,134,126" hai1="37,40,118,114,125,105,49,12,102,10,29,119,85" hai2="11,127,82,50,108,113,61,43,90,101,30,112,32" hai3="130,62,52,123,104,64,13,53,48,14,5,95,76"/><W17/><G104/><T111/><D111/><U42/><E37/><V70/><F108/><W20/><G123/><T7/><D122/><U116/><E114/><V35/><F101/><W63/><G130/><T96/><D126/><U74/><E74/><V91/><F127/><W97/><G76/><T44/><D129/><U106/><E125/><V18/><F82/><W26/><G53/><T54/><D134/><U41/><E29/><V8/><F30/><W81/><G81/><T31/><D31/><U15/><E85/><V34/><F61/><N who="3" m="23051" /><G5/><T120/><D120/><U27/><E27/><V121/><F121/><W131/><G64/><T38/><D78/><U6/><E102/><V87/><F87/><W86/><G86/><T2/><D44/><N who="1" m="25751" /><E15/><V25/><F70/><W0/><G0/><T128/><D128/><U103/><E106/><V84/><F84/><W9/><G9/><T100/><D100/><U47/><E47/><V124/><F124/><W98/><G131/><T33/><D33/><U22/><E22/><V59/><F112/><W60/><N who="3" m="23059" /><W19/><DORA hai="117" /><G19/><T75/><D75/><U80/><E80/><V83/><F113/><W135/><G135/><T109/><D109/><U69/><E69/><V58/><F83/><W57/><G98/><AGARI ba="0,0" hai="6,10,12,40,41,98,103,105,116,118,119" m="25751" machi="98" ten="30,1000,0" yaku="12,1" doraHai="71,117" who="1" fromWho="3" sc="245,0,382,10,41,0,332,-10" owari="245,-15.0,392,49.0,41,-46.0,322,12.0" /></mjloggm>