<mjloggm ver="2.3"><GO type="169" lobby="0"/><UN n0="%6D%73%69%67%65%72%75" n1="%E3%83%99%E3%83%AB%E3%81%A0%E3%81%91%E8%A8%AD%E5%AE%9A%EF%BC%96" n2="%E3%82%B7%E3%83%A7%E3%83%BC%E3%83%9E" n3="%6D%69%6C%6C%72%65%65%66" dan="16,17,16,17" rate="2049.74,2141.04,2115.17,2176.93" sx="M,M,M,M"/><TAIKYOKU oya="0"/><INIT seed="0,0,0,2,3,132" ten="250,250,250,250" oya="0" hai0="68,42,110,44,121,37,16,29,46,117,127,36,6" hai1="62,70,112,18,82,77,92,22,108,85,43,125,94" hai2="122,74,47,61,15,30,131,69,105,71,97,120,66" hai3="109,130,31,0,73,103,3,11,89,4,45,21,58"/><T118/><D121/><U12/><E108/><V96/><F74/><W126/><G73/><T14/><D6/><U99/><E112/><V65/><F30/><W95/><G103/><T24/><D68/><U80/><E43/><V49/><F15/><W63/><G109/><T9/><D110/><U7/><E7/><V107/><F49/><W83/><G83/><T134/><D134/><U48/><E48/><V123/><F47/><W101/><G101/><T39/><D127/><U128/><E128/><V40/><F40/><W88/><G130/><T79/><D79/><U50/><E50/><V114/><F114/><W64/><G45/><T34/><REACH who="0" step="1"/><D44/><REACH who="0" ten="240,250,250,250" step="2"/><U55/><E125/><V91/><F131/><W115/><G126/><T90/><D90/><U104/><E70/><V19/><F91/><W28/><G115/><T81/><D81/><U10/><E82/><V78/><F78/><W133/><G89/><T41/><D41/><U72/><E80/><V57/><F71/><W26/><G133/><T25/><D25/><U20/><E77/><V113/><F69/><W76/><G76/><T17/><D17/><U51/><E18/><V32/><F19/><W53/><G31/><T102/><D102/><U8/><E72/><V135/><F113/><W33/><G3/><T27/><D27/><U52/><E12/><V98/><F135/><W75/><G75/><T59/><D59/><U54/><E104/><V23/><F105/><W119/><G0/><T84/><D84/><U35/><E85/><V129/><F107/><W5/><G5/><T111/><D111/><U56/><E56/><RYUUKYOKU ba="0,1" sc="240,30,250,-10,250,-10,250,-10" hai0="9,14,16,24,29,34,36,37,39,42,46,117,118" /><INIT seed="0,1,1,3,3,104" ten="270,240,240,240" oya="0" hai0="82,77,32,83,58,54,129,48,49,87,1,114,115" hai1="62,51,72,120,85,15,7,27,59,38,20,88,39" hai2="24,118,128,4,53,17,42,80,25,98,124,84,12" hai3="34,61,33,134,14,78,23,55,37,108,86,41,100"/><T67/><D32/><U76/><E120/><V28/><F124/><W125/><G100/><T0/><D129/><U66/><E7/><V79/><F128/><W95/><G125/><T63/><D48/><U43/><E15/><V45/><F118/><W106/><G106/><T96/><D96/><U18/><E51/><V97/><F53/><W50/><G61/><T65/><D65/><U99/><E99/><V110/><F110/><W132/><G108/><T112/><REACH who="0" step="1"/><D83/><REACH who="0" ten="260,240,240,240" step="2"/><U113/><E39/><V105/><F97/><W127/><G34/><T8/><D8/><U123/><E38/><V91/><F105/><W71/><G33/><T11/><D11/><U73/><E113/><V26/><F98/><W19/><G37/><T74/><D74/><U81/><E123/><V68/><F80/><W116/><G50/><T52/><D52/><U126/><E126/><V60/><F28/><W44/><G55/><T109/><D109/><U10/><E10/><V16/><F60/><W94/><G127/><T30/><D30/><U89/><E43/><V2/><F68/><AGARI ba="1,2" hai="0,1,49,54,58,63,67,68,77,82,87,112,114,115" machi="68" ten="40,2000,0" yaku="1,1,53,0" doraHai="104" doraHaiUra="103" who="0" fromWho="2" sc="260,43,240,0,240,-23,240,0" /><INIT seed="0,2,0,5,0,121" ten="303,240,217,240" oya="0" hai0="28,124,29,116,122,63,0,27,130,50,95,90,9" hai1="114,91,19,88,3,94,4,113,26,79,100,7,80" hai2="49,109,89,75,23,20,119,126,115,106,48,62,57" hai3="13,24,78,39,102,99,22,34,54,58,35,15,59"/><T1/><D122/><U96/><E3/><V127/><F115/><N who="1" m="44041" /><E19/><V112/><F112/><W85/><G39/><T40/><D130/><U76/><E26/><V52/><F75/><W73/><G73/><T67/><D116/><U134/><E7/><V18/><F106/><W36/><G36/><T103/><D124/><N who="2" m="47658" /><F119/><W133/><G133/><T33/><D103/><U44/><E4/><V65/><F89/><N who="1" m="34377" /><E44/><N who="2" m="27655" /><F49/><N who="3" m="31055" /><G59/><T25/><D50/><U64/><E64/><V10/><F10/><W42/><G42/><T11/><D40/><U21/><E21/><N who="2" m="8267" /><F18/><N who="3" m="12375" /><G34/><T82/><D11/><U43/><E43/><V97/><F97/><W31/><G35/><T70/><D9/><U68/><E68/><V71/><F71/><W38/><G31/><T123/><D123/><U5/><E5/><V101/><F101/><W104/><G38/><T2/><D2/><U60/><E60/><V53/><F65/><W61/><G61/><T74/><D29/><U30/><E30/><V72/><F72/><W118/><G118/><T12/><D25/><U32/><E32/><V55/><F55/><W108/><G13/><T6/><D12/><U129/><E134/><V92/><F92/><W45/><G15/><T69/><D69/><U132/><E132/><V93/><F93/><W56/><G45/><T66/><D66/><U98/><E129/><V47/><F47/><W51/><G56/><T84/><D6/><U120/><E120/><V17/><F17/><W37/><G37/><T131/><D131/><U14/><E14/><V128/><F128/><W111/><G51/><T8/><D8/><U87/><E98/><RYUUKYOKU ba="2,0" sc="303,0,240,0,217,0,240,0" hai0="0,1,27,28,33,63,67,70,74,82,84,90,95" hai1="76,79,80,87,94,96,100" hai2="53,57,62,109" hai3="78,85,99,102,104,108,111" /><INIT seed="0,3,0,0,3,99" ten="303,240,217,240" oya="0" hai0="20,104,120,36,50,44,38,87,22,81,86,65,78" hai1="73,4,84,47,67,62,114,95,59,96,75,12,111" hai2="91,45,41,15,7,24,107,130,39,77,40,63,31" hai3="106,18,109,51,27,127,88,26,70,42,64,123,108"/><T94/><D104/><U117/><E117/><V49/><F107/><W35/><G123/><T116/><D116/><U25/><E111/><N who="3" m="42570" /><G106/><T71/><D120/><U37/><E114/><V11/><F130/><W28/><G127/><T92/><D38/><U132/><E132/><V105/><F105/><W126/><G126/><T66/><D36/><U21/><E84/><V83/><F91/><W55/><G42/><T46/><D71/><U129/><E129/><V56/><F39/><W57/><G70/><T98/><D86/><U5/><E37/><V79/><F40/><W30/><G64/><N who="0" m="24683" /><D94/><U131/><E47/><N who="0" m="17961" /><D50/><U43/><E43/><V113/><F113/><W32/><G18/><T97/><D97/><U125/><E131/><V101/><F77/><W19/><G19/><T103/><AGARI ba="3,0" hai="20,22,78,81,87,92,98,103" m="17961,24683" machi="103" ten="30,3000,0" yaku="8,1,52,1" doraHai="99" who="0" fromWho="0" sc="303,39,240,-13,217,-13,240,-13" /><INIT seed="0,4,0,3,0,71" ten="342,227,204,227" oya="0" hai0="55,14,83,31,1,73,109,102,58,2,106,75,24" hai1="131,32,89,63,51,41,49,42,91,133,107,11,121" hai2="60,10,115,125,126,50,40,61,57,82,62,100,116" hai3="70,112,19,25,38,28,17,64,9,113,15,26,95"/><T36/><D106/><U59/><E121/><V88/><F100/><W85/><G70/><T86/><D102/><U74/><E32/><V3/><F115/><W117/><G64/><T129/><D14/><U27/><E107/><V104/><F104/><W92/><G117/><T110/><D129/><U108/><E74/><V130/><F3/><W43/><G19/><T134/><D134/><U135/><E108/><N who="0" m="41577" /><D2/><U29/><E11/><V94/><F10/><W12/><G12/><T20/><D1/><U45/><E131/><V37/><F82/><W90/><G26/><T120/><D36/><U34/><E135/><V47/><F130/><W30/><G95/><T101/><D101/><U39/><E133/><V97/><F116/><W119/><G119/><T127/><D127/><N who="2" m="48650" /><F50/><W72/><G72/><T124/><D124/><U44/><REACH who="1" step="1"/><E51/><REACH who="1" ten="342,217,204,227" step="2"/><V7/><F7/><W77/><G113/><T5/><D5/><U35/><E35/><V123/><F123/><W56/><G112/><T46/><D120/><U118/><E118/><V22/><F22/><W48/><G48/><N who="0" m="31079" /><D46/><U76/><E76/><AGARI ba="4,1" hai="20,24,31,73,75,76,83,86" m="31079,41577" machi="76" ten="30,2900,0" yaku="14,1,10,1" doraHai="71" who="0" fromWho="1" sc="342,51,217,-41,204,0,227,0" /><INIT seed="0,5,0,5,5,123" ten="393,176,204,227" oya="0" hai0="12,77,45,26,72,4,28,30,79,116,37,131,14" hai1="130,24,71,44,60,78,75,53,50,118,96,69,56" hai2="21,34,125,58,32,89,134,42,111,64,36,115,7" hai3="112,103,85,106,126,15,88,95,5,121,1,90,98"/><T20/><D116/><U129/><E118/><V57/><F115/><W39/><G1/><T19/><D131/><N who="1" m="50187" /><E75/><V0/><F0/><W127/><G39/><T23/><D72/><U31/><E78/><V51/><F7/><W84/><G5/><T11/><D37/><U91/><E91/><V61/><F36/><W33/><G33/><T114/><D114/><U9/><E9/><V67/><F134/><W48/><G15/><T3/><D45/><U49/><E96/><V2/><F2/><W124/><G48/><N who="1" m="18538" /><E44/><V16/><F125/><W46/><G46/><T52/><D77/><U70/><E24/><V74/><F74/><W109/><G112/><T113/><D79/><U81/><E81/><V82/><F42/><W25/><G25/><N who="0" m="16447" /><D113/><U100/><E31/><V17/><F82/><N who="3" m="49175" /><G121/><T55/><D3/><U73/><E73/><V97/><F89/><W47/><G47/><T107/><D107/><U133/><E100/><V43/><F97/><W27/><G27/><T104/><D104/><U135/><AGARI ba="5,0" hai="53,56,60,69,70,71,133,135" m="18538,50187" machi="135" ten="40,5200,0" yaku="19,1,34,2" doraHai="123" who="1" fromWho="1" sc="393,-31,176,67,204,-18,227,-18" /><INIT seed="1,0,0,5,1,82" ten="362,243,186,209" oya="1" hai0="16,58,120,31,47,86,126,121,111,64,75,105,38" hai1="74,34,11,91,36,107,135,48,40,130,115,70,59" hai2="51,10,72,81,102,128,13,122,89,50,23,63,73" hai3="14,131,45,7,85,68,78,118,101,87,98,99,29"/><U79/><E34/><V3/><F122/><W26/><G68/><T125/><D75/><U104/><E115/><V52/><F3/><W112/><G112/><T114/><D105/><U5/><E70/><V55/><F72/><W93/><G78/><T88/><D31/><U90/><E130/><V96/><F128/><W119/><G131/><T54/><D111/><U43/><E135/><V109/><F23/><N who="3" m="15583" /><G45/><T28/><D28/><U97/><E48/><V132/><F132/><W1/><G1/><T39/><D114/><U67/><E59/><V106/><F109/><W69/><G69/><T42/><D38/><U83/><E67/><V41/><F41/><W15/><G99/><T21/><D64/><U46/><E43/><V76/><F89/><W71/><G71/><T44/><D44/><U0/><REACH who="1" step="1"/><E104/><REACH who="1" ten="362,233,186,209" step="2"/><V57/><REACH who="2" step="1"/><F55/><REACH who="2" ten="362,233,176,209" step="2"/><W4/><G119/><T22/><D120/><U94/><E94/><V12/><F12/><N who="3" m="4651" /><G118/><T60/><D121/><U9/><E9/><V32/><F32/><W20/><G20/><T113/><D113/><U24/><E24/><V2/><F2/><W129/><G129/><T77/><D22/><U35/><E35/><V49/><F49/><W84/><AGARI ba="0,2" hai="4,7,84,85,87,93,98,101" m="4651,15583" machi="84" ten="30,7900,0" yaku="8,1,52,3" doraHai="82" who="3" fromWho="3" sc="362,-20,233,-39,176,-20,209,99" /><INIT seed="2,0,0,5,3,39" ten="342,194,156,308" oya="2" hai0="67,121,122,37,88,24,51,25,100,132,109,1,41" hai1="123,5,119,11,36,44,9,7,102,107,15,34,124" hai2="46,97,29,72,80,60,135,50,17,115,69,91,112" hai3="33,83,78,54,18,55,129,31,125,95,116,45,75"/><V49/><F29/><W92/><G116/><T71/><D37/><U4/><E107/><V2/><F2/><W32/><G129/><T103/><D1/><U56/><E102/><V104/><F49/><W42/><G125/><T98/><D67/><U40/><E119/><V130/><F130/><W62/><G31/><T27/><D71/><U99/><E99/><V76/><F17/><W47/><G95/><N who="0" m="56679" /><D109/><U82/><E124/><V66/><F135/><W111/><G111/><T59/><D132/><U70/><E70/><V35/><F35/><W128/><G128/><T84/><D122/><U113/><E113/><V3/><F3/><W126/><G126/><T43/><D121/><U65/><E123/><V127/><F127/><W90/><G47/><T96/><D84/><U85/><E34/><V28/><F28/><W0/><G0/><T52/><D96/><U20/><E20/><V13/><F13/><W86/><G18/><T30/><D30/><U23/><E23/><V133/><F133/><W73/><G73/><T114/><D114/><U6/><E65/><V48/><F48/><W131/><G131/><T81/><D81/><U14/><REACH who="1" step="1"/><E56/><REACH who="1" ten="342,184,156,308" step="2"/><V16/><F104/><W8/><G33/><T61/><D100/><U19/><E19/><V94/><REACH who="2" step="1"/><F16/><REACH who="2" ten="342,184,146,308" step="2"/><W38/><G32/><T12/><D12/><U79/><AGARI ba="0,2" hai="4,5,6,7,9,11,14,15,36,40,44,79,82,85" machi="79" ten="20,8000,1" yaku="1,1,0,1,7,1,9,1,52,1,53,0" doraHai="39" doraHaiUra="118" who="1" fromWho="1" sc="342,-20,184,100,146,-40,308,-20" /><INIT seed="3,0,0,0,0,79" ten="322,284,106,288" oya="3" hai0="15,4,47,5,9,36,29,78,64,122,12,34,92" hai1="66,51,60,80,7,129,26,27,130,106,6,95,97" hai2="111,53,42,98,94,72,37,120,108,52,59,135,104" hai3="63,24,44,109,65,116,67,45,99,86,118,33,16"/><W90/><G109/><N who="2" m="42057" /><F104/><W107/><G67/><T127/><D122/><U105/><E51/><N who="2" m="31135" /><F120/><W43/><G116/><T71/><D127/><U121/><E121/><V103/><F37/><W124/><G124/><T56/><D71/><U35/><E80/><V23/><F42/><W76/><G76/><T70/><D70/><U75/><E75/><V123/><F123/><W133/><G118/><T21/><D78/><U30/><E27/><V31/><F72/><W3/><G3/><T68/><D68/><N who="1" m="42055" /><E95/><V13/><F53/><W100/><G43/><T22/><D36/><U32/><E32/><V134/><F13/><W112/><G112/><T28/><D34/><U8/><E105/><V93/><F93/><W110/><G110/><T115/><D92/><U89/><E89/><V58/><F58/><W1/><G1/><T82/><D56/><U81/><E106/><V17/><F17/><W38/><G38/><T132/><D115/><U48/><E48/><V49/><F49/><W83/><G33/><T88/><D15/><U126/><E35/><V46/><F46/><W55/><G55/><T69/><D47/><U41/><E41/><V61/><F61/><W114/><G114/><T57/><D12/><U73/><E73/><V128/><F128/><W101/><G101/><T96/><D57/><U117/><E126/><V102/><F102/><W14/><G24/><AGARI ba="0,0" hai="23,24,31,94,98,103,134,135" m="31135,42057" machi="24" ten="30,2000,0" yaku="14,1,54,1" doraHai="79" who="2" fromWho="3" sc="322,0,284,0,106,20,288,-20" /><INIT seed="4,0,0,5,1,116" ten="322,284,126,268" oya="0" hai0="132,112,10,42,5,57,35,52,17,8,131,81,108" hai1="93,121,113,19,45,62,3,65,4,43,49,74,111" hai2="30,36,133,102,63,27,23,135,122,46,41,40,69" hai3="26,98,13,120,14,79,18,95,91,2,53,1,58"/><T119/><D119/><U105/><E111/><V22/><F102/><W78/><G2/><T6/><D35/><U125/><E105/><V94/><F94/><W90/><G1/><T39/><D108/><U85/><E74/><V99/><F99/><W72/><G72/><T86/><D112/><U101/><E125/><V37/><F22/><N who="3" m="13655" /><G120/><T55/><D131/><U129/><E129/><V9/><F9/><N who="0" m="3690" /><D132/><N who="2" m="50762" /><F69/><W0/><G0/><T115/><D115/><U109/><E19/><V124/><F63/><N who="3" m="36303" /><G91/><N who="0" m="51663" /><D39/><N who="2" m="14922" /><F124/><W29/><G29/><T123/><D123/><U20/><E121/><V47/><F122/><W84/><G84/><T82/><D42/><AGARI ba="0,0" hai="23,27,30,40,41,42,46,47" m="14922,50762" machi="42" ten="30,1000,0" yaku="20,1" doraHai="116" who="2" fromWho="0" sc="322,-10,284,0,126,10,268,0" /><INIT seed="5,0,0,3,2,17" ten="312,284,136,268" oya="1" hai0="52,130,10,2,75,91,65,29,13,58,107,20,87" hai1="88,15,69,68,18,101,8,21,120,64,51,82,55" hai2="3,35,4,60,81,89,121,19,59,86,110,105,100" hai3="128,46,116,111,11,79,119,41,44,66,39,30,56"/><U57/><E120/><V108/><F121/><W129/><G79/><T85/><D75/><U40/><E101/><V98/><F35/><W34/><G34/><T32/><D107/><U134/><E134/><V31/><F31/><W70/><G30/><T90/><D130/><N who="3" m="50281" /><G11/><T16/><D65/><U27/><E40/><V45/><F4/><W80/><G80/><T99/><D32/><U5/><REACH who="1" step="1"/><E64/><REACH who="1" ten="312,274,136,268" step="2"/><V133/><F133/><W113/><G111/><T76/><D76/><U97/><E97/><V24/><F108/><W28/><G116/><T125/><D99/><U112/><E112/><V114/><F110/><W72/><G119/><T94/><D91/><U93/><E93/><V12/><F114/><W135/><G113/><T33/><D125/><U73/><E73/><V78/><F105/><W63/><G72/><T23/><D90/><U67/><E67/><V124/><F124/><W126/><G126/><T49/><D94/><U61/><E61/><V47/><F89/><W109/><G109/><T36/><D87/><AGARI ba="0,1" hai="5,8,15,18,21,27,51,55,57,68,69,82,87,88" machi="87" ten="40,7700,0" yaku="1,1,52,1,54,1,53,0" doraHai="17" doraHaiUra="122" who="1" fromWho="0" sc="312,-77,274,87,136,0,268,0" /><INIT seed="5,1,0,0,2,57" ten="235,361,136,268" oya="1" hai0="54,104,11,74,5,34,21,56,105,78,88,108,93" hai1="94,130,66,107,83,41,20,121,86,0,99,15,24" hai2="81,46,109,106,6,10,37,50,31,4,131,13,73" hai3="98,26,61,17,117,23,38,135,123,60,35,110,42"/><U7/><E121/><V55/><F109/><W30/><G110/><T2/><D34/><U90/><E0/><V43/><F106/><W127/><G123/><T51/><D108/><U9/><E130/><V18/><F131/><W52/><G135/><T58/><D74/><U134/><E134/><V85/><F73/><W65/><G127/><T77/><D104/><U102/><E41/><V67/><F31/><W12/><G117/><T29/><D105/><U133/><E133/><V89/><REACH who="2" step="1"/><F67/><REACH who="2" ten="235,361,126,268" step="2"/><W39/><G65/><T75/><D75/><U132/><E132/><V47/><AGARI ba="1,1" hai="4,6,10,13,18,37,43,46,47,50,55,81,85,89" machi="47" ten="20,12000,2" yaku="1,1,2,1,0,1,7,1,25,2,53,0" doraHai="57" doraHaiUra="118" who="2" fromWho="2" sc="235,-31,361,-61,126,133,268,-31" /><INIT seed="6,0,0,4,3,6" ten="204,300,259,237" oya="2" hai0="35,117,123,133,19,9,129,39,40,89,12,22,26" hai1="62,30,87,111,112,5,109,108,66,79,107,128,53" hai2="17,54,68,105,97,67,118,58,55,11,100,99,83" hai3="15,36,49,56,29,131,77,127,78,70,82,64,75"/><V69/><F118/><W72/><G36/><T33/><D123/><U63/><E107/><V23/><F67/><W114/><G70/><T74/><D74/><U27/><E112/><V92/><F83/><W124/><G114/><T48/><D39/><U7/><E128/><V0/><F54/><N who="3" m="31823" /><G131/><T24/><D129/><U98/><E53/><V104/><F104/><W76/><G64/><T106/><D106/><U31/><E98/><V59/><F59/><W21/><G82/><T16/><D117/><U18/><E18/><V96/><F96/><W130/><G130/><T113/><D113/><U50/><E66/><V119/><F119/><W103/><G103/><T116/><D116/><U126/><E111/><V38/><F38/><W3/><G3/><T93/><D133/><U42/><E109/><V2/><F2/><W85/><G85/><T1/><D26/><U71/><E27/><V61/><F0/><W51/><G51/><T8/><D1/><U46/><E87/><V45/><F68/><W125/><G29/><T132/><D132/><U101/><E31/><V94/><F69/><W110/><G110/><T60/><D60/><U43/><E30/><V41/><F99/><W134/><G134/><T20/><D35/><U14/><E63/><V86/><F86/><W84/><G84/><N who="0" m="52391" /><D33/><U81/><E62/><V90/><F105/><W13/><G13/><T120/><D120/><U73/><E14/><N who="2" m="7391" /><F100/><W44/><G44/><AGARI ba="0,0" hai="8,9,12,16,19,20,22,24,40,44,48" m="52391" machi="44" ten="30,7700,0" yaku="8,1,52,2,54,1" doraHai="6" who="0" fromWho="3" sc="204,77,300,0,259,0,237,-77" /><INIT seed="7,0,0,3,5,37" ten="281,300,259,160" oya="3" hai0="8,29,106,23,57,56,120,49,41,36,99,80,4" hai1="17,11,73,124,18,108,92,107,0,119,129,19,105" hai2="46,30,66,48,126,133,101,7,10,104,85,71,44" hai3="35,13,127,118,103,15,69,12,21,70,38,58,28"/><W89/><G38/><T135/><D135/><U96/><E108/><V74/><F74/><W31/><G103/><T83/><D120/><U61/><E73/><V116/><F116/><W87/><G118/><T88/><D36/><U115/><E119/><V45/><F133/><W14/><N who="3" m="3072" /><DORA hai="84" /><W2/><G2/><T94/><D106/><U109/><E109/><V130/><F30/><W112/><G35/><T76/><D8/><U5/><E115/><V134/><F134/><W20/><G112/><T51/><D4/><U64/><E129/><V24/><F24/><W123/><G123/><T132/><D132/><U6/><E6/><V122/><F122/><W97/><G97/><T67/><D76/><U59/><E124/><V53/><F126/><W43/><G127/><T82/><D67/><U40/><E40/><V26/><F26/><W110/><G110/><T111/><D111/><U121/><E121/><V62/><F130/><W125/><G125/><T3/><D3/><U79/><E79/><V78/><F10/><W50/><G70/><T9/><D9/><U91/><AGARI ba="0,0" hai="0,5,11,17,18,19,59,61,64,91,92,96,105,107" machi="91" ten="30,2000,0" yaku="0,1,52,1" doraHai="37,84" who="1" fromWho="1" sc="281,-5,300,20,259,-5,160,-10" owari="276,8.0,320,42.0,254,-15.0,150,-35.0" /></mjloggm>