<mjloggm ver="2.3"><GO type="169" lobby="0"/><UN n0="%70%69%2D%70%6F" n1="%E5%B0%8F%E6%B1%A0%E5%BE%B9%E5%B9%B3" n2="%E3%82%AB%E3%83%A9%E3%82%B9%E3%81%AE%E5%AD%90" n3="%E6%98%B4%EF%BC%88%EF%BC%92%EF%BC%91%EF%BC%89" dan="16,18,16,16" rate="2102.02,2187.64,2100.86,2079.98" sx="M,M,M,M"/><TAIKYOKU oya="0"/><INIT seed="0,0,0,0,5,78" ten="250,250,250,250" oya="0" hai0="83,113,110,105,11,90,126,87,27,33,116,125,69" hai1="92,101,77,59,66,108,79,18,29,115,2,57,121" hai2="129,47,65,15,17,23,118,72,112,12,107,3,95" hai3="64,58,133,22,104,71,81,51,103,7,16,50,85"/><T37/><D116/><U102/><E121/><V25/><F112/><W52/><G133/><T4/><D113/><U100/><E115/><V106/><F3/><W128/><G128/><T131/><D131/><U94/><E2/><V62/><F129/><W24/><G71/><T10/><D69/><U124/><E108/><V68/><F118/><W55/><G64/><T43/><D105/><U86/><E29/><V56/><F72/><W127/><G127/><N who="0" m="48651" /><D110/><U82/><E124/><V97/><F47/><W120/><G120/><T132/><D132/><U8/><E79/><V1/><F1/><W98/><G7/><T32/><D27/><U0/><E0/><V114/><F114/><W99/><G103/><T26/><D26/><U88/><E92/><V54/><F106/><W45/><G104/><T123/><D123/><U93/><E93/><V134/><F107/><W39/><G39/><T75/><D75/><U60/><E59/><V20/><F134/><W44/><G58/><T67/><D67/><U109/><E109/><V89/><REACH who="2" step="1"/><F20/><REACH who="2" ten="250,250,240,250" step="2"/><W19/><G19/><T36/><D33/><U111/><E111/><V135/><F135/><W28/><G28/><T30/><D4/><U63/><E18/><V5/><F5/><W38/><G38/><N who="0" m="14955" /><D43/><U21/><E21/><V80/><F80/><W74/><G74/><T9/><D30/><U70/><E82/><V46/><F46/><W41/><G41/><T34/><AGARI ba="0,1" hai="9,10,11,32,34,83,87,90" m="14955,48651" machi="34" ten="40,3900,0" yaku="18,1,52,1" doraHai="78" who="0" fromWho="0" sc="250,49,250,-13,240,-13,250,-13" /><INIT seed="0,1,0,1,2,104" ten="299,237,227,237" oya="0" hai0="42,55,76,87,112,132,66,68,12,39,62,94,29" hai1="40,0,19,101,73,82,20,56,113,105,34,35,63" hai2="109,4,88,121,133,122,7,78,15,79,127,85,131" hai3="91,41,32,18,86,16,135,74,27,17,107,95,116"/><T67/><D112/><U120/><E120/><V99/><F109/><W130/><G116/><T47/><D132/><U10/><E113/><V36/><F133/><W100/><G135/><T128/><D128/><U110/><E110/><V14/><F131/><W2/><G130/><T3/><D3/><U102/><E40/><V8/><F36/><W51/><G2/><T11/><D67/><U117/><E117/><V123/><F127/><W49/><G74/><T52/><D29/><U71/><E71/><V69/><F69/><W44/><G51/><T64/><D64/><U93/><E105/><V22/><F99/><W125/><G125/><T9/><D9/><U90/><E10/><V26/><F14/><W96/><REACH who="3" step="1"/><G32/><REACH who="3" ten="299,237,227,227" step="2"/><T72/><D72/><U54/><E34/><V111/><F111/><W60/><G60/><T1/><D1/><U33/><E35/><V124/><F124/><W13/><G13/><T70/><D70/><U129/><E33/><V77/><F4/><W21/><AGARI ba="1,1" hai="16,17,18,21,27,41,44,49,86,91,95,96,100,107" machi="21" ten="30,4000,0" yaku="1,1,0,1,54,1,53,0" doraHai="104" doraHaiUra="24" who="3" fromWho="3" sc="299,-21,237,-11,227,-11,227,53" /><INIT seed="1,0,0,4,0,89" ten="278,226,216,280" oya="1" hai0="58,83,22,21,57,28,29,103,90,41,37,9,127" hai1="124,34,128,53,11,66,88,79,82,63,39,99,6" hai2="17,60,94,95,59,123,117,13,129,71,72,8,32" hai3="30,69,93,113,112,56,77,51,97,131,2,49,43"/><U85/><E128/><V106/><F123/><W20/><G69/><T33/><D33/><U91/><E124/><V68/><F117/><W86/><G2/><T52/><D127/><U38/><E34/><V10/><F32/><W55/><G131/><T50/><D103/><U96/><E53/><N who="2" m="33903" /><F72/><W62/><G43/><T31/><D57/><U44/><E99/><V54/><F106/><W76/><G113/><T0/><D0/><U24/><E24/><V114/><F71/><W23/><G112/><T115/><D115/><U122/><E122/><V104/><F68/><W116/><G116/><T25/><D9/><U16/><E44/><V70/><F70/><W92/><G97/><T121/><D121/><U64/><E63/><V42/><F104/><W118/><G118/><T109/><D109/><U65/><E16/><V14/><F129/><W134/><G134/><T48/><D37/><U87/><E96/><V3/><F3/><W15/><G62/><T5/><D5/><U80/><REACH who="1" step="1"/><E79/><REACH who="1" ten="278,216,216,280" step="2"/><V27/><F114/><W102/><G77/><T126/><D126/><U81/><E81/><V67/><F27/><W125/><G76/><T47/><D25/><U130/><E130/><V107/><F67/><W74/><G55/><T45/><D45/><U108/><E108/><V40/><F54/><W101/><G125/><T135/><D135/><U78/><E78/><V120/><F120/><W119/><G119/><T12/><D83/><U133/><E133/><V105/><F105/><W73/><G73/><T19/><D90/><U46/><E46/><V35/><F107/><W1/><G74/><RYUUKYOKU ba="0,1" sc="278,15,216,15,216,-15,280,-15" hai0="12,19,21,22,28,29,31,41,47,48,50,52,58" hai1="6,11,38,39,64,65,66,80,82,85,87,88,91" /><INIT seed="1,1,1,5,2,67" ten="293,231,201,265" oya="1" hai0="94,3,75,88,113,35,41,62,49,22,96,31,119" hai1="114,5,71,64,54,21,87,28,29,51,8,37,82" hai2="13,100,36,23,104,126,11,19,18,38,108,26,98" hai3="59,95,27,101,40,42,85,10,107,44,117,39,125"/><U78/><E37/><V106/><F108/><W123/><G117/><T86/><D119/><U79/><E114/><V103/><F126/><W120/><G125/><T83/><D113/><U69/><E78/><V80/><F103/><W9/><G40/><T133/><D133/><U25/><E29/><V2/><F106/><W0/><G10/><T34/><D75/><U115/><E64/><V121/><F121/><W135/><G135/><T30/><D3/><U33/><E33/><N who="0" m="12297" /><D22/><U66/><E66/><V89/><F2/><W17/><G107/><T57/><D49/><U24/><E24/><V116/><F116/><W32/><G59/><T81/><D41/><U131/><E115/><V45/><F45/><W68/><G32/><T55/><D81/><U46/><REACH who="1" step="1"/><E131/><REACH who="1" ten="293,221,201,265" step="2"/><V102/><F38/><W112/><G27/><T84/><D30/><U90/><E90/><V72/><F36/><W12/><G112/><T15/><D88/><U134/><E134/><V92/><F102/><W130/><G130/><T105/><D31/><U124/><E124/><V20/><F100/><W53/><G101/><T77/><D77/><U73/><E73/><V43/><F104/><W14/><G39/><T111/><D105/><U1/><AGARI ba="1,2" hai="1,5,8,21,25,28,46,51,54,69,71,79,82,87" machi="1" ten="20,18000,2" yaku="1,1,0,1,7,1,52,2,53,1" doraHai="67" doraHaiUra="50" who="1" fromWho="1" sc="293,-61,221,203,201,-61,265,-61" /><INIT seed="1,2,0,3,3,30" ten="232,424,140,204" oya="1" hai0="61,125,46,2,41,102,12,100,123,33,25,114,56" hai1="31,91,120,122,119,64,93,106,28,107,68,17,55" hai2="79,111,52,105,53,20,18,19,9,86,35,127,66" hai3="13,48,133,90,43,72,96,37,54,134,22,24,21"/><U11/><E119/><V126/><F105/><W27/><G72/><T5/><D2/><U36/><E36/><V82/><F66/><W38/><G43/><T6/><D114/><U113/><E113/><V32/><F111/><W45/><G13/><T73/><D73/><U78/><E78/><V116/><F9/><W85/><G96/><T74/><D74/><U49/><E64/><V103/><F103/><W44/><G44/><T99/><D125/><N who="2" m="47626" /><F116/><W112/><G112/><T10/><D123/><U63/><E11/><V135/><F19/><W77/><G77/><T42/><D5/><U70/><E17/><V57/><F135/><N who="3" m="51723" /><G22/><T39/><D42/><U4/><E4/><V51/><F53/><W7/><G7/><T84/><D84/><U47/><E55/><V58/><F58/><W87/><G87/><T101/><D99/><U67/><E67/><V81/><F82/><N who="3" m="49463" /><G27/><AGARI ba="2,0" hai="18,20,27,32,35,51,52,57,79,81,86" m="47626" machi="27" ten="30,7700,0" yaku="18,1,52,2,54,1" doraHai="30" who="2" fromWho="3" sc="232,0,424,0,140,83,204,-83" /><INIT seed="2,0,0,1,5,84" ten="232,424,223,121" oya="2" hai0="111,7,120,86,94,45,21,46,100,33,122,50,52" hai1="3,125,74,30,35,10,91,75,4,96,0,47,129" hai2="87,48,119,79,22,41,11,126,130,134,113,17,116" hai3="28,95,69,117,72,114,101,51,103,6,68,107,26"/><V54/><F113/><W58/><G117/><T31/><D33/><U24/><E125/><V118/><F126/><W70/><G114/><T64/><D111/><U78/><E129/><V43/><F130/><W12/><G72/><T62/><D7/><U42/><E0/><V104/><F104/><W109/><G107/><T132/><D132/><U85/><E96/><V123/><F123/><W76/><G109/><T38/><D120/><U89/><E78/><V102/><F102/><W8/><G76/><T37/><D122/><U56/><E56/><V90/><F134/><W93/><G93/><T60/><D46/><U32/><E32/><V57/><F79/><W121/><G121/><T23/><D62/><U127/><E127/><V77/><F11/><W131/><G131/><T135/><D135/><U39/><REACH who="1" step="1"/><E91/><REACH who="1" ten="232,414,223,121" step="2"/><V115/><F77/><W49/><G58/><T34/><D34/><U106/><E106/><V13/><REACH who="2" step="1"/><F115/><REACH who="2" ten="232,414,213,121" step="2"/><W19/><G103/><T1/><D100/><U9/><E9/><V25/><F25/><W65/><G101/><T97/><D1/><U67/><E67/><V92/><AGARI ba="0,2" hai="13,17,22,41,43,48,54,57,87,90,92,116,118,119" machi="92" ten="30,12000,1" yaku="1,1,0,1,25,2,52,1,53,0" doraHai="84" doraHaiUra="128" who="2" fromWho="2" sc="232,-40,414,-40,213,140,121,-40" /><INIT seed="2,1,0,1,4,24" ten="192,374,353,81" oya="2" hai0="70,79,49,68,119,63,108,9,21,1,27,122,75" hai1="102,103,12,74,101,107,35,99,126,30,29,38,82" hai2="118,104,22,57,13,90,61,80,97,47,127,73,40" hai3="28,135,92,72,65,59,93,25,110,105,131,109,112"/><V60/><F118/><W15/><G105/><T34/><D122/><U16/><E38/><V7/><F127/><W53/><G72/><T8/><D119/><U67/><E126/><V3/><F3/><W69/><G112/><T111/><D34/><U89/><E67/><V62/><F57/><W55/><G131/><T121/><D121/><U100/><E35/><V33/><F33/><W18/><G135/><T23/><D75/><U0/><E0/><V58/><F58/><W81/><G81/><T91/><D79/><U19/><E19/><V17/><F7/><W95/><G69/><N who="0" m="26731" /><D63/><U132/><E132/><V54/><F73/><W31/><G65/><T10/><D49/><U37/><E37/><V51/><F104/><W45/><G45/><T50/><D50/><U98/><E98/><V52/><F80/><W128/><G25/><T116/><D116/><U96/><E96/><V123/><F123/><W2/><G2/><T44/><D44/><U26/><E26/><V106/><F106/><W39/><G39/><T84/><D1/><U76/><REACH who="1" step="1"/><E89/><REACH who="1" ten="192,364,353,81" step="2"/><V86/><F97/><W71/><G71/><T115/><D27/><U120/><E120/><V130/><F130/><W134/><G134/><T20/><D115/><U125/><E125/><V87/><F90/><W41/><G128/><T78/><D91/><U133/><E133/><V85/><AGARI ba="1,1" hai="13,17,22,40,47,51,52,54,60,61,62,85,86,87" machi="85" ten="30,6000,0" yaku="0,1,8,1,54,1" doraHai="24" who="2" fromWho="2" sc="192,-21,364,-21,353,73,81,-21" /><INIT seed="2,2,0,1,2,63" ten="171,343,426,60" oya="2" hai0="10,13,98,54,2,108,44,81,66,24,42,75,130" hai1="104,93,23,73,103,117,56,111,116,97,12,1,86" hai2="35,95,133,41,53,64,47,5,80,26,7,115,118" hai3="96,11,107,129,109,125,110,128,77,70,19,59,52"/><V32/><F118/><W106/><G77/><T85/><D75/><U114/><E1/><V55/><F115/><W33/><G33/><T101/><D2/><U43/><E43/><V57/><F133/><W89/><G70/><T132/><D132/><U91/><E114/><V78/><F95/><N who="3" m="56431" /><G125/><T16/><D130/><N who="3" m="50281" /><G19/><T9/><D108/><N who="3" m="41577" /><G11/><T6/><D24/><U90/><E111/><V0/><F26/><W18/><G18/><T112/><D112/><U82/><E23/><V40/><F78/><W83/><G83/><T119/><D119/><U122/><E82/><V69/><F80/><W71/><G71/><T60/><D10/><U21/><E21/><V123/><F69/><W36/><G36/><T49/><D6/><U67/><E116/><V120/><F32/><W31/><G31/><T68/><D81/><U15/><E117/><V25/><F35/><W4/><G4/><T76/><D76/><U72/><E72/><V126/><F0/><W84/><G84/><T61/><D85/><U22/><E73/><V8/><F126/><W45/><G45/><T124/><D124/><U65/><E86/><V100/><F8/><W121/><G121/><T134/><D134/><U94/><E122/><V50/><F25/><W74/><G74/><T79/><D79/><U113/><E113/><V46/><F120/><W14/><G14/><T62/><REACH who="0" step="1"/><D42/><REACH who="0" ten="161,343,426,60" step="2"/><U29/><E12/><V3/><F41/><W88/><G88/><T20/><D20/><U87/><E15/><V48/><F40/><W30/><G30/><T58/><D58/><U127/><E127/><V39/><F123/><RYUUKYOKU ba="2,1" sc="161,15,343,-15,426,-15,60,15" hai0="9,13,16,44,49,54,60,61,62,66,68,98,101" hai3="52,59,106,107" /><INIT seed="3,3,1,5,5,15" ten="176,328,411,75" oya="3" hai0="79,95,25,45,34,105,48,26,42,67,28,68,10" hai1="31,73,49,94,37,83,104,109,70,123,36,50,126" hai2="44,41,96,103,113,21,29,115,23,121,100,114,46" hai3="6,77,90,58,19,22,0,35,66,24,111,106,2"/><W76/><G106/><T119/><D119/><U18/><E104/><V74/><F74/><W125/><G125/><T129/><D129/><U131/><E123/><V47/><F121/><W116/><G116/><T132/><D132/><U82/><E70/><V65/><F41/><W88/><G2/><T78/><D105/><U124/><E31/><V12/><F65/><W17/><G35/><T98/><D25/><U112/><E112/><V101/><F96/><W130/><G130/><T56/><D68/><U5/><E5/><V117/><F29/><W120/><G120/><T1/><D1/><U38/><E131/><V80/><F117/><W86/><G111/><T32/><D32/><U43/><E109/><V81/><F12/><W122/><G122/><T110/><D110/><U59/><E94/><V16/><F16/><N who="3" m="12359" /><G6/><T108/><D108/><U107/><E107/><V102/><N who="2" m="26112" /><DORA hai="127" /><V62/><F62/><N who="3" m="38231" /><G90/><T52/><D10/><U87/><E73/><V54/><F54/><W72/><G0/><T4/><D4/><U71/><E71/><V93/><F93/><N who="3" m="54423" /><G72/><T14/><D67/><U134/><E124/><V60/><F60/><W89/><G89/><T133/><D34/><U85/><E126/><V7/><F7/><W13/><G13/><T8/><D14/><U91/><E91/><V69/><F69/><W84/><G84/><T39/><D39/><U99/><E37/><V51/><F51/><W30/><G30/><T53/><D48/><U11/><E50/><V27/><F27/><W33/><G33/><T135/><D28/><U64/><E38/><V9/><F115/><RYUUKYOKU ba="3,1" sc="176,-10,328,-10,411,-10,75,30" hai3="17,19,76,77" /><INIT seed="3,4,1,5,0,120" ten="166,318,401,105" oya="3" hai0="124,82,78,16,109,98,32,111,133,50,83,52,27" hai1="72,81,112,35,87,34,43,14,40,71,101,65,70" hai2="100,5,61,95,90,31,19,58,20,128,132,10,38" hai3="76,29,114,115,55,68,49,93,77,135,63,8,24"/><W66/><G135/><T7/><D133/><U122/><E122/><V119/><F132/><W85/><G8/><T21/><D124/><U46/><E112/><V36/><F119/><W25/><G25/><T86/><D32/><U4/><E72/><V3/><F128/><W88/><G115/><T130/><D130/><U57/><E101/><V59/><F59/><W91/><G91/><T118/><D118/><U84/><E57/><V110/><F110/><N who="0" m="41994" /><D7/><U97/><E97/><V42/><F42/><W79/><G114/><T107/><D83/><U47/><E65/><V103/><F103/><W9/><G9/><T123/><D123/><U45/><E14/><V53/><F100/><W80/><G80/><T74/><D98/><U1/><E81/><V33/><F31/><W11/><G11/><T28/><D107/><U23/><E4/><V134/><F33/><W60/><G66/><T18/><D74/><U127/><E127/><V54/><F134/><W2/><G2/><T94/><D94/><U129/><E1/><V125/><F125/><W17/><G68/><T126/><D126/><U0/><E0/><V117/><F117/><W56/><REACH who="3" step="1"/><G17/><REACH who="3" ten="166,318,401,95" step="2"/><T62/><D62/><U64/><E71/><V44/><F19/><W26/><G26/><T108/><D108/><U96/><E70/><V121/><F61/><W15/><G15/><T30/><D18/><U116/><E116/><V106/><F121/><W51/><G51/><T6/><D6/><U13/><E129/><V73/><F5/><W39/><G39/><T48/><D48/><U22/><E13/><V131/><F3/><RYUUKYOKU ba="4,2" sc="166,15,318,-15,401,-15,95,15" hai0="16,21,27,28,30,50,52,78,82,86" hai3="24,29,49,55,56,60,63,76,77,79,85,88,93" /><INIT seed="3,5,2,2,1,89" ten="181,303,386,110" oya="3" hai0="121,52,31,58,44,69,21,61,110,18,99,47,117" hai1="39,95,86,96,35,56,115,57,127,123,67,64,79" hai2="65,33,108,6,10,0,37,19,12,129,26,77,112" hai3="41,124,97,128,70,102,90,130,116,83,9,30,46"/><W81/><G116/><T119/><D121/><U109/><E123/><V91/><F112/><W45/><G70/><T68/><D31/><U23/><E35/><V71/><F108/><W88/><G30/><T120/><D120/><U24/><E115/><V22/><F37/><W40/><G124/><T17/><D110/><U113/><E39/><V73/><F129/><N who="3" m="49771" /><G9/><T93/><D117/><U84/><E127/><V62/><F91/><N who="3" m="34859" /><G46/><N who="0" m="17451" /><D68/><U74/><E113/><V85/><F85/><W126/><G126/><T105/><D69/><U38/><E84/><V118/><F77/><W48/><G41/><T101/><D105/><AGARI ba="5,2" hai="40,45,48,81,83,97,102,105" m="34859,49771" machi="105" ten="30,2900,0" yaku="19,1,54,1" doraHai="89" who="3" fromWho="0" sc="181,-44,303,0,386,0,110,64" /><INIT seed="3,6,0,3,5,116" ten="137,303,386,174" oya="3" hai0="28,32,4,76,24,105,75,87,130,95,124,25,46" hai1="27,43,30,83,60,72,91,97,55,135,40,11,38" hai2="120,33,127,64,61,68,82,10,17,109,125,111,94" hai3="9,113,121,129,51,67,96,81,35,22,74,85,41"/><W12/><G113/><T3/><D105/><U65/><E135/><V108/><F33/><W90/><G35/><T132/><D132/><U62/><E38/><V49/><F120/><W13/><G129/><T112/><D130/><U128/><E128/><V14/><F82/><W77/><G121/><T31/><D112/><U42/><E11/><V26/><F26/><W2/><G2/><T15/><D124/><N who="2" m="47690" /><F94/><N who="3" m="56407" /><G74/><T21/><D75/><U86/><E72/><V5/><F49/><W99/><G99/><T80/><D95/><N who="1" m="56575" /><E65/><V71/><F71/><W39/><G39/><T73/><D3/><U18/><E30/><V122/><F122/><W36/><G36/><T123/><D123/><U58/><E60/><V20/><F20/><W89/><G67/><T115/><D115/><U107/><E107/><V7/><AGARI ba="6,0" hai="5,7,10,14,17,61,64,68,108,109,111" m="47690" machi="7" ten="40,2700,0" yaku="14,1,18,1" doraHai="116" who="2" fromWho="2" sc="137,-13,303,-13,386,45,174,-19" /><INIT seed="4,0,0,0,5,90" ten="124,290,431,155" oya="0" hai0="66,112,61,98,6,100,8,133,95,99,69,50,128" hai1="74,52,36,34,105,58,70,120,134,11,101,96,57" hai2="37,30,119,130,110,45,123,3,14,122,78,48,85" hai3="38,82,44,16,126,106,42,27,94,46,91,15,102"/><T59/><D112/><U121/><E70/><V111/><F3/><W77/><G126/><T2/><D128/><U118/><E118/><V116/><F130/><W108/><G108/><T103/><D133/><U49/><E36/><V97/><F30/><W51/><G27/><T13/><D50/><U114/><E34/><V19/><F37/><W67/><G67/><T10/><D69/><U124/><E74/><V4/><F4/><W92/><G106/><T125/><D125/><U104/><E124/><V33/><F33/><W9/><G91/><T35/><D35/><U21/><E134/><V84/><F97/><W135/><G102/><T129/><D129/><U28/><E114/><V86/><F78/><W60/><G60/><T0/><REACH who="0" step="1"/><D10/><REACH who="0" ten="114,290,431,155" step="2"/><U80/><E11/><N who="2" m="6623" /><F111/><W25/><G135/><T113/><D113/><U54/><E49/><V53/><F110/><W63/><G63/><T73/><D73/><U83/><E121/><V47/><F47/><W89/><G46/><T62/><D62/><U26/><E120/><V5/><F122/><W76/><G38/><T64/><D64/><U12/><E58/><V109/><F123/><W39/><G39/><T1/><D1/><U7/><E57/><V22/><F109/><W43/><G44/><T41/><D41/><U87/><E54/><V32/><F53/><W24/><G43/><T65/><D65/><U81/><E52/><V56/><F48/><W72/><G51/><T88/><D88/><U79/><E79/><N who="3" m="30282" /><G42/><T93/><AGARI ba="0,1" hai="0,2,6,8,13,59,61,66,93,95,98,99,100,103" machi="93" ten="20,18000,2" yaku="1,1,0,1,7,1,9,1,52,2,53,0" doraHai="90" doraHaiUra="127" who="0" fromWho="0" sc="114,190,290,-60,431,-60,155,-60" /><INIT seed="4,1,0,1,5,57" ten="304,230,371,95" oya="0" hai0="129,131,2,58,56,14,104,49,36,37,126,25,108" hai1="123,34,29,53,84,87,44,48,38,30,24,119,39" hai2="113,112,13,45,78,23,12,61,60,76,124,65,3" hai3="67,0,71,50,81,7,121,94,21,59,68,62,114"/><T95/><D104/><U27/><E123/><V10/><F3/><W116/><G121/><T127/><D2/><U43/><E119/><V19/><F65/><W64/><G116/><T92/><D14/><U8/><E8/><V63/><F45/><W120/><G120/><T100/><D25/><U86/><REACH who="1" step="1"/><E43/><REACH who="1" ten="304,220,371,95" step="2"/><V9/><F10/><W135/><G135/><T42/><D42/><U17/><E17/><N who="2" m="8335" /><F124/><W75/><G7/><T80/><D108/><U74/><E74/><V96/><F96/><W18/><G75/><T47/><D127/><U82/><E82/><V93/><F93/><W77/><G81/><T22/><D80/><U107/><E107/><V26/><F26/><W6/><G94/><T132/><D126/><U111/><E111/><V46/><F46/><W28/><G6/><T98/><D95/><U20/><AGARI ba="1,1" hai="20,24,27,29,30,34,38,39,44,48,53,84,86,87" machi="20" ten="30,7900,0" yaku="1,1,0,1,53,2" doraHai="57" doraHaiUra="69" who="1" fromWho="1" sc="304,-40,220,92,371,-21,95,-21" /><INIT seed="5,0,0,4,5,55" ten="264,312,350,74" oya="1" hai0="117,62,113,51,80,42,98,102,72,0,26,54,59" hai1="79,45,82,89,132,128,131,63,22,75,50,15,18" hai2="24,13,20,61,23,6,44,31,14,74,106,84,56" hai3="73,19,17,77,95,32,47,92,25,7,27,91,28"/><U2/><E2/><V116/><F106/><W58/><G7/><T125/><D117/><U71/><E132/><V122/><F74/><W101/><G73/><T96/><D0/><U107/><E107/><V111/><F111/><W121/><G121/><T21/><D113/><U68/><E89/><V11/><F122/><W38/><G77/><T83/><D125/><U4/><E4/><V108/><F108/><W52/><G101/><T43/><D72/><U127/><E127/><V67/><F116/><W114/><G114/><T81/><D51/><U39/><E39/><V41/><F84/><W124/><G124/><T78/><D78/><U86/><E75/><V9/><F23/><W85/><G95/><N who="0" m="58655" /><D98/><U34/><E34/><V60/><F60/><W94/><G94/><T99/><D99/><U100/><E100/><V90/><F90/><W88/><G91/><T103/><D103/><U64/><REACH who="1" step="1"/><E71/><REACH who="1" ten="264,302,350,74" step="2"/><V35/><F35/><W135/><G135/><T5/><D5/><U29/><E29/><AGARI ba="0,1" hai="21,26,29,42,43,54,59,62,80,81,83" m="58655" machi="29" ten="30,2000,0" yaku="8,1,52,1" doraHai="55" who="0" fromWho="1" sc="264,30,302,-20,350,0,74,0" /><INIT seed="6,0,0,2,1,27" ten="294,282,350,74" oya="2" hai0="84,19,54,58,6,110,92,79,24,35,125,48,26" hai1="42,87,82,28,17,91,12,103,29,90,80,81,41" hai2="2,131,117,59,88,69,123,112,55,56,10,32,43" hai3="126,47,102,116,85,31,75,108,121,114,36,11,49"/><V107/><F123/><W45/><G75/><T133/><D110/><U111/><E111/><V134/><F117/><W37/><G108/><T16/><D125/><U74/><E103/><V86/><F107/><W46/><G121/><T104/><D104/><U4/><E4/><V128/><F69/><W25/><G116/><T33/><D133/><U71/><E71/><V113/><F32/><W78/><G126/><T98/><D6/><U89/><E74/><V99/><F134/><W18/><G102/><T30/><D84/><U23/><E87/><V76/><F99/><W96/><G96/><T124/><D79/><U40/><AGARI ba="0,0" hai="12,17,23,28,29,40,41,42,80,81,82,89,90,91" machi="40" ten="40,12000,2" yaku="0,1,29,2,8,1,52,2" doraHai="27" who="1" fromWho="1" sc="294,-30,282,120,350,-60,74,-30" /><INIT seed="7,0,0,3,1,73" ten="264,402,290,44" oya="3" hai0="33,32,113,131,15,13,100,18,16,30,122,106,98" hai1="71,86,37,54,69,94,104,47,119,2,44,17,105" hai2="38,88,65,11,132,112,120,79,72,53,128,85,43" hai3="36,59,61,60,115,34,130,87,23,83,116,41,127"/><W1/><G116/><T99/><D122/><U78/><E2/><V5/><F120/><W97/><G34/><T21/><D131/><U66/><E119/><V92/><F128/><W52/><G130/><T12/><D113/><U90/><E78/><V125/><F132/><W49/><G115/><T27/><D98/><U39/><E17/><V4/><F112/><W114/><G114/><T55/><D55/><U56/><E47/><V77/><F72/><W45/><G127/><T48/><D48/><N who="1" m="30791" /><E39/><V123/><F125/><W6/><G97/><T95/><D106/><U22/><E22/><V46/><F123/><W63/><G23/><T110/><D110/><U8/><E71/><V7/><F65/><W68/><G6/><T101/><D101/><U57/><E57/><V19/><F19/><W25/><G25/><T133/><D133/><U26/><E8/><V111/><F111/><W108/><G1/><T62/><D32/><U117/><E26/><V20/><F20/><W67/><REACH who="3" step="1"/><G108/><REACH who="3" ten="264,402,290,34" step="2"/><T129/><D129/><U84/><E117/><V28/><F11/><W74/><G74/><T96/><D33/><U3/><E3/><V42/><F7/><W118/><G118/><T80/><D96/><U14/><E14/><V124/><F4/><W121/><G121/><T0/><D0/><U82/><E86/><V51/><F5/><W81/><G81/><T109/><D109/><U75/><E82/><V9/><F85/><W58/><G58/><T31/><D80/><U64/><E75/><V134/><F9/><W102/><G102/><T76/><D27/><U93/><E84/><RYUUKYOKU ba="0,1" sc="264,-10,402,-10,290,-10,34,30" hai3="36,41,45,49,52,59,60,61,63,67,68,83,87" /><INIT seed="7,1,1,4,3,112" ten="254,392,280,64" oya="3" hai0="33,13,83,134,85,105,31,118,90,96,113,54,34" hai1="24,61,18,37,26,89,17,48,15,79,97,19,104" hai2="6,128,45,131,67,49,84,94,25,100,42,124,129" hai3="16,64,110,93,66,120,98,39,2,8,57,10,125"/><W86/><G120/><T121/><D121/><U50/><E37/><V62/><F124/><W63/><G125/><T78/><D113/><U127/><E127/><V122/><F122/><W114/><G114/><T72/><D118/><U88/><E79/><V12/><F25/><N who="1" m="9833" /><E104/><V70/><F6/><W135/><G39/><T101/><D134/><U65/><E15/><V69/><F12/><N who="3" m="7175" /><G135/><T87/><D31/><U21/><E21/><V119/><F70/><W51/><G110/><T73/><D54/><U4/><E4/><V56/><F69/><W117/><G117/><T80/><REACH who="0" step="1"/><D13/><REACH who="0" ten="244,392,280,64" step="2"/><U60/><E65/><V23/><F119/><W20/><G2/><T3/><D3/><U30/><E30/><V27/><F84/><W40/><G10/><T81/><D81/><U0/><E0/><V14/><F14/><W36/><G36/><T108/><D108/><U1/><E1/><V32/><F32/><AGARI ba="1,2" hai="32,33,34,72,73,78,80,83,85,87,90,96,101,105" machi="32" ten="40,8000,1" yaku="1,1,53,3" doraHai="112" doraHaiUra="29" who="0" fromWho="2" sc="244,103,392,0,280,-83,64,0" owari="347,15.0,392,49.0,197,-20.0,64,-44.0" /></mjloggm>