<mjloggm ver="2.3"><GO type="169" lobby="0"/><UN n0="%73%61%62%6F%34%30" n1="%E3%83%8F%E3%83%96%E3%82%B1%E3%82%A4%E3%82%B9%E3%82%B1" n2="%47%33%E9%BE%8D%E9%96%80" n3="%E3%83%AD%E3%83%AA%E3%83%BC%E3%82%BF%E3%81%AA%E7%84%BC%E8%82%89" dan="16,17,17,16" rate="2104.89,2183.58,2162.09,2080.66" sx="M,M,F,F"/><TAIKYOKU oya="0"/><INIT seed="0,0,0,0,4,53" ten="250,250,250,250" oya="0" hai0="51,35,26,45,85,131,42,99,28,63,70,96,87" hai1="30,110,18,128,72,81,71,124,38,90,77,17,32" hai2="48,24,127,49,130,106,133,54,123,62,15,29,31" hai3="89,16,11,68,111,20,93,21,91,115,75,58,88"/><T126/><D126/><U73/><E18/><V107/><F127/><W74/><G68/><T66/><D131/><U78/><E17/><V46/><F130/><W118/><G115/><T60/><D63/><U2/><E90/><V113/><F113/><W79/><G118/><T64/><D66/><U52/><E52/><V33/><F123/><W47/><G111/><T0/><D0/><U86/><E86/><V5/><F133/><W56/><G47/><T84/><AGARI ba="0,0" hai="26,28,35,42,45,51,60,64,70,84,85,87,96,99" machi="84" ten="30,1500,0" yaku="0,1" doraHai="53" who="0" fromWho="0" sc="250,15,250,-5,250,-5,250,-5" /><INIT seed="0,1,0,1,3,22" ten="265,245,245,245" oya="0" hai0="112,66,60,59,64,126,34,10,119,57,79,104,132" hai1="69,114,20,111,26,105,27,118,109,37,11,24,52" hai2="3,76,49,12,4,83,28,90,130,87,25,89,116" hai3="50,2,131,1,134,81,113,46,58,5,0,19,110"/><T75/><D104/><U41/><E105/><V92/><F130/><W55/><G113/><T15/><D112/><U78/><E114/><V44/><F116/><W16/><G131/><T63/><D119/><U47/><E118/><V43/><F3/><W129/><G129/><T84/><D34/><U107/><E107/><V91/><F12/><W95/><G110/><N who="1" m="41994" /><E69/><V103/><F4/><W82/><G134/><T23/><D132/><U56/><E78/><V70/><F70/><W39/><G95/><T42/><D75/><U99/><E99/><V127/><F127/><W32/><G32/><T74/><D74/><U125/><E11/><V135/><F135/><W100/><G100/><T54/><D42/><U38/><E38/><V6/><F6/><W93/><G93/><T128/><D128/><U61/><E125/><V86/><REACH who="2" step="1"/><F103/><REACH who="2" ten="265,245,235,245" step="2"/><W102/><G102/><T77/><D126/><U123/><E123/><V45/><F45/><W35/><G5/><T13/><D10/><U7/><E7/><V108/><F108/><W101/><G101/><T67/><D15/><U133/><E133/><V73/><F73/><W30/><G46/><T31/><D13/><U122/><E122/><V85/><F85/><W53/><G1/><T40/><D84/><U120/><E120/><V98/><F98/><W106/><G0/><T96/><D96/><U33/><E33/><AGARI ba="1,1" hai="25,28,33,43,44,49,76,83,86,87,89,90,91,92" machi="33" ten="30,3900,0" yaku="1,1,7,1,52,1,53,0" doraHai="22" doraHaiUra="9" who="2" fromWho="1" sc="265,0,245,-42,235,52,245,0" /><INIT seed="1,0,0,0,1,11" ten="265,203,287,245" oya="1" hai0="96,76,109,83,74,54,13,103,105,113,37,16,71" hai1="51,1,43,21,49,72,42,84,81,117,123,132,7" hai2="47,85,91,34,104,38,58,24,100,88,95,5,82" hai3="57,120,67,50,128,116,31,46,35,20,63,39,56"/><U80/><E117/><V32/><F104/><W40/><G35/><T124/><D113/><U18/><E123/><V30/><F100/><W12/><G120/><T22/><D71/><U98/><E132/><V60/><F5/><W131/><G116/><T44/><D124/><U4/><E72/><V33/><F47/><W64/><G31/><T78/><D78/><U59/><E98/><V66/><REACH who="2" step="1"/><F38/><REACH who="2" ten="265,203,277,245" step="2"/><W27/><G39/><T25/><D109/><U90/><E1/><V29/><F29/><N who="3" m="17639" /><G131/><T73/><D37/><U118/><E118/><V3/><F3/><W17/><G128/><T122/><D122/><U69/><E7/><V93/><F93/><W106/><G106/><T114/><D114/><U130/><E4/><V10/><F10/><N who="3" m="6295" /><G57/><T94/><D105/><U70/><E130/><V77/><F77/><W48/><G46/><T23/><D74/><U15/><E69/><V68/><F68/><W79/><G79/><T127/><D127/><U87/><E70/><V97/><AGARI ba="0,1" hai="24,30,32,33,34,58,60,66,82,85,88,91,95,97" machi="97" ten="20,5200,0" yaku="1,1,0,1,7,1,54,1,53,0" doraHai="11" doraHaiUra="134" who="2" fromWho="2" sc="265,-13,203,-26,277,62,245,-13" /><INIT seed="2,0,0,4,2,55" ten="252,177,339,232" oya="2" hai0="64,42,49,68,69,26,89,4,133,100,34,83,8" hai1="23,94,91,5,122,62,11,112,65,9,74,118,19" hai2="33,30,24,7,75,39,15,130,124,27,101,85,123" hai3="78,35,109,47,71,52,108,66,16,1,99,98,45"/><V135/><F75/><W53/><G1/><T129/><D133/><U81/><E112/><V76/><F135/><W2/><G2/><T44/><D129/><U3/><E118/><V115/><F115/><W88/><G35/><T119/><D119/><U61/><E122/><V28/><F130/><W90/><G78/><T40/><D100/><U80/><E11/><V36/><F123/><W18/><G71/><T96/><D68/><U97/><E74/><V22/><F124/><W128/><G66/><T111/><D111/><U126/><E126/><V84/><F101/><W106/><G128/><T46/><D64/><U103/><E103/><V60/><F60/><W48/><G48/><T21/><D34/><U59/><REACH who="1" step="1"/><E62/><REACH who="1" ten="252,167,339,232" step="2"/><V10/><REACH who="2" step="1"/><F76/><REACH who="2" ten="252,167,329,232" step="2"/><W113/><G113/><T93/><D69/><U67/><E67/><V131/><F131/><W41/><REACH who="3" step="1"/><G106/><REACH who="3" ten="252,167,329,222" step="2"/><T29/><D89/><U17/><E17/><V77/><F77/><W56/><G56/><T116/><D116/><U107/><E107/><V72/><F72/><W43/><AGARI ba="0,3" hai="16,18,41,43,45,47,52,53,88,90,98,99,108,109" machi="43" ten="25,16000,3" yaku="1,1,0,1,22,2,54,3,53,2" doraHai="55" doraHaiUra="50" who="3" fromWho="3" sc="252,-40,167,-40,329,-80,222,190" /><INIT seed="3,0,0,2,5,2" ten="212,127,249,412" oya="3" hai0="48,82,99,130,90,62,115,98,20,118,10,41,31" hai1="132,8,75,12,59,96,103,119,24,117,0,70,3" hai2="107,58,47,4,128,21,22,123,69,129,11,126,87" hai3="18,68,35,25,84,124,113,125,114,92,54,108,38"/><W15/><G68/><T74/><D118/><N who="1" m="45067" /><E70/><V122/><F69/><W9/><G38/><T14/><D62/><U67/><E75/><V77/><F107/><W88/><G108/><T26/><D115/><U61/><E24/><V133/><F133/><W53/><G35/><T17/><D130/><N who="2" m="50282" /><F58/><W101/><G25/><T28/><D28/><U72/><E72/><V109/><F109/><W79/><G79/><T19/><D31/><U45/><E45/><V106/><F106/><W78/><G78/><T27/><D27/><U6/><E132/><V44/><F126/><N who="3" m="48747" /><G101/><T116/><D116/><U64/><E64/><V73/><F73/><W76/><G76/><T13/><D26/><U112/><E112/><AGARI ba="0,0" hai="9,15,18,53,54,84,88,92,112,113,114" m="48747" machi="112" ten="30,2900,0" yaku="18,1,54,1" doraHai="2" who="3" fromWho="1" sc="212,0,127,-29,249,0,412,29" /><INIT seed="3,1,0,1,1,97" ten="212,98,249,441" oya="3" hai0="41,89,1,103,125,78,135,18,14,91,47,74,95" hai1="117,62,69,6,105,38,4,112,30,50,116,45,19" hai2="56,94,126,28,76,86,114,119,70,53,130,87,120" hai3="96,34,37,113,52,12,20,118,44,36,124,22,134"/><W68/><G34/><T58/><D1/><U39/><E30/><V108/><F108/><W65/><G118/><N who="1" m="45674" /><E105/><V31/><F114/><W110/><G113/><T2/><D2/><U29/><E29/><V10/><F119/><W109/><G124/><T43/><D125/><U8/><E19/><V48/><F126/><W102/><G134/><T27/><D135/><U98/><E98/><V66/><F120/><W128/><G128/><T84/><D74/><U75/><E75/><V64/><F130/><W82/><G82/><T32/><D27/><U67/><E112/><V57/><F70/><W49/><G65/><N who="2" m="25193" /><F56/><W24/><G68/><T129/><D32/><U83/><E83/><N who="2" m="47463" /><F10/><W3/><G3/><T100/><D129/><U132/><E132/><V21/><F21/><N who="3" m="8299" /><G24/><T93/><D78/><U107/><E107/><V60/><F28/><W33/><G12/><T25/><D25/><U90/><E90/><N who="2" m="53599" /><F31/><W11/><G33/><T0/><D0/><N who="1" m="7" /><E6/><V115/><F115/><W42/><G11/><N who="0" m="6495" /><D58/><U63/><E63/><AGARI ba="1,0" hai="48,53,57,60,63" m="53599,47463,25193" machi="63" ten="30,1000,0" yaku="8,1" doraHai="97" who="2" fromWho="1" sc="212,0,98,-13,249,13,441,0" /><INIT seed="4,0,0,3,3,116" ten="212,85,262,441" oya="0" hai0="78,134,10,112,23,70,27,93,35,111,135,74,90" hai1="89,42,44,96,13,108,24,31,100,117,101,98,119" hai2="28,34,128,36,82,110,75,77,29,54,17,85,52" hai3="122,118,18,129,3,126,76,32,59,105,4,88,19"/><T125/><D70/><U106/><E108/><V15/><F110/><W22/><G19/><T51/><D111/><U94/><E13/><V6/><F128/><W83/><G18/><T67/><D35/><U115/><E115/><V25/><F36/><W46/><G22/><T47/><D112/><U14/><E14/><V0/><F28/><W33/><G83/><N who="0" m="45527" /><D67/><U38/><REACH who="1" step="1"/><E101/><REACH who="1" ten="212,75,262,441" step="2"/><V123/><F15/><W37/><G118/><T109/><D109/><U113/><E113/><V53/><F0/><W11/><G3/><T131/><D131/><U72/><E72/><V99/><F75/><W9/><G129/><T63/><D27/><U48/><E48/><V80/><F25/><W114/><G114/><T39/><D51/><U107/><E107/><V50/><F50/><W12/><G12/><T79/><D39/><U121/><E121/><V60/><F123/><W65/><G37/><T95/><D63/><U1/><E1/><V7/><F60/><W5/><G105/><T124/><D10/><U26/><E26/><V71/><F6/><W64/><G9/><T87/><D135/><U57/><E57/><V127/><F7/><W21/><G11/><T66/><D134/><U97/><E97/><V91/><F99/><W40/><G4/><T81/><D124/><U68/><E68/><V30/><F127/><W69/><G5/><T104/><D104/><U103/><E103/><V16/><F71/><W49/><G69/><T2/><D2/><U58/><E58/><V55/><N who="2" m="13312" /><DORA hai="56" /><V45/><F45/><N who="3" m="25767" /><G59/><T120/><D120/><U8/><E8/><V62/><F62/><RYUUKYOKU ba="0,1" sc="212,-10,75,30,262,-10,441,-10" hai1="24,31,38,42,44,89,94,96,98,100,106,117,119" /><INIT seed="5,1,1,2,2,109" ten="202,105,252,431" oya="1" hai0="107,111,69,93,5,25,34,97,28,102,82,47,119" hai1="86,100,51,13,66,125,110,24,92,62,88,27,105" hai2="120,16,9,8,21,2,87,118,63,115,91,56,108" hai3="46,49,112,80,104,36,68,99,11,42,12,90,43"/><U83/><E125/><V130/><F108/><W15/><G68/><T116/><D111/><U114/><E110/><V55/><F120/><W67/><G67/><T98/><D82/><U132/><E132/><V84/><F118/><W85/><G15/><T127/><D127/><U121/><E121/><V94/><F130/><W48/><G112/><T76/><D76/><U50/><E105/><V44/><F115/><W123/><G123/><T3/><D47/><U58/><E13/><N who="2" m="9359" /><F2/><W74/><G74/><T19/><D19/><U79/><E114/><V61/><F61/><W18/><G43/><T7/><D7/><U60/><E60/><V129/><F129/><W23/><G11/><N who="2" m="4169" /><F44/><W41/><G41/><T113/><D113/><U117/><E117/><V124/><F124/><W6/><G6/><T78/><D5/><U1/><E1/><V71/><F71/><W30/><G30/><T134/><D3/><U38/><E38/><V131/><F131/><W57/><G57/><T75/><D134/><U53/><E100/><V122/><F122/><W0/><G0/><T77/><D69/><U73/><REACH who="1" step="1"/><E51/><REACH who="1" ten="202,95,252,431" step="2"/><V52/><F55/><W59/><G49/><T39/><D39/><U89/><E89/><V33/><F33/><W20/><G36/><T106/><D116/><U29/><E29/><V14/><F14/><W40/><G12/><T4/><D119/><U128/><E128/><V32/><F32/><W45/><G104/><T133/><D106/><U101/><E101/><V26/><F26/><W72/><G48/><T65/><D107/><U126/><E126/><V81/><F91/><RYUUKYOKU ba="1,2" sc="202,-10,95,30,252,-10,431,-10" hai1="24,27,50,53,58,62,66,73,79,83,86,88,92" /><INIT seed="5,2,2,1,2,14" ten="192,125,242,421" oya="1" hai0="83,63,49,29,95,131,88,34,57,116,75,40,48" hai1="6,45,135,37,39,64,98,100,104,109,77,55,119" hai2="22,97,68,105,23,73,101,42,118,121,9,94,18" hai3="107,60,69,111,26,115,134,36,28,70,47,33,103"/><U129/><E119/><V91/><F118/><W76/><G76/><T106/><D106/><U24/><E135/><V127/><F121/><W79/><G79/><T123/><D123/><U31/><E129/><V58/><F68/><W87/><G87/><T12/><D131/><U66/><E109/><V30/><F127/><W85/><G85/><T89/><D116/><U84/><E6/><V32/><F73/><W114/><G111/><T2/><D2/><U13/><E13/><V1/><F42/><N who="3" m="22983" /><G134/><T44/><D49/><U128/><E128/><V65/><F32/><W92/><G92/><T112/><D29/><U0/><E0/><V74/><F74/><W81/><G81/><T35/><D34/><U8/><E8/><V10/><F1/><W50/><G50/><T41/><D35/><U80/><E55/><V99/><F30/><W20/><G20/><T120/><D120/><U126/><E126/><V15/><REACH who="2" step="1"/><F23/><REACH who="2" ten="192,125,232,421" step="2"/><W72/><G72/><T78/><D75/><U52/><E37/><V132/><F132/><W122/><G70/><T130/><D130/><U19/><E31/><V125/><F125/><W54/><G69/><T124/><D124/><U11/><E39/><V90/><F90/><W110/><G28/><T93/><D89/><U86/><E86/><V53/><F53/><W117/><G54/><T7/><D41/><U17/><E52/><V43/><F43/><W27/><G117/><T3/><D3/><U16/><E45/><V25/><F25/><W71/><G26/><T82/><D40/><U38/><E38/><V67/><F67/><N who="1" m="25641" /><E24/><V46/><F46/><RYUUKYOKU ba="2,3" sc="192,-15,125,15,232,15,421,-15" hai1="11,16,17,19,77,80,84,98,100,104" hai2="9,10,15,18,22,58,65,91,94,97,99,101,105" /><INIT seed="5,3,3,0,1,124" ten="177,140,247,406" oya="1" hai0="75,66,110,135,38,54,118,134,104,44,61,91,80" hai1="56,47,31,19,70,3,4,22,33,53,16,127,102" hai2="60,18,12,41,113,84,108,94,82,99,49,128,133" hai3="32,39,5,103,109,37,78,132,50,74,111,10,0"/><U21/><E70/><V46/><F128/><W9/><G50/><N who="0" m="28999" /><D104/><U76/><E127/><V17/><F108/><W25/><G103/><T11/><D110/><U125/><E125/><V73/><F73/><W34/><G10/><T71/><D118/><U90/><E102/><N who="2" m="60791" /><F133/><N who="0" m="50698" /><D38/><N who="3" m="14345" /><G132/><T120/><D120/><U29/><E76/><N who="2" m="46151" /><F113/><W63/><G63/><T101/><D101/><U42/><E3/><V105/><F105/><W121/><G121/><T79/><D11/><U81/><E4/><V67/><F12/><W126/><G126/><T8/><D8/><U52/><E33/><N who="3" m="12906" /><G25/><T15/><D91/><U35/><E35/><V36/><F36/><W48/><G48/><T87/><D15/><N who="1" m="9375" /><E42/><V68/><F68/><W98/><G98/><T64/><D64/><U51/><E90/><V130/><F130/><W95/><G95/><T89/><D89/><U86/><E81/><AGARI ba="3,3" hai="0,5,9,74,78,81,109,111" m="12906,14345" machi="81" ten="30,1000,0" yaku="23,1" doraHai="124" who="3" fromWho="1" sc="177,0,140,-19,247,0,406,49" /><INIT seed="6,0,0,2,3,109" ten="177,121,247,455" oya="2" hai0="76,60,130,114,123,111,88,54,39,9,55,26,62" hai1="56,66,52,95,122,24,128,98,15,27,87,29,36" hai2="118,91,99,16,94,90,74,132,71,17,47,2,31" hai3="103,127,13,57,20,14,68,8,0,107,115,106,50"/><V11/><F118/><W59/><G68/><T80/><D111/><U37/><E128/><V38/><F71/><W63/><G50/><T25/><D130/><U61/><E122/><V86/><F74/><W85/><G57/><T49/><D39/><U84/><E36/><V105/><F132/><W34/><G13/><T1/><D123/><U58/><E37/><V135/><F135/><W92/><G20/><T41/><D41/><U133/><E15/><V18/><F31/><W46/><G46/><T70/><D70/><U113/><E113/><V96/><F105/><W45/><G115/><T93/><D1/><U101/><E133/><V125/><F125/><W48/><G85/><T12/><D55/><U53/><E27/><V43/><REACH who="2" step="1"/><F91/><REACH who="2" ten="177,121,237,455" step="2"/><W79/><G107/><T30/><D30/><U104/><E104/><V73/><F73/><W97/><G106/><T78/><D76/><U117/><E117/><V119/><F119/><W65/><G79/><T69/><D69/><U6/><E6/><AGARI ba="0,1" hai="2,6,11,16,17,18,38,43,47,86,90,94,96,99" machi="6" ten="40,7700,0" yaku="1,1,54,1,53,1" doraHai="109" doraHaiUra="32" who="2" fromWho="1" sc="177,0,121,-77,237,87,455,0" /><INIT seed="6,1,0,5,2,13" ten="177,44,324,455" oya="2" hai0="75,105,20,43,33,45,51,85,98,84,42,132,26" hai1="4,64,17,87,9,72,35,12,118,102,50,113,79" hai2="23,32,133,18,47,39,126,60,83,124,53,91,125" hai3="89,36,116,94,48,59,24,5,97,30,71,66,67"/><V110/><F32/><W129/><G71/><T25/><D75/><U57/><E72/><V54/><F133/><W122/><G36/><T123/><D123/><U38/><E38/><V52/><F110/><W106/><G106/><T19/><D132/><U70/><E70/><V1/><F1/><W11/><G129/><T81/><D84/><U3/><E113/><V112/><F112/><W37/><G37/><T73/><D73/><U16/><E118/><V82/><F91/><W0/><G116/><T134/><D134/><U34/><E102/><V14/><REACH who="2" step="1"/><F60/><REACH who="2" ten="177,44,314,455" step="2"/><W107/><G0/><T27/><D33/><U22/><E79/><V96/><F96/><W15/><G89/><T28/><D28/><U40/><E87/><V69/><F69/><W92/><G97/><T117/><D117/><U108/><E108/><V58/><F58/><W68/><G59/><T77/><D105/><U63/><E50/><V120/><F120/><W6/><G48/><T86/><D98/><U46/><E46/><V90/><F90/><W109/><G107/><T8/><D85/><U121/><E121/><V78/><F78/><W29/><G68/><T44/><REACH who="0" step="1"/><D8/><REACH who="0" ten="167,44,314,455" step="2"/><U100/><E100/><V41/><AGARI ba="1,2" hai="14,18,23,39,41,47,52,53,54,82,83,124,125,126" machi="41" ten="40,12000,1" yaku="1,1,0,1,18,1,52,1,54,1,53,0" doraHai="13" doraHaiUra="101" who="2" fromWho="2" sc="167,-41,44,-41,314,143,455,-41" /><INIT seed="6,2,0,3,0,124" ten="126,3,457,414" oya="2" hai0="90,23,43,31,62,44,133,39,81,120,113,16,60" hai1="30,55,107,134,29,19,86,28,122,26,70,2,112" hai2="0,15,49,67,1,37,87,54,40,115,38,111,9" hai3="97,94,13,73,34,71,85,64,132,117,25,102,52"/><V57/><F115/><W53/><G73/><T108/><D113/><U80/><E107/><V126/><F126/><W130/><G117/><T83/><D120/><U65/><E65/><V76/><F111/><W58/><G132/><T3/><D108/><U96/><E96/><V42/><F67/><W104/><G71/><T106/><D133/><U22/><E22/><V27/><F27/><W51/><G64/><T45/><D3/><U20/><E20/><V123/><F123/><W68/><G68/><T100/><D31/><U135/><E135/><V8/><F37/><W77/><G53/><T78/><D45/><U98/><E98/><V50/><F38/><W46/><G46/><T92/><D100/><U66/><E66/><V14/><F0/><W63/><G63/><T47/><D47/><U125/><E125/><V12/><F1/><W118/><G118/><T4/><D106/><U32/><E32/><V101/><F101/><W18/><G34/><T91/><D81/><U105/><E105/><V21/><F21/><W121/><G121/><T116/><D4/><U93/><E93/><V11/><F49/><W89/><G25/><T7/><D7/><U88/><E88/><V56/><F56/><W109/><G109/><T6/><D6/><U84/><E84/><V119/><F119/><W33/><G33/><T99/><D90/><U69/><E69/><V82/><AGARI ba="2,0" hai="8,9,11,12,14,15,40,42,50,54,57,76,82,87" machi="82" ten="40,3900,0" yaku="0,1,8,1" doraHai="124" who="2" fromWho="2" sc="126,-15,3,-15,457,45,414,-15" owari="111,-29.0,-12,-51.0,502,60.0,399,20.0" /></mjloggm>