<mjloggm ver="2.3"><GO type="169" lobby="0"/><UN n0="%E3%82%AB%E3%83%BC%E3%83%AB%EF%BC%93%E4%B8%96" n1="%E3%81%82%E3%82%8B%E3%81%A6%E3%81%BF%E3%81%97%E3%81%8A%E3%82%93" n2="%E3%81%94%E3%82%8D%E3%81%AB%E3%82%83%E3%83%BC" n3="%E9%9C%9C%E6%9C%88%E3%81%95%E3%82%93" dan="16,16,16,16" rate="2093.53,2078.71,2122.16,2151.28" sx="M,M,M,M"/><TAIKYOKU oya="0"/><INIT seed="0,0,0,3,1,59" ten="250,250,250,250" oya="0" hai0="86,50,5,71,123,68,69,111,124,126,22,96,117" hai1="92,95,70,81,73,131,102,18,31,35,0,99,106" hai2="3,25,19,42,121,91,116,109,61,7,24,114,112" hai3="128,55,58,115,122,108,87,72,23,49,46,9,110"/><T57/><D123/><U125/><E131/><V127/><F121/><W88/><G122/><T113/><D113/><U32/><E125/><N who="0" m="48233" /><D5/><U52/><E0/><V66/><F127/><W51/><G115/><T37/><D117/><U76/><E70/><V40/><F116/><W21/><G128/><T44/><D96/><U135/><E135/><V134/><F134/><W118/><G118/><T84/><D22/><U78/><E78/><V53/><F109/><N who="3" m="42091" /><G9/><T13/><D13/><U16/><E52/><V34/><F53/><N who="3" m="29879" /><G72/><T2/><D2/><U105/><E95/><AGARI ba="0,0" hai="21,23,51,55,58,87,88,95" m="29879,42091" machi="95" ten="30,2000,0" yaku="14,1,54,1" doraHai="59" who="3" fromWho="1" sc="250,0,250,-20,250,0,250,20" /><INIT seed="1,0,0,5,0,130" ten="250,230,250,270" oya="1" hai0="3,54,37,134,99,44,118,45,31,112,128,36,66" hai1="101,60,23,95,30,74,135,96,12,0,100,116,120" hai2="17,33,26,105,47,24,124,2,75,81,9,110,25" hai3="117,90,111,1,42,21,114,68,132,104,126,84,7"/><U86/><E116/><V56/><F105/><W103/><G21/><T123/><D3/><U16/><E120/><V109/><F124/><W59/><G59/><T87/><D87/><U53/><E135/><V18/><F56/><W122/><G84/><T73/><D99/><U92/><E74/><V50/><F75/><W131/><G103/><T11/><D11/><U76/><E0/><V106/><F106/><W93/><G93/><T72/><D31/><U77/><E30/><V125/><F125/><W52/><G42/><T32/><D32/><U20/><E20/><V69/><F69/><W48/><G90/><T65/><D123/><U107/><E107/><V28/><F81/><W88/><G88/><T63/><D63/><U4/><E4/><N who="2" m="1175" /><F50/><W35/><G48/><T97/><D97/><N who="1" m="59431" /><E86/><V82/><F47/><W8/><G52/><T57/><D54/><U10/><E10/><V38/><F38/><W6/><G8/><T15/><D118/><U119/><E119/><V64/><F64/><W55/><G55/><T22/><D73/><U70/><E70/><V133/><F82/><W127/><G7/><T58/><D72/><U89/><E89/><V121/><F121/><W62/><G6/><T115/><D128/><U71/><E71/><V40/><F40/><W19/><G127/><T46/><D37/><U98/><E98/><V61/><F61/><W85/><G126/><T79/><D36/><U113/><E113/><V39/><F39/><W43/><G114/><T108/><D112/><U41/><E41/><V49/><F133/><W5/><G132/><T34/><D134/><RYUUKYOKU ba="0,0" sc="250,-10,230,30,250,-10,270,-10" hai1="12,16,23,53,60,76,77,95,96,101" /><INIT seed="1,1,0,1,3,26" ten="240,260,240,260" oya="1" hai0="44,31,34,15,12,88,32,103,43,122,13,47,14" hai1="112,37,20,107,5,64,62,96,22,18,131,53,55" hai2="82,94,120,65,110,45,29,70,100,101,73,111,105" hai3="71,69,85,48,90,102,104,91,57,135,60,25,118"/><U124/><E112/><V38/><F120/><W76/><G135/><T46/><D122/><U56/><E124/><V106/><F65/><W126/><G118/><T77/><D103/><U86/><E131/><V7/><F7/><W6/><G126/><T33/><D77/><U119/><E119/><V72/><F70/><W50/><G76/><T79/><D79/><U80/><E37/><V17/><F17/><W58/><G6/><T2/><D43/><U130/><E130/><V115/><F115/><W128/><G128/><T123/><D123/><U30/><E5/><V40/><F94/><W21/><G102/><T93/><D2/><U4/><E4/><V0/><F0/><W61/><G104/><T67/><D67/><U97/><E107/><V75/><F82/><W19/><G69/><T117/><D117/><U51/><E30/><V10/><F10/><W9/><G71/><T92/><N who="0" m="3072" /><DORA hai="129" /><T39/><D39/><U133/><E133/><V8/><F8/><W68/><G68/><T89/><REACH who="0" step="1"/><D31/><REACH who="0" ten="230,260,240,260" step="2"/><U1/><E1/><V74/><F74/><W132/><G9/><T23/><D23/><U87/><E64/><V54/><F54/><N who="3" m="33879" /><G132/><T81/><D81/><U3/><E3/><V99/><F29/><W121/><G121/><T41/><D41/><U109/><E80/><V98/><AGARI ba="1,1" hai="38,40,45,72,73,75,98,99,100,101,105,106,110,111" machi="98" ten="40,8000,1" yaku="0,1,9,1,23,2" doraHai="26,129" who="2" fromWho="2" sc="230,-21,260,-41,240,93,260,-21" /><INIT seed="2,0,0,2,5,61" ten="209,219,333,239" oya="2" hai0="40,9,93,109,68,31,50,120,96,34,77,55,64" hai1="29,49,134,105,44,25,54,133,17,88,95,37,108" hai2="102,116,48,22,81,51,8,104,126,67,62,90,58" hai3="66,129,3,99,113,65,114,119,13,112,52,111,60"/><V115/><F116/><W36/><G3/><T12/><D109/><U98/><E108/><V72/><F115/><W123/><G111/><T117/><D120/><U78/><E78/><V86/><F72/><W82/><G119/><T125/><D125/><U11/><E37/><V100/><F126/><W41/><G123/><T1/><D1/><U15/><REACH who="1" step="1"/><E105/><REACH who="1" ten="209,209,333,239" step="2"/><V80/><F104/><W132/><G129/><T30/><D117/><U124/><E124/><V59/><F8/><W79/><G132/><T6/><D77/><U131/><E131/><V97/><F22/><AGARI ba="0,1" hai="11,15,17,22,25,29,44,49,54,88,95,98,133,134" machi="22" ten="40,2600,0" yaku="1,1,54,1,53,0" doraHai="61" doraHaiUra="106" who="1" fromWho="2" sc="209,0,209,36,333,-26,239,0" /><INIT seed="3,0,0,5,1,53" ten="209,245,307,239" oya="3" hai0="35,26,114,132,88,72,54,63,106,9,37,105,134" hai1="50,95,48,60,100,104,97,82,16,107,118,113,85" hai2="86,71,1,83,24,27,13,8,22,115,99,129,12" hai3="45,120,42,46,4,17,31,92,59,89,109,57,7"/><W128/><G120/><T77/><D37/><U19/><E113/><V94/><F71/><W15/><G109/><T91/><D9/><U40/><E118/><V70/><F70/><W29/><G128/><T11/><D11/><U68/><E68/><V123/><F115/><W51/><G45/><T73/><D26/><U47/><E50/><V110/><F110/><W122/><G122/><T3/><D3/><U44/><E44/><V90/><F123/><W93/><G93/><T102/><D35/><U43/><E43/><V34/><F34/><W69/><G69/><T5/><D5/><N who="3" m="2121" /><G17/><T103/><D54/><U6/><E6/><N who="2" m="3095" /><F1/><W67/><G67/><T61/><D77/><U62/><E107/><V87/><F87/><N who="3" m="52287" /><G15/><T38/><D38/><U116/><E104/><V96/><F129/><W117/><G117/><T78/><D78/><N who="1" m="46295" /><E116/><V30/><F13/><W66/><G66/><T23/><D114/><U18/><AGARI ba="0,0" hai="16,18,19,40,47,48,60,62,95,97,100" m="46295" machi="18" ten="30,2000,0" yaku="8,1,54,1" doraHai="53" who="1" fromWho="1" sc="209,-5,245,20,307,-5,239,-10" /><INIT seed="4,0,0,0,4,0" ten="204,265,302,229" oya="0" hai0="77,100,96,128,101,18,28,17,106,85,70,60,13" hai1="126,23,69,66,52,91,55,62,36,116,104,81,54" hai2="57,14,26,109,113,108,49,35,20,50,9,53,90" hai3="1,76,93,5,33,105,83,134,110,95,56,79,94"/><T129/><D100/><U75/><E116/><V80/><F35/><W27/><G110/><T12/><D28/><U6/><E126/><V72/><F113/><W114/><G105/><T37/><D37/><U74/><E104/><V89/><F50/><W63/><G114/><T3/><D3/><U123/><E123/><V68/><F68/><W42/><G134/><T15/><D77/><U40/><E23/><V84/><F72/><W38/><G83/><T112/><D112/><U43/><E6/><N who="2" m="3383" /><F109/><W135/><G135/><T25/><D85/><U39/><E91/><N who="2" m="51591" /><F108/><W24/><G42/><N who="1" m="15914" /><E81/><V117/><F117/><W44/><G44/><T87/><D87/><U47/><E75/><V131/><F131/><N who="0" m="50250" /><D25/><U65/><E74/><V115/><F115/><W58/><G38/><N who="1" m="14378" /><E65/><AGARI ba="0,0" hai="12,13,15,17,18,60,65,70,96,101,106" m="50250" machi="65" ten="30,1500,0" yaku="19,1" doraHai="0" who="0" fromWho="1" sc="204,15,265,-15,302,0,229,0" /><INIT seed="4,1,0,5,5,72" ten="219,250,302,229" oya="0" hai0="0,84,47,95,77,15,115,102,28,110,88,33,63" hai1="68,6,36,119,31,48,85,37,42,87,26,16,104" hai2="92,111,4,112,113,24,105,8,51,5,103,10,14" hai3="127,13,61,55,56,106,100,54,30,86,25,53,128"/><T109/><D0/><U91/><E119/><V49/><F105/><W43/><G128/><T11/><D33/><U133/><E133/><V81/><F111/><N who="0" m="42506" /><D28/><U40/><E104/><V50/><F24/><W1/><G127/><T9/><D102/><U21/><E6/><V78/><F92/><W64/><G1/><T120/><D120/><U52/><E68/><V17/><F103/><W19/><G100/><T23/><D115/><N who="2" m="44106" /><F10/><W22/><G106/><T126/><D126/><U125/><E125/><V131/><F131/><W27/><G43/><N who="1" m="16426" /><E37/><V44/><F44/><W129/><G129/><T18/><D47/><N who="1" m="27679" /><E36/><V130/><F130/><W67/><G67/><T34/><D34/><U124/><E124/><V46/><F46/><W96/><G96/><N who="0" m="57447" /><D63/><U70/><E70/><V32/><F32/><W2/><G2/><T41/><D41/><U123/><E123/><V20/><F20/><W90/><REACH who="3" step="1"/><G30/><REACH who="3" ten="219,250,302,219" step="2"/><T101/><D101/><U7/><E31/><V12/><F12/><W71/><G71/><T108/><D108/><U76/><E26/><V80/><F80/><AGARI ba="1,1" hai="13,19,22,25,27,53,54,55,56,61,64,80,86,90" machi="80" ten="40,2600,0" yaku="1,1,8,1,53,0" doraHai="72" doraHaiUra="73" who="3" fromWho="2" sc="219,0,250,0,302,-29,219,39" /><AGARI ba="1,0" hai="9,11,15,18,23,77,80,84" m="57447,42506" machi="80" ten="30,5800,0" yaku="10,1,52,1,54,1" doraHai="72" who="0" fromWho="2" sc="219,58,250,0,273,-58,258,0" /><INIT seed="4,2,0,5,0,33" ten="277,250,215,258" oya="0" hai0="125,119,134,128,71,77,6,108,8,51,129,30,36" hai1="120,75,63,122,82,84,41,25,68,20,127,55,26" hai2="17,97,69,38,49,72,123,66,62,94,73,113,53" hai3="103,3,124,19,88,111,50,59,132,126,57,4,80"/><T101/><D71/><U7/><E127/><N who="3" m="48682" /><G111/><T87/><D36/><U40/><E75/><V86/><F123/><W11/><G132/><T12/><D101/><U0/><E122/><V104/><F38/><W23/><G103/><T58/><D125/><U65/><E120/><V13/><F113/><W117/><G117/><T130/><D119/><U64/><E64/><V14/><F104/><W92/><G80/><N who="0" m="47503" /><D30/><U85/><E85/><V2/><F13/><N who="3" m="9711" /><G50/><T18/><D134/><U27/><E20/><V109/><F109/><W56/><G56/><T48/><D108/><U112/><E55/><V116/><F2/><W99/><AGARI ba="2,0" hai="3,4,11,57,59,88,92,99" m="9711,48682" machi="99" ten="30,4000,0" yaku="18,1,52,1,54,1" doraHai="33" who="3" fromWho="3" sc="277,-22,250,-12,215,-12,258,46" /><INIT seed="5,0,0,5,3,45" ten="255,238,203,304" oya="1" hai0="24,82,106,10,100,118,84,23,39,11,5,2,83" hai1="28,43,70,13,40,102,66,85,125,4,22,87,95" hai2="74,12,14,1,94,128,105,49,132,32,7,115,27" hai3="121,9,38,60,107,101,63,71,108,8,41,51,19"/><U79/><E125/><V113/><F105/><W126/><G108/><T98/><D118/><U37/><E37/><V75/><F128/><W99/><G121/><T26/><D39/><U17/><E70/><V55/><F1/><W81/><G126/><T117/><D117/><U89/><E66/><V123/><F123/><W29/><G38/><T92/><D11/><N who="1" m="4327" /><E28/><V6/><F132/><W122/><G122/><T135/><D135/><U111/><E111/><V96/><F27/><W56/><G29/><T109/><D109/><U76/><E102/><V88/><F32/><W18/><G71/><T77/><D23/><U21/><E21/><V65/><F65/><W52/><G81/><T78/><REACH who="0" step="1"/><D106/><REACH who="0" ten="245,238,203,304" step="2"/><U69/><E69/><V124/><F124/><W48/><G8/><T36/><D36/><U30/><E30/><V116/><F116/><W58/><G9/><T31/><D31/><U97/><E79/><V127/><F127/><W64/><G107/><T129/><D129/><U134/><E134/><V62/><F6/><W112/><G112/><N who="2" m="43081" /><F7/><W133/><G133/><T131/><D131/><U16/><E76/><V90/><F62/><W50/><G63/><T103/><D103/><U68/><E68/><V110/><F90/><W15/><G60/><T93/><D93/><U57/><E89/><V80/><F110/><W91/><G91/><T42/><D42/><U44/><E40/><V120/><F120/><W59/><G41/><T73/><AGARI ba="0,1" hai="2,5,10,24,26,73,77,78,82,83,84,92,98,100" machi="73" ten="20,2700,0" yaku="1,1,0,1,7,1,53,0" doraHai="45" doraHaiUra="53" who="0" fromWho="0" sc="245,37,238,-13,203,-7,304,-7" /><INIT seed="6,0,0,2,1,5" ten="282,225,196,297" oya="2" hai0="68,85,102,108,74,13,97,65,10,77,21,113,76" hai1="35,112,70,15,93,110,104,54,121,100,31,25,14" hai2="40,62,20,18,118,101,1,135,12,46,122,9,0" hai3="86,33,4,16,103,17,48,132,41,130,106,60,133"/><V52/><F122/><W73/><G73/><T80/><D113/><U32/><E112/><V28/><F118/><W87/><G33/><T3/><D108/><U134/><E110/><V116/><F116/><W107/><G130/><T29/><D3/><U94/><E134/><N who="3" m="51818" /><G60/><T11/><D68/><U89/><E121/><V47/><F135/><W123/><G123/><T82/><D65/><U127/><E127/><V98/><F46/><N who="3" m="25679" /><G4/><T38/><D38/><U57/><E70/><V111/><F111/><W117/><G117/><T75/><D85/><N who="3" m="32265" /><G103/><T128/><D128/><U79/><E32/><V63/><F0/><W19/><AGARI ba="0,0" hai="16,17,19,106,107" m="32265,25679,51818" machi="19" ten="40,2700,0" yaku="20,1,54,1" doraHai="5" who="3" fromWho="3" sc="282,-7,225,-7,196,-13,297,27" /><INIT seed="7,0,0,0,2,49" ten="275,218,183,324" oya="3" hai0="120,87,70,8,76,110,82,0,130,60,94,64,114" hai1="129,13,5,38,71,14,79,67,73,59,9,32,118" hai2="77,37,88,98,135,106,85,105,103,39,69,4,111" hai3="55,17,116,30,72,92,44,7,62,1,45,122,125"/><W23/><G122/><T119/><D120/><U56/><E129/><V28/><F111/><W12/><G116/><T81/><D130/><U47/><E118/><V6/><F105/><W35/><G72/><T109/><D119/><U2/><E32/><V25/><F135/><W43/><G125/><T27/><D114/><U134/><E134/><V61/><F77/><W117/><G117/><T3/><D3/><U97/><E97/><V22/><F37/><W10/><G92/><T20/><D94/><U127/><E127/><V74/><F39/><W112/><G112/><T42/><D42/><N who="1" m="22999" /><E71/><V126/><F74/><W102/><G102/><T46/><D46/><U53/><E67/><V65/><REACH who="2" step="1"/><F126/><REACH who="2" ten="275,218,173,324" step="2"/><W75/><G75/><T21/><D109/><U50/><E59/><V108/><F108/><W101/><G44/><T95/><D110/><U115/><E115/><V107/><F107/><W132/><G45/><T66/><D70/><U57/><E57/><V93/><AGARI ba="0,1" hai="4,6,22,25,28,61,65,69,85,88,93,98,103,106" machi="93" ten="20,5200,0" yaku="1,1,0,1,7,1,54,1,53,0" doraHai="49" doraHaiUra="52" who="2" fromWho="2" sc="275,-13,218,-13,173,62,324,-26" /><INIT seed="8,0,0,4,3,101" ten="262,205,235,298" oya="0" hai0="40,96,60,7,82,104,91,108,128,59,8,125,122" hai1="98,100,123,103,135,33,109,26,10,65,111,31,71" hai2="95,43,93,97,25,34,127,121,80,74,12,35,63" hai3="13,92,23,3,94,28,83,4,54,73,36,62,68"/><T49/><D122/><U44/><E123/><V88/><F121/><W21/><G36/><T48/><D128/><U110/><E135/><V2/><F2/><W38/><G38/><T39/><D125/><U53/><E10/><V105/><F127/><W64/><G3/><T58/><D108/><U11/><E11/><V78/><F43/><W85/><G73/><T114/><D114/><U126/><E126/><V57/><F12/><W112/><G112/><T72/><D39/><U79/><E79/><V130/><F130/><W27/><G54/><T9/><D9/><U41/><E53/><V66/><F95/><W46/><G46/><T99/><D40/><U124/><E124/><V118/><F118/><W0/><G0/><T131/><D131/><U133/><E133/><V90/><F90/><W102/><G102/><T6/><D6/><U18/><E18/><V119/><F119/><W20/><G4/><T70/><D70/><U14/><E14/><V55/><F66/><W16/><G21/><T45/><D45/><U32/><E32/><V56/><F56/><N who="0" m="21546" /><D60/><N who="1" m="40359" /><E103/><N who="2" m="62703" /><F25/><W1/><REACH who="3" step="1"/><G1/><REACH who="3" ten="262,205,235,288" step="2"/><N who="0" m="111" /><D72/><U29/><E29/><V129/><F129/><W52/><G52/><T106/><D48/><N who="1" m="26639" /><E111/><V116/><F116/><W15/><G15/><T37/><D49/><U120/><E120/><V132/><F34/><W115/><G115/><T117/><D117/><U76/><E76/><AGARI ba="0,1" hai="13,16,20,23,27,28,62,64,68,76,83,85,92,94" machi="76" ten="30,7700,0" yaku="1,1,7,1,54,1,53,1" doraHai="101" doraHaiUra="61" who="3" fromWho="1" sc="262,0,205,-77,235,0,288,87" owari="262,6.0,128,-37.0,235,-16.0,375,47.0" /></mjloggm>