<mjloggm ver="2.3"><GO type="169" lobby="0"/><UN n0="%43%52%41%5A%59%42%45%45" n1="%E3%83%87%E3%82%A3%E3%82%AA%E3%83%90%E3%83%B3" n2="%E6%96%B0%E5%AE%BF%E6%96%B9%E9%9D%A2" n3="%E3%83%A9%E3%83%A0%E3%83%80%E3%81%95%E3%82%93" dan="17,16,18,16" rate="2199.83,2091.25,2244.69,2069.97" sx="M,M,M,M"/><TAIKYOKU oya="0"/><INIT seed="0,0,0,5,3,55" ten="250,250,250,250" oya="0" hai0="79,75,117,88,107,16,43,127,52,81,82,38,47" hai1="33,10,134,27,109,9,103,62,56,64,18,49,23" hai2="26,91,120,58,45,35,57,106,95,85,135,73,46" hai3="84,41,39,70,128,3,59,42,15,66,31,121,29"/><T93/><D117/><U17/><E109/><V50/><F120/><W86/><G3/><T6/><D107/><U40/><E134/><V94/><F106/><W21/><G70/><T4/><D82/><U72/><E33/><V123/><F73/><W111/><G111/><T96/><D127/><U92/><E72/><V129/><F123/><W80/><G121/><T67/><D67/><U130/><E130/><V19/><F129/><W115/><G115/><T83/><D83/><U63/><E18/><V116/><F116/><W1/><G1/><T11/><REACH who="0" step="1"/><D52/><REACH who="0" ten="240,250,250,250" step="2"/><N who="1" m="31759" /><E64/><V105/><F105/><W108/><G66/><T132/><D132/><U30/><E40/><V68/><F135/><W5/><G41/><T133/><D133/><U28/><E63/><V104/><F104/><W60/><G60/><T12/><AGARI ba="0,1" hai="4,6,11,12,16,38,43,47,75,79,81,88,93,96" machi="12" ten="30,11700,0" yaku="1,1,0,1,54,2,53,0" doraHai="55" doraHaiUra="65" who="0" fromWho="0" sc="240,127,250,-39,250,-39,250,-39" /><INIT seed="0,1,0,4,4,118" ten="367,211,211,211" oya="0" hai0="29,116,93,87,122,42,83,74,80,24,81,62,79" hai1="0,107,46,102,119,111,66,110,5,9,124,37,76" hai2="58,128,15,75,48,91,109,11,20,86,129,99,114" hai3="101,68,103,89,3,13,2,63,32,60,25,94,127"/><T44/><D122/><U88/><E119/><V117/><F117/><W61/><G127/><T132/><D116/><U108/><E124/><V65/><F75/><W113/><G113/><T1/><D1/><U134/><E134/><V104/><F114/><W120/><G120/><T69/><D132/><U131/><E131/><N who="2" m="50251" /><F20/><W95/><G68/><T125/><D125/><U8/><E66/><V45/><F109/><W90/><G13/><T92/><D81/><U53/><E76/><V35/><F35/><W26/><REACH who="3" step="1"/><G63/><REACH who="3" ten="367,211,211,201" step="2"/><T36/><D62/><U21/><E108/><V73/><F15/><W85/><G85/><T105/><D69/><U4/><E111/><V84/><F73/><W30/><G30/><T121/><D121/><U7/><E110/><V64/><F86/><W43/><G43/><T78/><REACH who="0" step="1"/><D105/><REACH who="0" ten="357,211,211,201" step="2"/><U56/><E107/><V49/><F104/><W98/><G98/><T115/><D115/><U38/><E0/><V28/><F99/><W82/><G82/><T130/><D130/><U70/><E70/><V135/><F135/><W133/><G133/><T17/><D17/><U59/><E4/><V51/><F28/><W57/><G57/><T22/><AGARI ba="1,2" hai="22,24,29,36,42,44,74,78,79,80,83,87,92,93" machi="22" ten="20,3900,0" yaku="1,1,0,1,7,1,53,0" doraHai="118" doraHaiUra="54" who="0" fromWho="0" sc="357,62,211,-14,211,-14,201,-14" /><INIT seed="0,2,0,3,0,102" ten="419,197,197,187" oya="0" hai0="122,55,115,110,58,100,40,11,21,57,126,116,74" hai1="120,15,3,97,112,65,104,14,5,67,85,93,66" hai2="89,8,43,42,124,80,54,59,31,107,81,18,87" hai3="90,47,2,12,9,108,71,24,131,70,34,64,46"/><T114/><D122/><U128/><E120/><V56/><F124/><W28/><G2/><T134/><D116/><U84/><E128/><V17/><F31/><W36/><G131/><T133/><D74/><U130/><E130/><V16/><F107/><W73/><G73/><T50/><D11/><N who="1" m="4463" /><E104/><V60/><F81/><W13/><G108/><T77/><D77/><U62/><E3/><V25/><F25/><W26/><G64/><T103/><D126/><U117/><E117/><V76/><F76/><W37/><G9/><T113/><D110/><U75/><E75/><V35/><F35/><W82/><G82/><T127/><D127/><U109/><E109/><V123/><F123/><W33/><G90/><T86/><D86/><N who="1" m="33387" /><E15/><V49/><REACH who="2" step="1"/><F8/><REACH who="2" ten="419,197,187,187" step="2"/><W72/><G72/><T61/><D21/><U7/><E112/><V20/><F20/><W118/><G118/><T63/><D115/><U94/><E94/><V68/><F68/><W30/><AGARI ba="2,1" hai="12,13,24,26,28,30,33,34,36,37,46,47,70,71" machi="30" ten="25,3200,0" yaku="0,1,22,2" doraHai="102" who="3" fromWho="3" sc="419,-18,197,-10,187,-10,187,48" /><INIT seed="1,0,0,2,0,8" ten="401,187,177,235" oya="1" hai0="64,11,127,113,21,89,119,112,125,77,18,121,4" hai1="59,123,52,87,47,10,32,24,107,85,92,27,130" hai2="129,66,16,84,105,96,73,15,126,63,3,60,106" hai3="122,67,62,133,76,25,75,61,98,83,53,13,69"/><U101/><E123/><V20/><F73/><W17/><G122/><T110/><D121/><U43/><E130/><V91/><F3/><W26/><G133/><T68/><D77/><U29/><E107/><V104/><F129/><W65/><G98/><T45/><D45/><U124/><E124/><N who="0" m="47689" /><D119/><U82/><E27/><V88/><F126/><W94/><G94/><T57/><D68/><U39/><E10/><V48/><F48/><W51/><G51/><T131/><D131/><U132/><E132/><V111/><F111/><W74/><G53/><T80/><D110/><U2/><E2/><V115/><F115/><N who="0" m="44106" /><D80/><U78/><E101/><V135/><F135/><W23/><REACH who="3" step="1"/><G75/><REACH who="3" ten="401,187,177,225" step="2"/><T40/><D40/><U36/><E92/><V128/><F128/><W93/><G93/><T5/><D89/><U42/><E42/><V99/><F91/><W12/><G12/><N who="0" m="9415" /><D11/><U50/><E85/><V81/><REACH who="2" step="1"/><F63/><AGARI ba="0,1" hai="4,5,57,63,64" m="9415,44106,47689" machi="63" ten="30,2000,0" yaku="18,1,52,1" doraHai="8" who="0" fromWho="2" sc="401,30,187,0,177,-20,225,0" /><AGARI ba="0,0" hai="24,29,32,36,39,43,47,50,52,59,63,78,82,87" machi="63" ten="30,2900,0" yaku="7,1,54,1" doraHai="8" who="1" fromWho="2" sc="431,0,187,29,157,-29,225,0" /><INIT seed="1,1,0,5,1,25" ten="431,216,128,225" oya="1" hai0="64,103,58,66,15,8,14,47,49,89,43,85,86" hai1="27,125,13,87,24,41,100,99,104,75,60,88,134" hai2="133,68,11,17,44,31,2,98,132,45,77,26,9" hai3="6,135,119,123,97,79,23,113,82,95,48,126,109"/><U3/><E3/><V92/><F68/><W80/><G119/><T10/><D103/><U74/><E125/><V73/><F77/><W35/><G113/><T69/><D69/><U67/><E134/><N who="2" m="51819" /><F73/><W32/><G123/><T33/><D33/><U78/><E41/><V28/><F26/><W93/><G135/><T50/><D89/><U94/><E13/><N who="2" m="7343" /><F11/><W0/><G126/><T91/><D91/><U111/><E111/><V129/><F2/><W36/><G109/><T127/><D58/><N who="1" m="37271" /><E75/><V84/><F84/><W29/><G0/><T71/><D71/><U56/><E56/><V19/><F19/><W116/><G79/><T52/><D127/><U110/><E110/><V59/><F59/><W105/><G116/><T37/><D47/><N who="2" m="17994" /><F129/><W131/><G131/><T122/><D43/><U16/><E16/><V106/><F106/><W5/><G35/><T62/><D62/><U40/><E40/><V4/><F4/><W18/><G32/><T21/><D122/><U102/><E102/><AGARI ba="1,0" hai="28,31,92,98,102" m="17994,7343,51819" machi="102" ten="30,3900,0" yaku="20,1,52,2" doraHai="25" who="2" fromWho="1" sc="431,0,216,-42,128,42,225,0" /><INIT seed="2,0,0,1,1,63" ten="431,174,170,225" oya="2" hai0="69,93,121,90,51,17,13,56,86,27,59,49,130" hai1="29,119,114,30,103,135,95,68,44,45,5,124,47" hai2="23,96,58,46,18,43,88,38,52,91,131,102,120" hai3="15,48,4,33,132,73,125,79,22,129,107,98,117"/><V57/><F120/><W60/><G117/><T41/><D121/><U10/><E119/><V8/><F131/><W42/><G33/><T77/><D69/><U40/><E114/><V12/><F8/><W55/><G129/><T118/><D130/><U35/><E68/><V31/><F31/><W116/><G116/><T123/><D123/><U105/><E124/><V76/><F76/><W75/><G125/><T94/><D118/><U84/><E135/><V113/><F113/><W66/><G132/><T32/><D77/><U21/><E35/><V71/><F71/><W109/><G109/><T26/><D94/><U16/><E40/><V87/><F87/><W11/><G42/><T54/><D32/><U72/><E105/><V97/><F58/><W74/><G22/><N who="0" m="11567" /><D56/><U128/><E72/><V108/><F108/><W14/><G79/><T112/><D112/><U0/><E128/><V67/><F97/><W65/><G60/><T25/><D25/><U92/><E92/><V28/><F28/><W6/><G15/><T53/><D54/><U62/><E62/><V134/><F134/><W85/><G85/><T100/><D100/><U104/><E104/><V111/><F111/><W83/><G83/><T122/><D122/><U70/><E70/><V24/><F24/><W115/><G115/><T64/><D64/><N who="3" m="24681" /><G4/><T9/><D41/><U7/><E7/><V82/><F82/><W80/><G80/><T99/><D86/><U2/><E2/><V19/><F43/><W39/><G39/><T78/><D78/><U126/><E126/><V101/><F38/><W81/><G81/><RYUUKYOKU ba="0,0" sc="431,0,174,0,170,0,225,0" /><INIT seed="3,1,0,1,2,108" ten="431,174,170,225" oya="3" hai0="9,94,68,58,134,13,25,8,21,131,67,120,87" hai1="135,59,12,110,107,101,11,77,49,96,27,33,38" hai2="132,79,117,98,100,17,3,41,60,20,133,122,82" hai3="43,81,26,62,42,45,92,40,39,90,80,29,53"/><W64/><G53/><T84/><D120/><U73/><E38/><V23/><F122/><W111/><G111/><T85/><D68/><U65/><E110/><V50/><F3/><W128/><G128/><T16/><D134/><N who="2" m="51818" /><F117/><W113/><G113/><T66/><D131/><U91/><E135/><V123/><F123/><W109/><G109/><T86/><D58/><U71/><E91/><V70/><F41/><W56/><G43/><T32/><D32/><U125/><E125/><V18/><F50/><W104/><G104/><T34/><D34/><U78/><E73/><N who="2" m="43375" /><F70/><W127/><G40/><T19/><D9/><U46/><E71/><V0/><F60/><W4/><G4/><T31/><D31/><U30/><E65/><V54/><F54/><W22/><REACH who="3" step="1"/><G127/><REACH who="3" ten="431,174,170,215" step="2"/><T116/><D116/><U119/><E119/><V52/><F52/><W102/><G102/><T97/><N who="0" m="22016" /><DORA hai="61" /><T99/><D99/><AGARI ba="1,1" hai="22,26,29,39,42,45,56,62,64,80,81,90,92,99" machi="99" ten="30,5800,0" yaku="1,1,7,1,52,1,53,0" doraHai="108,61" doraHaiUra="44,103" who="3" fromWho="0" sc="431,-61,174,0,170,0,215,71" /><INIT seed="3,2,0,0,5,108" ten="370,174,170,286" oya="3" hai0="40,15,35,111,27,105,103,94,99,97,32,122,29" hai1="10,19,133,115,6,11,37,78,113,24,75,18,25" hai2="0,46,59,80,39,120,109,116,16,41,5,96,17" hai3="72,44,104,23,48,126,30,56,118,90,92,124,43"/><W106/><G118/><T54/><D122/><U55/><E37/><V132/><F120/><W67/><G72/><T50/><D111/><U65/><E65/><V127/><F109/><W114/><G114/><N who="1" m="43530" /><E55/><V125/><F116/><W12/><G56/><T95/><D40/><U14/><E78/><V45/><F132/><W82/><G82/><T70/><D70/><U21/><E75/><V135/><F135/><W102/><G102/><T123/><D123/><U13/><E133/><V128/><F128/><W26/><G12/><AGARI ba="2,0" hai="6,10,11,12,13,14,18,19,21,24,25" m="43530" machi="12" ten="30,8000,1" yaku="34,2,52,3" doraHai="108" who="1" fromWho="3" sc="370,0,174,86,170,0,286,-86" /><INIT seed="4,0,0,0,4,131" ten="370,260,170,200" oya="0" hai0="67,4,57,20,44,91,82,13,52,2,124,89,65" hai1="84,45,25,95,93,109,18,112,132,105,94,60,38" hai2="31,97,5,54,130,50,92,16,78,74,39,26,49" hai3="47,123,108,87,9,117,76,81,90,118,63,55,27"/><T116/><D116/><U48/><E109/><V34/><F130/><W6/><G108/><T126/><D2/><U127/><E105/><V64/><F39/><W102/><G123/><T33/><D33/><U134/><E38/><V15/><F64/><N who="0" m="24650" /><D44/><U133/><E60/><V17/><F50/><W121/><G121/><T37/><D37/><U58/><E58/><V120/><F120/><W59/><G102/><T119/><D119/><U114/><E127/><N who="0" m="48681" /><D82/><U51/><E84/><V110/><F110/><W80/><G27/><T56/><D56/><U122/><E122/><V103/><F78/><W41/><G90/><T96/><D96/><U107/><E107/><V111/><F111/><W11/><G81/><T70/><D70/><U66/><E66/><V21/><F74/><W0/><G11/><N who="0" m="4327" /><D20/><N who="1" m="13463" /><E51/><AGARI ba="0,0" hai="0,6,9,41,47,51,55,59,63,76,80,87,117,118" machi="51" ten="30,1000,0" yaku="7,1" doraHai="131" who="3" fromWho="1" sc="370,0,260,-10,170,0,200,10" /><AGARI ba="0,0" hai="51,52,57,89,91" m="4327,48681,24650" machi="51" ten="30,2900,0" yaku="18,1,54,1" doraHai="131" who="0" fromWho="1" sc="370,29,250,-29,170,0,210,0" /><INIT seed="4,1,0,2,1,75" ten="399,221,170,210" oya="0" hai0="134,4,107,87,37,73,60,26,113,130,57,129,36" hai1="119,116,29,50,127,3,100,0,77,83,40,88,42" hai2="102,54,55,123,33,49,56,7,1,14,95,66,32" hai3="58,79,105,51,92,48,112,120,45,135,23,11,67"/><T52/><D73/><U74/><E127/><V85/><F123/><W111/><G105/><T72/><D72/><U103/><E29/><V89/><F1/><W43/><G111/><T19/><D107/><U18/><E3/><V65/><F33/><W98/><G120/><T12/><D113/><U64/><E0/><V22/><F32/><W5/><G112/><T30/><D4/><U99/><E64/><V84/><F102/><W24/><G135/><T17/><D134/><U104/><E100/><V117/><F117/><W59/><G51/><T71/><D71/><U118/><E50/><V106/><F106/><W80/><G67/><T13/><D87/><U20/><REACH who="1" step="1"/><E88/><REACH who="1" ten="399,211,170,210" step="2"/><V94/><F55/><W62/><G48/><T2/><D2/><U38/><E38/><V101/><F101/><W124/><G124/><T96/><D36/><U128/><E128/><N who="0" m="49257" /><D37/><U53/><E53/><V90/><F7/><W108/><G5/><T91/><D91/><U9/><E9/><V34/><F34/><W109/><G11/><T70/><D30/><U28/><E28/><V10/><F10/><W35/><G35/><T114/><D114/><U125/><E125/><V122/><F122/><W8/><G8/><T131/><D131/><U6/><E6/><V110/><F110/><W25/><G109/><T15/><D52/><U132/><E132/><V81/><F81/><W93/><G80/><T21/><D21/><U61/><E61/><V126/><F126/><W97/><G62/><T63/><D60/><U47/><E47/><V86/><F22/><W27/><G23/><T31/><D63/><RYUUKYOKU ba="1,1" sc="399,-10,211,30,170,-10,210,-10" hai1="18,20,40,42,74,77,83,99,103,104,116,118,119" /><INIT seed="5,2,1,5,1,54" ten="389,241,160,200" oya="1" hai0="51,25,10,123,94,52,71,129,69,47,132,85,101" hai1="73,32,40,4,105,64,81,89,59,46,7,90,11" hai2="56,63,113,107,119,53,115,104,103,13,35,77,95" hai3="65,28,118,114,34,17,6,12,67,125,14,68,37"/><U108/><E105/><V112/><F119/><W49/><G37/><T111/><D111/><U41/><E32/><V92/><F35/><W20/><G114/><T33/><D132/><U106/><E106/><N who="2" m="40491" /><F103/><W99/><G125/><T0/><D129/><U39/><E108/><V8/><F77/><W128/><G128/><T42/><D123/><U58/><E41/><V87/><F87/><W133/><G133/><T29/><D42/><U134/><E134/><V116/><F116/><W88/><G118/><T18/><D101/><U26/><E26/><V127/><F127/><W100/><G100/><T43/><D43/><U55/><E64/><V45/><F45/><W48/><G34/><T27/><D27/><U1/><E7/><AGARI ba="2,1" hai="7,8,13,53,56,63,92,95,112,113,115" m="40491" machi="7" ten="40,5200,0" yaku="15,1,11,1,52,1" doraHai="54" who="2" fromWho="1" sc="389,0,241,-58,160,68,200,0" /><INIT seed="6,0,0,3,3,51" ten="389,183,228,200" oya="2" hai0="115,0,2,107,78,112,44,19,96,103,1,90,105" hai1="80,121,27,8,128,113,98,61,84,34,129,30,82" hai2="86,131,74,5,35,50,28,135,52,11,45,101,97" hai3="132,110,108,29,43,92,89,7,6,9,38,114,116"/><V17/><F74/><W55/><G116/><T125/><D125/><U88/><E113/><N who="0" m="43593" /><D78/><U127/><E127/><V46/><F135/><W32/><G114/><T111/><D111/><U118/><E118/><V15/><F131/><N who="1" m="50249" /><E121/><V71/><F71/><W99/><G132/><T94/><D44/><U68/><E98/><V40/><F86/><W67/><G67/><T70/><D70/><U77/><E8/><V53/><F35/><W102/><G43/><T126/><D126/><U14/><E14/><N who="2" m="5487" /><F28/><W54/><G38/><T23/><D103/><U49/><E49/><N who="2" m="26791" /><F97/><W47/><G47/><T122/><D122/><U72/><E68/><V76/><F101/><W63/><G63/><AGARI ba="0,0" hai="27,30,34,61,63,72,77,80,82,84,88" m="50249" machi="63" ten="30,2000,0" yaku="19,1,54,1" doraHai="51" who="1" fromWho="3" sc="389,0,183,20,228,0,200,-20" /><INIT seed="7,0,0,4,3,65" ten="389,203,228,180" oya="3" hai0="88,132,115,113,64,48,102,62,129,90,101,54,9" hai1="6,111,84,43,134,34,14,35,50,33,10,38,96" hai2="18,66,104,40,126,91,80,120,103,11,28,49,78" hai3="72,44,95,107,4,15,127,76,17,93,87,116,124"/><W47/><G107/><T39/><D39/><U8/><E111/><V59/><F28/><W85/><G116/><T24/><D132/><U69/><E69/><V63/><F91/><N who="0" m="34858" /><D129/><U16/><E38/><V13/><F126/><N who="3" m="48171" /><G4/><T100/><D24/><U32/><E134/><V5/><F120/><W81/><G87/><T31/><D31/><U41/><E35/><V73/><F104/><W82/><G82/><T45/><D9/><U12/><E84/><N who="2" m="48151" /><F103/><N who="0" m="26370" /><T20/><DORA hai="42" /><D20/><U26/><E26/><V114/><F73/><W21/><G72/><T112/><D64/><U128/><E128/><V117/><F117/><W61/><G61/><AGARI ba="0,0" hai="45,48,54,61,62,112,113,115" m="26370,34858" machi="61" ten="40,8000,1" yaku="15,1,11,1,52,1,54,1" doraHai="65,42" who="0" fromWho="3" sc="389,80,203,0,228,0,180,-80" owari="469,57.0,203,-20.0,228,3.0,100,-40.0" /></mjloggm>