<mjloggm ver="2.3"><GO type="169" lobby="0"/><UN n0="%58%69" n1="%E3%82%86%E3%81%BF%E2%98%86%E3%83%9F" n2="%E8%92%BC%E9%B4%89" n3="%49%72%69%73%2A" dan="17,16,16,18" rate="2130.60,2089.59,2110.19,2201.93" sx="M,F,M,F"/><TAIKYOKU oya="0"/><INIT seed="0,0,0,1,5,11" ten="250,250,250,250" oya="0" hai0="2,63,109,122,38,83,93,31,3,103,68,94,41" hai1="95,104,91,6,52,55,34,73,30,37,118,1,71" hai2="102,121,53,106,64,85,49,114,92,25,4,32,98" hai3="129,66,65,69,13,62,82,75,119,60,131,54,108"/><T130/><D122/><U20/><E34/><V99/><F121/><W15/><G119/><T36/><D31/><U33/><E104/><V84/><F114/><W110/><G54/><T59/><D68/><U61/><E73/><V88/><F64/><W47/><G47/><T128/><D83/><U7/><E37/><N who="0" m="14441" /><D41/><U96/><E33/><V126/><F126/><W116/><G116/><T80/><D80/><U89/><E118/><V115/><F115/><W107/><G107/><T74/><D74/><U70/><E91/><V44/><REACH who="2" step="1"/><F4/><REACH who="2" ten="250,250,240,250" step="2"/><W81/><G75/><T127/><D127/><U117/><E117/><V19/><F19/><W123/><G123/><T22/><D130/><U111/><E71/><AGARI ba="0,1" hai="13,15,60,62,65,66,69,71,81,82,108,110,129,131" machi="71" ten="25,6400,0" yaku="22,2,52,2" doraHai="11" who="3" fromWho="1" sc="250,0,250,-64,240,0,250,74" /><INIT seed="1,0,0,0,1,49" ten="250,186,240,324" oya="1" hai0="61,4,97,90,71,94,103,56,60,72,125,55,70" hai1="23,85,31,25,95,131,52,50,132,11,7,129,114" hai2="135,42,46,67,111,118,15,99,18,22,57,3,81" hai3="33,126,75,83,13,65,38,54,133,93,63,9,62"/><U74/><E74/><V26/><F118/><W20/><G33/><T120/><D125/><U29/><E114/><V92/><F111/><W76/><G38/><T96/><D72/><U12/><E132/><V104/><F135/><W41/><G41/><T2/><D120/><U68/><E68/><V82/><F3/><W115/><G115/><T10/><REACH who="0" step="1"/><D61/><REACH who="0" ten="240,186,240,324" step="2"/><U0/><E85/><V102/><F104/><AGARI ba="0,1" hai="2,4,10,55,56,60,70,71,90,94,96,97,103,104" machi="104" ten="30,7700,0" yaku="1,1,2,1,7,1,52,1,53,0" doraHai="49" doraHaiUra="40" who="0" fromWho="2" sc="240,87,186,0,240,-77,324,0" /><INIT seed="2,0,0,0,5,88" ten="327,186,163,324" oya="2" hai0="7,127,13,6,133,36,92,100,55,19,44,95,128" hai1="94,22,35,116,83,59,98,80,72,112,68,58,63" hai2="86,79,53,48,132,131,74,103,101,121,9,41,89" hai3="91,54,3,12,43,67,97,16,17,29,15,45,111"/><V120/><F131/><W52/><G3/><T31/><D31/><U8/><E35/><V90/><F132/><W25/><G67/><T50/><D36/><U4/><E112/><V106/><F41/><W124/><G111/><T33/><D33/><U61/><E68/><V69/><F69/><W96/><G124/><T28/><D28/><U81/><E72/><V123/><F106/><W65/><G65/><T70/><D70/><U46/><E46/><V27/><F74/><W77/><G77/><T134/><D127/><U114/><E114/><V99/><F79/><W118/><G29/><T113/><D100/><N who="1" m="60503" /><E22/><V85/><F27/><W2/><G25/><T135/><D113/><U130/><E130/><V23/><F23/><W51/><G2/><T108/><D108/><U75/><E75/><V11/><F99/><W122/><G97/><T107/><D107/><U115/><E116/><V78/><F78/><W129/><G122/><T110/><D110/><U104/><E104/><V84/><F53/><W62/><G54/><T30/><D30/><U49/><E49/><V73/><F48/><W34/><G34/><T105/><D105/><U71/><E71/><V47/><F47/><W126/><G118/><T42/><D128/><U119/><E119/><V125/><F73/><W64/><G43/><T37/><D37/><U102/><E102/><N who="2" m="38923" /><F125/><W82/><G126/><T76/><D42/><U40/><E40/><V39/><F39/><W20/><G129/><T14/><D76/><U10/><E115/><V0/><F0/><W32/><G32/><T117/><D117/><U93/><E93/><RYUUKYOKU ba="0,0" sc="327,-10,186,-10,163,30,324,-10" hai2="9,11,84,85,86,89,90,120,121,123" /><INIT seed="2,1,0,4,2,100" ten="317,176,193,314" oya="2" hai0="65,30,84,111,9,118,13,19,11,66,128,97,24" hai1="90,117,50,68,105,62,135,14,39,103,113,73,82" hai2="55,35,44,72,74,33,8,99,96,109,87,104,108" hai3="7,51,37,130,131,29,134,91,45,21,48,115,132"/><V15/><F87/><W75/><G75/><N who="2" m="28713" /><F55/><W76/><G76/><T53/><D111/><N who="2" m="42570" /><F44/><W2/><G48/><T17/><D128/><U71/><E39/><V0/><F0/><W107/><G37/><T123/><D123/><U133/><E113/><V56/><F56/><W106/><G115/><T26/><D118/><U88/><E117/><V127/><F127/><W20/><G51/><T16/><D84/><U86/><E50/><V54/><F54/><W121/><G45/><T101/><D53/><U4/><E62/><V31/><F31/><W61/><G61/><T126/><D126/><U59/><E59/><V18/><F99/><W102/><G29/><T49/><D49/><U60/><E60/><V42/><F42/><W3/><G121/><T5/><D11/><N who="1" m="4455" /><E90/><V23/><F8/><W129/><G91/><T41/><D41/><U43/><E43/><V125/><F125/><W93/><G130/><T52/><D52/><U38/><E38/><V67/><F67/><W112/><G112/><T95/><REACH who="0" step="1"/><D26/><REACH who="0" ten="307,176,193,314" step="2"/><U57/><E73/><V27/><F27/><W25/><G25/><T122/><D122/><U70/><E70/><V69/><F69/><W36/><G36/><T77/><D77/><U79/><E79/><V1/><F1/><W6/><G3/><T80/><D80/><U124/><E124/><V58/><F58/><W116/><G2/><T46/><D46/><U64/><E57/><V32/><F96/><W92/><G116/><T28/><D28/><U85/><E85/><V83/><F83/><W114/><G114/><T119/><D119/><U89/><E64/><RYUUKYOKU ba="1,1" sc="307,10,176,-30,193,10,314,10" hai0="5,9,13,16,17,19,24,30,65,66,95,97,101" hai2="15,18,23,32,33,35,104" hai3="6,7,20,21,92,93,102,106,107,129,131,132,134" /><INIT seed="2,2,1,5,0,78" ten="317,146,203,324" oya="2" hai0="127,54,106,62,6,3,129,24,77,101,87,23,35" hai1="30,119,34,22,116,18,56,15,95,82,86,89,107" hai2="42,114,13,63,96,115,55,128,112,17,58,83,43" hai3="5,88,67,90,44,91,69,21,64,73,51,33,16"/><V41/><F128/><W59/><G69/><T25/><D35/><U37/><E107/><V105/><F105/><W124/><G33/><T20/><D106/><U97/><E37/><V80/><REACH who="2" step="1"/><F96/><REACH who="2" ten="317,146,193,324" step="2"/><W68/><G124/><T47/><D127/><U32/><E56/><V27/><F27/><W121/><G59/><T10/><D129/><U92/><E92/><V93/><F93/><W49/><G68/><T98/><D24/><U48/><E48/><V8/><AGARI ba="2,2" hai="8,13,17,41,42,43,55,58,63,80,83,112,114,115" machi="8" ten="40,18000,2" yaku="1,1,0,1,52,2,53,3" doraHai="78" doraHaiUra="109" who="2" fromWho="2" sc="317,-62,146,-62,193,206,324,-62" /><INIT seed="2,3,0,1,3,123" ten="255,84,399,262" oya="2" hai0="29,40,86,84,126,120,56,33,110,105,70,17,76" hai1="10,80,41,65,63,82,77,35,106,135,108,54,87" hai2="21,129,6,109,32,103,114,36,15,31,42,43,132" hai3="24,134,67,81,79,52,48,55,12,59,66,9,93"/><V45/><F114/><W102/><G134/><T78/><D120/><U34/><E106/><V2/><F129/><W124/><G124/><T91/><D105/><U64/><E135/><V51/><F132/><W127/><G127/><T19/><D70/><U28/><E41/><V112/><F112/><W13/><G24/><T116/><D126/><U46/><E10/><V99/><F32/><W131/><G131/><T90/><D40/><U14/><E14/><V133/><F2/><W89/><G102/><T25/><D56/><U69/><E65/><V96/><F133/><W130/><G130/><T68/><D68/><U71/><E71/><V122/><F122/><W58/><G81/><T5/><D5/><U97/><E97/><V128/><F128/><W0/><G79/><T26/><D33/><U38/><E82/><V20/><F36/><W22/><G13/><T125/><D125/><U111/><E38/><V83/><F83/><W39/><G22/><T94/><D29/><U60/><E60/><V11/><F42/><W113/><G0/><T47/><D47/><U100/><E100/><V118/><F118/><W57/><G39/><T37/><D37/><U95/><E95/><N who="2" m="58783" /><F31/><W73/><G66/><T3/><D3/><U107/><E107/><V101/><F21/><W16/><G67/><T75/><D94/><U74/><E74/><V115/><F20/><W98/><G73/><T119/><D75/><U61/><E61/><V44/><F115/><W1/><G113/><T7/><D7/><U121/><E121/><V104/><F45/><N who="3" m="27663" /><G1/><T117/><D116/><U23/><E23/><RYUUKYOKU ba="3,0" sc="255,10,84,-30,399,10,262,10" hai0="17,19,25,26,76,78,84,86,90,91,110,117,119" hai2="6,11,15,43,44,51,99,101,104,109" hai3="9,12,16,55,57,58,59,89,93,98" /><INIT seed="2,4,0,1,1,1" ten="265,54,409,272" oya="2" hai0="37,92,95,73,14,113,102,10,82,26,44,127,120" hai1="42,128,126,108,77,8,4,36,110,18,23,96,91" hai2="9,60,121,80,131,56,75,97,31,76,116,62,52" hai3="22,7,39,117,81,87,83,66,2,70,135,6,59"/><V40/><F121/><W58/><G117/><T43/><D113/><U69/><E69/><V107/><F116/><W88/><G39/><T111/><D111/><N who="1" m="42539" /><E77/><V38/><F131/><W84/><G2/><T93/><D120/><U86/><E96/><V114/><F114/><W67/><G70/><T41/><D41/><U64/><E64/><N who="3" m="24618" /><G135/><T15/><D127/><U48/><E36/><V98/><F31/><W11/><G11/><T105/><D26/><N who="1" m="14711" /><E128/><V115/><F115/><W118/><G22/><T57/><D105/><U50/><E42/><V5/><F107/><W65/><G118/><T100/><D100/><U90/><E126/><V12/><F62/><N who="3" m="38103" /><G59/><T55/><D102/><U124/><E124/><V133/><REACH who="2" step="1"/><F133/><REACH who="2" ten="265,54,399,272" step="2"/><W24/><G24/><T78/><D10/><U132/><E132/><V99/><F99/><W51/><G51/><N who="1" m="19498" /><E86/><V79/><F79/><AGARI ba="4,1" hai="6,7,79,81,83,84,87,88" m="38103,24618" machi="79" ten="30,7700,0" yaku="8,1,52,2,54,1" doraHai="1" who="3" fromWho="2" sc="265,0,54,0,399,-89,272,99" /><INIT seed="3,0,0,0,0,124" ten="265,54,310,371" oya="3" hai0="33,79,10,65,131,94,5,88,102,92,126,36,2" hai1="49,104,84,26,109,18,16,130,38,39,44,96,11" hai2="95,89,52,118,129,76,51,81,70,98,107,111,128" hai3="9,20,40,134,59,24,7,75,103,27,93,116,78"/><W119/><G134/><T66/><D36/><U4/><E109/><V64/><F118/><W73/><G40/><T19/><D33/><U105/><E84/><V35/><F111/><W80/><G73/><T13/><D126/><U55/><E130/><N who="2" m="50283" /><F35/><W114/><G114/><T34/><D34/><U120/><E120/><V71/><F64/><W31/><G27/><T25/><D131/><U74/><E74/><N who="2" m="43159" /><F107/><W77/><G77/><T106/><D79/><U50/><E50/><V42/><F42/><W82/><G116/><T91/><D106/><U47/><E105/><V37/><F37/><W87/><G78/><T28/><D66/><U99/><E104/><V101/><F101/><W54/><G75/><T43/><D102/><U14/><E39/><V121/><F121/><W21/><G103/><T97/><D43/><U58/><E38/><V12/><F12/><W57/><G119/><T117/><D65/><U46/><REACH who="1" step="1"/><E26/><REACH who="1" ten="265,44,310,371" step="2"/><V83/><F83/><W108/><G82/><T53/><D117/><U125/><E125/><V135/><F135/><W127/><G80/><T1/><D25/><U6/><E6/><V15/><F15/><W133/><G127/><T63/><D5/><U67/><E67/><V17/><F17/><AGARI ba="0,1" hai="4,11,14,16,17,18,44,46,47,49,55,58,96,99" machi="17" ten="40,5200,0" yaku="1,1,8,1,54,1,53,0" doraHai="124" doraHaiUra="29" who="1" fromWho="2" sc="265,0,44,62,310,-52,371,0" /><INIT seed="4,0,0,5,4,86" ten="265,106,258,371" oya="0" hai0="2,57,20,71,92,29,4,49,93,117,121,17,60" hai1="88,94,84,58,77,13,14,129,53,100,33,39,1" hai2="30,67,10,125,72,91,87,122,11,80,9,45,6" hai3="64,89,31,3,132,43,34,65,18,69,26,44,118"/><T133/><D117/><U115/><E1/><V101/><F122/><W52/><G118/><T113/><D121/><U81/><E33/><V99/><F125/><W59/><G3/><T22/><D71/><U41/><E129/><V74/><F6/><W47/><G69/><T16/><D29/><U24/><E24/><V96/><F96/><W97/><G132/><T102/><D133/><U48/><E115/><V61/><F45/><W111/><G18/><N who="0" m="7275" /><D2/><U55/><E100/><V135/><F30/><W5/><G5/><T12/><D49/><N who="1" m="31023" /><E41/><V103/><F103/><W42/><G42/><T95/><D102/><U106/><E39/><V23/><F23/><N who="0" m="8746" /><D113/><U128/><E106/><V35/><F35/><W107/><G107/><T38/><D38/><U119/><E119/><V19/><F19/><W83/><G43/><T109/><D109/><U78/><E128/><V82/><F135/><W116/><G111/><T76/><D76/><N who="1" m="29291" /><E81/><V75/><F80/><W46/><G116/><T62/><D57/><AGARI ba="0,0" hai="13,14,48,55,57,84,88,94" m="29291,31023" machi="57" ten="30,3900,0" yaku="8,1,52,1,54,1" doraHai="86" who="1" fromWho="0" sc="265,-39,106,39,258,0,371,0" /><INIT seed="5,0,0,3,3,23" ten="226,145,258,371" oya="1" hai0="103,26,69,52,54,107,74,127,80,131,89,134,33" hai1="10,121,30,72,101,117,48,92,100,2,47,45,87" hai2="57,21,128,73,64,24,43,122,59,53,83,76,62" hai3="3,61,58,99,82,71,16,49,14,119,34,65,110"/><U6/><E121/><V109/><F122/><W12/><G110/><T97/><D69/><U22/><E72/><V27/><F128/><W108/><G3/><T66/><D66/><U25/><E117/><V28/><F109/><W38/><G108/><T135/><D127/><U105/><E105/><V15/><F43/><W98/><G34/><T5/><D5/><U63/><E63/><V95/><F95/><W44/><G119/><T130/><D89/><U132/><E132/><N who="0" m="50729" /><D80/><U18/><E47/><V113/><F113/><W75/><G14/><T56/><D74/><U114/><E114/><V41/><F41/><N who="3" m="22583" /><G82/><T78/><D78/><U42/><REACH who="1" step="1"/><E30/><REACH who="1" ten="226,135,258,371" step="2"/><V104/><F104/><W94/><G75/><T51/><D54/><U9/><E9/><V35/><F53/><W29/><G29/><AGARI ba="0,1" hai="26,29,33,51,52,56,97,103,107,130,131" m="50729" machi="29" ten="30,3900,0" yaku="20,1,52,1,54,1" doraHai="23" who="0" fromWho="3" sc="226,49,135,0,258,0,371,-39" /><INIT seed="6,0,0,0,5,18" ten="275,135,258,332" oya="2" hai0="50,35,17,16,54,41,91,32,64,15,20,62,19" hai1="110,77,94,124,130,5,90,6,43,121,115,132,103" hai2="44,69,100,86,129,80,71,48,135,30,123,83,96" hai3="24,98,119,65,113,102,79,10,127,59,40,45,101"/><V22/><F123/><W8/><G119/><T111/><D111/><U92/><E92/><V93/><F129/><W133/><G127/><T42/><D32/><U0/><E0/><V25/><F135/><W28/><G133/><T97/><D35/><U118/><E121/><V81/><REACH who="2" step="1"/><F86/><REACH who="2" ten="275,135,248,332" step="2"/><W37/><G113/><T51/><D41/><AGARI ba="0,1" hai="22,25,30,41,44,48,69,71,80,81,83,93,96,100" machi="41" ten="40,7700,0" yaku="1,1,2,1,52,1,53,0" doraHai="18" doraHaiUra="31" who="2" fromWho="0" sc="275,-77,135,0,248,87,332,0" /><INIT seed="6,1,0,3,1,51" ten="198,135,335,332" oya="2" hai0="95,127,94,125,52,53,120,27,54,128,16,24,119" hai1="46,9,35,134,70,18,45,34,117,132,19,91,32" hai2="98,37,21,44,97,121,89,28,64,68,83,12,7" hai3="82,25,111,29,85,102,69,5,100,79,86,41,88"/><V57/><F121/><W59/><G111/><T30/><D120/><U106/><E70/><V101/><F68/><W103/><G69/><T124/><D128/><U112/><E106/><V104/><F7/><W116/><G116/><T43/><D119/><U80/><E117/><V130/><F130/><W110/><G110/><T0/><D0/><U49/><E112/><V55/><F64/><W10/><G41/><T31/><D43/><U17/><E80/><V75/><F37/><W3/><G59/><T90/><D16/><U135/><E91/><V20/><F44/><N who="1" m="17001" /><E49/><V42/><F42/><W48/><G48/><T6/><D6/><U8/><AGARI ba="1,0" hai="8,9,17,18,19,32,34,35,132,134,135" m="17001" machi="8" ten="50,8000,1" yaku="29,2,28,2,20,1" doraHai="51" who="1" fromWho="1" sc="198,-21,135,83,335,-41,332,-21" /><INIT seed="7,0,0,5,3,98" ten="177,218,294,311" oya="3" hai0="81,11,62,45,69,66,126,105,131,74,24,53,122" hai1="16,90,42,3,10,56,83,91,110,5,31,17,57" hai2="128,43,135,8,0,97,30,87,96,63,25,86,39" hai3="127,23,129,121,119,15,106,113,92,103,73,78,104"/><W72/><G23/><T12/><D122/><U4/><E110/><V2/><F63/><W49/><G15/><T51/><D131/><U61/><E42/><V50/><F39/><W65/><G49/><N who="0" m="28847" /><D105/><N who="3" m="40553" /><G65/><N who="0" m="41143" /><D74/><U115/><E57/><V34/><F128/><W1/><G127/><T36/><D81/><U27/><E5/><V88/><F135/><W21/><G21/><T20/><D20/><U55/><E115/><V44/><F86/><W47/><G113/><T102/><D24/><U38/><E38/><V80/><REACH who="2" step="1"/><F8/><REACH who="2" ten="177,218,284,311" step="2"/><W120/><G129/><T22/><D11/><U111/><E111/><V14/><F14/><W108/><G108/><T28/><D12/><U94/><E83/><V75/><F75/><N who="3" m="28747" /><G1/><AGARI ba="0,1" hai="0,1,2,25,30,34,43,44,50,80,87,88,96,97" machi="1" ten="40,5200,0" yaku="1,1,54,1,53,1" doraHai="98" doraHaiUra="84" who="2" fromWho="3" sc="177,0,218,0,284,62,311,-52" owari="177,-32.0,218,-18.0,346,44.0,259,6.0" /></mjloggm>