<mjloggm ver="2.3"><GO type="169" lobby="0"/><UN n0="%E3%82%A2%E3%83%95%E3%83%AA%E3%82%AB" n1="%53%48%45%45%50%32%30%30" n2="%EF%BC%A0%E4%B8%AD%E6%9D%91%E8%B1%AA" n3="%73%61%62%6F%34%30" dan="16,17,16,16" rate="2128.57,2185.16,2120.49,2084.69" sx="M,M,M,M"/><TAIKYOKU oya="0"/><INIT seed="0,0,0,4,2,97" ten="250,250,250,250" oya="0" hai0="81,52,75,13,126,55,125,84,74,23,121,111,21" hai1="60,43,82,3,62,73,53,10,122,0,47,95,18" hai2="92,69,44,68,64,96,103,102,27,35,119,32,94" hai3="114,42,28,105,40,14,76,17,101,33,56,54,72"/><T88/><D121/><U86/><E122/><V118/><F44/><W132/><G114/><T38/><D38/><U91/><E53/><N who="0" m="20553" /><D111/><U129/><E129/><V8/><F8/><W4/><G4/><T133/><D133/><U79/><E0/><V41/><F41/><W117/><G132/><T83/><D83/><U45/><E45/><V37/><F37/><W63/><G117/><N who="2" m="44553" /><F64/><W26/><G76/><T128/><D128/><U123/><E123/><V39/><F39/><W65/><G72/><N who="0" m="27691" /><D13/><U80/><E80/><V2/><F2/><W34/><G34/><N who="2" m="12841" /><F27/><W107/><G107/><T25/><D25/><U120/><E120/><V22/><F22/><W115/><G115/><T9/><D9/><U110/><E110/><V1/><F1/><W61/><G14/><T5/><D5/><U7/><REACH who="1" step="1"/><E18/><REACH who="1" ten="250,240,250,250" step="2"/><V12/><F12/><W48/><G17/><T134/><D134/><U57/><E57/><V124/><F124/><AGARI ba="0,1" hai="21,23,81,84,88,124,125,126" m="27691,20553" machi="124" ten="30,5800,0" yaku="18,1,54,2" doraHai="97" who="0" fromWho="2" sc="250,68,240,0,250,-58,250,0" /><INIT seed="0,1,0,2,2,119" ten="318,240,192,250" oya="0" hai0="12,28,70,135,98,10,51,75,111,58,16,21,85" hai1="39,38,84,34,76,68,48,4,66,123,8,132,19" hai2="71,114,53,127,88,67,35,31,130,77,69,79,5" hai3="6,59,95,55,104,65,37,43,61,134,24,118,106"/><T64/><D75/><U23/><E34/><V60/><F114/><W101/><G118/><T78/><D70/><U9/><E132/><V63/><F130/><W82/><G134/><T109/><D135/><U1/><E9/><V15/><F127/><W129/><G129/><T17/><D28/><U121/><E66/><V41/><F41/><W40/><G6/><T117/><D117/><U92/><E68/><V124/><F124/><W81/><G104/><T27/><D98/><U116/><E116/><V110/><F110/><N who="0" m="41994" /><D78/><U11/><E11/><V83/><F31/><W113/><G106/><T120/><D85/><U80/><E92/><V44/><F35/><W46/><G40/><T112/><D112/><U99/><E99/><V89/><F77/><W30/><G113/><T102/><D102/><U18/><E48/><V91/><F15/><W26/><G26/><T14/><D27/><U122/><REACH who="1" step="1"/><E19/><REACH who="1" ten="318,230,192,250" step="2"/><V96/><F96/><W3/><G95/><T36/><D36/><U56/><E56/><V73/><F5/><W45/><G101/><T57/><D64/><U87/><E87/><V29/><F29/><W54/><G65/><T2/><D51/><U32/><E32/><V62/><F67/><W49/><G3/><T72/><D2/><U125/><E125/><V128/><F128/><W13/><G81/><T126/><D126/><U115/><E115/><V42/><REACH who="2" step="1"/><F53/><REACH who="2" ten="318,230,182,250" step="2"/><W33/><G54/><T133/><D133/><U105/><E105/><V47/><F47/><W94/><G46/><T100/><D10/><U20/><E20/><V93/><F93/><W52/><G94/><RYUUKYOKU ba="1,2" sc="318,-15,230,15,182,15,250,-15" hai1="1,4,8,18,23,38,39,76,80,84,121,122,123" hai2="42,44,60,62,63,69,71,73,79,83,88,89,91" /><INIT seed="1,2,2,5,4,94" ten="303,245,197,235" oya="1" hai0="32,46,43,35,130,123,40,96,133,15,9,125,18" hai1="52,90,110,25,114,85,36,104,131,3,6,74,93" hai2="53,100,121,58,103,117,70,13,88,99,69,111,24" hai3="65,89,64,21,78,124,12,26,134,2,19,41,116"/><U33/><E114/><V112/><F117/><W63/><G2/><T98/><D123/><U129/><E36/><V20/><F121/><W29/><G116/><T72/><D72/><U135/><E74/><V71/><F111/><W62/><G78/><T95/><D133/><U28/><E135/><V54/><F13/><W42/><G134/><T105/><D125/><U127/><E127/><V86/><F112/><W77/><G77/><T47/><D130/><N who="1" m="49675" /><E104/><V22/><F22/><W61/><G124/><T60/><D60/><U57/><E110/><V55/><F58/><W31/><G89/><T92/><D105/><U30/><E6/><V97/><F103/><W120/><G120/><T122/><D122/><U27/><E3/><V113/><F100/><W5/><G5/><T83/><D83/><U119/><E119/><V4/><F4/><W79/><G79/><T80/><D80/><U51/><E33/><V14/><F14/><W10/><G31/><AGARI ba="2,2" hai="25,27,28,30,31,51,52,57,85,90,93" m="49675" machi="31" ten="30,2900,0" yaku="19,1,54,1" doraHai="94" who="1" fromWho="3" sc="303,0,245,55,197,0,235,-35" /><INIT seed="1,3,0,3,2,112" ten="303,300,197,200" oya="1" hai0="90,8,116,98,128,107,12,50,64,135,40,58,80" hai1="1,41,5,55,75,111,44,23,27,89,19,7,42" hai2="65,67,86,131,6,69,66,16,113,121,35,37,24" hai3="76,17,125,70,60,46,54,49,32,83,39,105,2"/><U43/><E111/><V48/><F37/><W47/><G105/><T29/><D29/><U130/><E130/><V51/><F121/><W25/><G2/><T133/><D128/><U134/><E134/><N who="0" m="51209" /><D116/><U74/><E89/><V101/><F113/><W31/><G17/><T4/><D107/><U9/><REACH who="1" step="1"/><E5/><REACH who="1" ten="303,290,197,200" step="2"/><V28/><F6/><W0/><G125/><T10/><D90/><U81/><E81/><V123/><F131/><W18/><G83/><T30/><D80/><U56/><E56/><V68/><F123/><W88/><G88/><T34/><D58/><U124/><E124/><V53/><F101/><W115/><G115/><T132/><D132/><U79/><E79/><V110/><F110/><W63/><G76/><T126/><D126/><U57/><E57/><V38/><F69/><W99/><G70/><T106/><D4/><U84/><E84/><V109/><F68/><W59/><G59/><T85/><D85/><U91/><E91/><V78/><F109/><W15/><G63/><T114/><D114/><U45/><E45/><V52/><F86/><W129/><G47/><T103/><D103/><U97/><E97/><V21/><F78/><W117/><G99/><T13/><D98/><U26/><E26/><V3/><F3/><W20/><G0/><T61/><D61/><U127/><E127/><V100/><F100/><W22/><G129/><T93/><D64/><U96/><E96/><V118/><F66/><W33/><G60/><T77/><D77/><U120/><E120/><V14/><F67/><W62/><G62/><T72/><D106/><U104/><E104/><RYUUKYOKU ba="3,1" sc="303,-10,290,30,197,-10,200,-10" hai1="1,7,9,19,23,27,41,42,43,44,55,74,75" /><INIT seed="1,4,1,3,5,51" ten="293,320,187,190" oya="1" hai0="105,68,111,63,117,22,119,47,17,121,53,97,61" hai1="41,129,23,55,125,128,91,84,85,37,11,100,34" hai2="64,115,39,52,65,135,44,21,86,74,71,98,109" hai3="116,122,1,107,5,72,95,7,89,76,127,49,46"/><U60/><E34/><V18/><F74/><W14/><G107/><T12/><D121/><U40/><E125/><V77/><F109/><W93/><G1/><T75/><D75/><U15/><E100/><V2/><F2/><W106/><G106/><T43/><D111/><U9/><E23/><V31/><F31/><W124/><G116/><T104/><D104/><U133/><E133/><V50/><F71/><W110/><G110/><T83/><D83/><U79/><E79/><V88/><F135/><W134/><G134/><T70/><D70/><U102/><E102/><V81/><F39/><W114/><G114/><T78/><D78/><U67/><E67/><V48/><F115/><W27/><G27/><T35/><D35/><U130/><E37/><V0/><F0/><W13/><G122/><T8/><D22/><U28/><E28/><V33/><F33/><W6/><G76/><T4/><D68/><U36/><E36/><V58/><F98/><N who="3" m="57647" /><G95/><T94/><D105/><U99/><E99/><V113/><F113/><W57/><G57/><T108/><D108/><U59/><E9/><V80/><F80/><W24/><G72/><T54/><D117/><U56/><E56/><V123/><F123/><W38/><G38/><T69/><D69/><U90/><E91/><V3/><F3/><W25/><G25/><T42/><D119/><U112/><E112/><V120/><F120/><W20/><G24/><T132/><D132/><U126/><E126/><N who="3" m="48170" /><G20/><T62/><D97/><U103/><E103/><V30/><F77/><W92/><G92/><T118/><D118/><U87/><E90/><RYUUKYOKU ba="4,1" sc="293,-15,320,15,187,-15,190,15" hai1="11,15,40,41,55,59,60,84,85,87,128,129,130" hai3="5,6,7,13,14,46,49" /><INIT seed="1,5,1,4,2,28" ten="278,335,172,205" oya="1" hai0="78,21,49,6,98,68,134,111,56,69,72,60,82" hai1="70,55,100,129,50,64,103,131,71,31,85,44,92" hai2="48,20,41,13,114,122,19,16,9,102,8,94,123" hai3="29,83,75,101,124,132,91,125,67,58,42,112,127"/><U76/><E31/><V59/><F114/><W88/><G112/><T38/><D38/><U128/><E76/><V23/><F122/><W51/><G101/><N who="1" m="38986" /><E64/><V43/><F123/><W34/><G29/><T7/><D98/><U130/><N who="1" m="33280" /><DORA hai="120" /><U84/><E92/><V61/><F94/><W54/><G34/><T116/><D82/><U87/><AGARI ba="5,1" hai="44,50,55,70,71,84,85,87" m="33280,38986" machi="87" ten="60,3000,0" yaku="19,1" doraHai="28,120" who="1" fromWho="1" sc="278,-15,335,55,172,-15,205,-15" /><INIT seed="1,6,0,5,5,96" ten="263,390,157,190" oya="1" hai0="49,95,33,87,124,128,40,37,109,86,18,127,132" hai1="32,52,44,70,45,79,55,66,65,84,93,13,80" hai2="126,118,101,78,103,97,34,39,68,30,38,75,121" hai3="23,15,50,133,81,46,125,14,104,48,41,25,119"/><U58/><E32/><V106/><F118/><W0/><G104/><T88/><D37/><U129/><E129/><V123/><F126/><N who="0" m="48170" /><D128/><U130/><E130/><V115/><F68/><W64/><G0/><T61/><D33/><U74/><E70/><V16/><F16/><W89/><G125/><T98/><D109/><U12/><E74/><V42/><F115/><W113/><G113/><T92/><D132/><U11/><E93/><V107/><F123/><W110/><G133/><T71/><D18/><N who="1" m="8479" /><E13/><V76/><F121/><W100/><G110/><T73/><D73/><U31/><E31/><V102/><F42/><W117/><G64/><N who="1" m="24682" /><E55/><V85/><F30/><W57/><G119/><T99/><D61/><AGARI ba="6,0" hai="44,45,52,58,61,79,80,84" m="24682,8479" machi="61" ten="30,2900,0" yaku="8,1,54,1" doraHai="96" who="1" fromWho="0" sc="263,-47,390,47,157,0,190,0" /><INIT seed="1,7,0,1,3,86" ten="216,437,157,190" oya="1" hai0="56,39,44,87,122,40,18,73,121,27,101,114,47" hai1="76,28,71,134,1,11,19,12,132,128,74,50,20" hai2="72,92,108,112,126,2,117,130,3,131,64,0,124" hai3="24,78,105,129,6,70,10,17,51,14,102,36,31"/><U16/><E71/><V113/><F64/><W5/><G36/><T97/><D73/><U135/><E128/><N who="2" m="49195" /><F92/><W83/><G129/><T89/><D114/><N who="2" m="44138" /><F72/><W80/><G70/><T94/><D56/><U123/><E123/><V38/><F38/><W95/><G105/><T46/><D40/><U99/><E99/><V75/><F75/><W7/><G51/><T45/><D39/><U8/><E50/><V118/><F108/><W63/><G63/><T88/><D47/><U37/><E37/><V93/><F93/><W53/><G53/><T109/><D109/><U127/><E127/><AGARI ba="7,0" hai="0,2,3,117,118,124,126,127" m="44138,49195" machi="127" ten="40,16000,3" yaku="28,2,18,1,19,1,11,1,31,2,34,2" doraHai="86" who="2" fromWho="1" sc="216,0,437,-181,157,181,190,0" /><INIT seed="2,0,0,1,0,90" ten="216,256,338,190" oya="2" hai0="96,40,42,106,55,46,73,47,76,135,88,24,122" hai1="1,59,32,52,50,57,2,62,84,45,13,35,99" hai2="104,26,67,12,102,54,94,61,19,118,91,48,85" hai3="21,115,95,71,65,22,63,79,134,80,6,107,17"/><V7/><F118/><W49/><G107/><T14/><D122/><U98/><E13/><V103/><F7/><W111/><G115/><T66/><D66/><U8/><E84/><V15/><F26/><W28/><G6/><T37/><D135/><U56/><E62/><V130/><F130/><W53/><G134/><T128/><D128/><U82/><E82/><V131/><F131/><W10/><G28/><T105/><D55/><U101/><E8/><V75/><F75/><W64/><G64/><T124/><D124/><U3/><REACH who="1" step="1"/><E101/><REACH who="1" ten="216,246,338,190" step="2"/><N who="2" m="38411" /><F104/><W87/><G10/><T69/><D14/><U83/><E83/><V125/><F125/><W68/><G63/><T41/><D106/><U44/><E44/><N who="2" m="27911" /><F19/><W16/><G16/><T38/><D105/><U112/><E112/><V92/><F61/><W114/><G114/><T5/><D47/><U117/><E117/><V39/><F67/><W129/><G17/><T51/><D46/><U11/><E11/><V113/><F113/><W127/><G65/><T119/><D119/><U58/><N who="1" m="14848" /><DORA hai="23" /><U97/><AGARI ba="0,1" hai="1,2,3,32,35,45,50,52,97,98,99" m="14848" machi="97" ten="50,12000,2" yaku="1,1,4,1,0,1,29,2,54,1,53,0" doraHai="90,23" doraHaiUra="116,121" who="1" fromWho="1" sc="216,-30,246,130,338,-60,190,-30" /><INIT seed="3,0,0,3,2,92" ten="186,376,278,160" oya="3" hai0="79,19,133,99,50,104,93,27,3,20,97,96,2" hai1="9,51,109,117,45,102,100,135,129,5,49,128,23" hai2="54,89,38,88,75,4,111,127,17,122,69,12,56" hai3="42,44,26,126,95,55,124,31,118,105,121,32,53"/><W80/><G105/><T48/><D104/><U91/><E109/><V62/><F75/><W36/><G121/><T60/><D79/><U39/><E135/><V116/><F116/><W84/><G95/><T18/><D133/><U120/><E120/><V119/><F119/><W37/><G37/><T98/><D60/><U29/><E39/><V87/><F38/><W77/><REACH who="3" step="1"/><G118/><REACH who="3" ten="186,376,278,150" step="2"/><T74/><D74/><U14/><E117/><V107/><F107/><W10/><G10/><T114/><D114/><U82/><E9/><V61/><F122/><W134/><G134/><T110/><D110/><U64/><E129/><V41/><F111/><W47/><G47/><T106/><D106/><U76/><E45/><V90/><F127/><AGARI ba="0,1" hai="26,31,32,36,42,44,53,55,77,80,84,124,126,127" machi="127" ten="40,3900,0" yaku="1,1,18,1,53,0" doraHai="92" doraHaiUra="6" who="3" fromWho="2" sc="186,0,376,0,278,-39,150,49" /><INIT seed="3,1,0,1,3,57" ten="186,376,239,199" oya="3" hai0="33,41,81,113,32,42,95,46,133,68,99,69,55" hai1="48,105,79,97,75,35,25,89,30,100,63,13,36" hai2="11,115,34,96,51,1,84,117,5,16,92,118,15" hai3="94,121,7,76,20,58,9,80,45,108,101,8,10"/><W103/><G121/><T56/><D113/><U71/><E36/><V52/><F34/><W124/><G124/><T132/><D81/><U3/><E3/><V43/><F43/><N who="0" m="16394" /><D46/><U126/><E48/><V82/><F115/><W62/><G7/><T54/><D95/><U0/><E0/><V110/><F110/><W29/><G108/><T74/><D99/><U131/><E131/><V85/><F85/><N who="3" m="48263" /><G45/><T88/><D88/><U122/><E122/><V31/><F31/><W127/><G94/><T123/><D74/><U26/><E126/><V119/><F96/><W27/><G127/><T86/><D86/><U125/><E75/><V64/><F64/><AGARI ba="1,0" hai="8,9,10,20,27,29,58,62,64,101,103" m="48263" machi="64" ten="30,2900,0" yaku="8,1,52,1" doraHai="57" who="3" fromWho="2" sc="186,0,376,0,239,-32,199,32" /><INIT seed="3,2,0,2,2,63" ten="186,376,207,231" oya="3" hai0="107,133,135,36,80,104,125,124,52,67,39,7,32" hai1="19,9,40,8,121,57,51,38,0,14,126,78,123" hai2="22,77,17,45,90,3,41,30,117,24,35,127,86" hai3="105,55,37,48,31,13,84,15,98,20,47,21,97"/><W85/><G37/><N who="0" m="14411" /><D80/><U109/><E109/><V42/><F3/><W132/><G132/><N who="0" m="50763" /><D7/><U4/><E126/><N who="0" m="48745" /><D32/><U82/><E121/><V112/><F112/><W100/><G98/><T106/><D52/><U27/><E123/><V93/><F117/><W6/><G6/><T16/><D16/><U5/><E19/><V115/><F115/><W46/><G105/><T94/><D94/><U29/><E5/><V87/><F127/><W113/><G113/><T50/><D50/><U75/><E51/><V76/><F87/><W25/><G97/><T108/><D67/><U130/><E4/><V23/><F35/><W53/><G100/><T58/><D58/><U10/><E57/><V99/><F45/><W91/><G48/><T114/><D114/><U72/><E38/><V11/><F11/><W119/><G31/><T68/><D108/><U60/><E29/><V102/><F42/><W12/><G55/><T2/><D68/><U34/><E40/><V101/><F41/><W74/><G53/><T128/><D128/><U49/><E130/><V65/><F65/><W59/><G59/><T71/><D71/><U120/><E120/><V103/><REACH who="2" step="1"/><F99/><REACH who="2" ten="186,376,197,231" step="2"/><W73/><G46/><T111/><D111/><U56/><E9/><V131/><F131/><W43/><G47/><T95/><D95/><U81/><E10/><V33/><F33/><W64/><G64/><T89/><D89/><U110/><E8/><V26/><AGARI ba="2,1" hai="17,22,23,24,26,30,76,77,86,90,93,101,102,103" machi="26" ten="30,4000,0" yaku="1,1,0,1,8,1,53,0" doraHai="63" doraHaiUra="129" who="2" fromWho="2" sc="186,-12,376,-12,197,56,231,-22" /><INIT seed="4,0,0,1,4,19" ten="174,364,253,209" oya="0" hai0="120,96,69,76,0,78,17,37,66,77,48,110,2" hai1="25,21,99,87,89,31,95,82,118,88,131,15,109" hai2="63,72,103,59,80,53,135,14,29,93,106,34,18" hai3="36,43,58,85,134,8,108,1,47,62,3,9,39"/><T90/><D37/><U4/><E109/><V132/><F106/><W126/><G108/><T104/><D110/><U97/><E131/><V42/><F42/><W5/><G134/><N who="2" m="51241" /><F72/><W61/><G61/><T130/><D130/><U41/><E118/><V71/><F80/><W79/><G126/><T27/><D120/><U133/><E133/><V128/><F128/><W54/><G39/><T98/><D48/><U102/><E41/><V94/><F103/><W65/><G85/><T24/><D69/><U129/><E129/><V35/><F71/><W45/><G79/><T83/><D66/><U67/><E67/><V11/><F29/><W74/><G74/><T75/><D75/><U30/><E30/><V51/><F63/><W92/><G92/><AGARI ba="0,0" hai="11,14,18,34,35,51,53,59,92,93,94" m="51241" machi="92" ten="30,1000,0" yaku="20,1" doraHai="19" who="2" fromWho="3" sc="174,0,364,0,253,10,209,-10" /><INIT seed="5,0,0,5,5,33" ten="174,364,263,199" oya="1" hai0="24,1,21,61,102,6,57,15,123,90,86,130,29" hai1="67,22,3,56,129,20,125,68,132,32,96,41,9" hai2="109,135,121,40,70,118,83,107,12,113,91,52,49" hai3="38,103,122,74,76,71,45,5,75,114,101,4,17"/><U47/><E68/><V112/><F109/><W27/><G71/><T18/><D123/><U51/><E32/><V128/><F118/><W78/><G122/><T99/><D130/><U16/><E129/><V127/><F121/><W39/><G45/><T85/><D6/><U50/><E132/><V131/><F107/><W95/><G95/><T13/><D1/><U30/><E125/><V53/><F70/><W110/><G27/><T89/><D89/><U37/><E22/><V126/><F12/><W64/><G114/><N who="2" m="44137" /><F83/><W93/><G93/><N who="0" m="56759" /><D102/><U73/><E73/><V124/><F91/><W66/><REACH who="3" step="1"/><G17/><REACH who="3" ten="174,364,263,189" step="2"/><T94/><D94/><U60/><E96/><V116/><F116/><W81/><G81/><T119/><D119/><U84/><E30/><V62/><F135/><W46/><G46/><T10/><D15/><U87/><E84/><V44/><F40/><W115/><G115/><T55/><AGARI ba="0,1" hai="10,13,18,21,24,29,55,57,61,85,86" m="56759" machi="55" ten="30,1100,0" yaku="8,1" doraHai="33" who="0" fromWho="0" sc="174,21,364,-5,263,-3,189,-3" /><INIT seed="6,0,0,5,5,70" ten="195,359,260,186" oya="2" hai0="33,35,89,2,29,101,45,22,52,76,10,67,24" hai1="111,125,104,55,53,19,93,116,78,131,18,96,16" hai2="4,119,126,128,11,66,48,107,69,7,99,49,32" hai3="51,123,94,68,102,13,65,134,1,28,41,117,120"/><V27/><F119/><W85/><G1/><T72/><D101/><U90/><E111/><V6/><F128/><W9/><G117/><T59/><D67/><U38/><E116/><V57/><F57/><W36/><G28/><T31/><D31/><U81/><E131/><V25/><F11/><W60/><G134/><T14/><D2/><U80/><E125/><V20/><F126/><W87/><G51/><T133/><D133/><U114/><E114/><V113/><F113/><W61/><G61/><T3/><D89/><U127/><E127/><V132/><F132/><W46/><G87/><T8/><D45/><U124/><E124/><V109/><F109/><W15/><G15/><T34/><D3/><U91/><E104/><V98/><F98/><W115/><G115/><T56/><D56/><U92/><E38/><V84/><F84/><W75/><G75/><T112/><D112/><U121/><E121/><V5/><F5/><W12/><G12/><T0/><D0/><U100/><E100/><N who="2" m="62879" /><F20/><W30/><G30/><T103/><D103/><U73/><REACH who="1" step="1"/><E81/><REACH who="1" ten="195,349,260,186" step="2"/><V50/><F32/><W44/><G102/><T58/><D35/><U42/><E42/><V83/><F83/><W86/><G123/><T63/><D34/><U105/><E105/><V23/><F23/><W40/><G120/><T37/><D22/><U74/><E74/><V26/><F69/><W39/><G94/><T130/><D130/><U108/><E108/><V82/><F82/><W47/><G44/><T71/><D33/><U110/><E110/><V88/><F66/><W122/><G122/><T129/><D129/><RYUUKYOKU ba="0,1" sc="195,-30,349,10,260,10,186,10" hai1="16,18,19,53,55,73,78,80,90,91,92,93,96" hai2="4,6,7,25,26,27,48,49,50,88" hai3="9,13,36,39,40,41,46,47,60,65,68,85,86" /><INIT seed="6,1,1,5,1,90" ten="165,359,270,196" oya="2" hai0="8,87,64,19,109,57,20,29,118,55,77,103,127" hai1="119,126,60,6,21,134,32,51,54,99,27,76,13" hai2="41,133,10,42,2,100,107,11,94,106,135,1,33" hai3="39,122,97,112,36,73,114,71,131,68,65,125,28"/><V79/><F33/><W104/><G122/><T43/><D109/><U38/><E38/><N who="3" m="14378" /><G28/><T91/><D43/><U128/><E119/><V132/><F79/><W108/><G108/><T115/><D118/><U121/><E126/><V89/><F100/><N who="3" m="62479" /><G125/><T130/><D130/><U31/><E134/><V123/><F123/><W84/><G131/><T47/><D115/><N who="3" m="44073" /><G73/><T95/><D127/><U70/><E128/><V72/><F72/><W124/><G124/><T75/><D103/><U48/><E31/><V69/><F69/><N who="3" m="26699" /><G84/><T113/><D113/><U46/><E121/><V49/><F49/><W111/><G111/><T105/><D105/><U78/><E51/><V63/><F63/><W62/><G62/><T9/><D29/><U74/><E74/><V52/><F133/><W59/><G59/><T16/><D47/><U30/><E99/><V14/><F89/><W80/><G80/><N who="0" m="47503" /><D75/><U50/><E50/><V120/><F120/><W116/><G65/><T56/><D64/><U37/><E37/><V86/><F86/><W0/><G0/><T129/><D129/><U34/><E60/><V61/><F61/><W53/><G53/><T85/><D57/><U25/><E70/><V82/><F82/><W58/><G58/><T26/><D19/><U5/><E78/><V98/><F14/><W40/><G40/><T81/><D81/><U93/><E76/><V96/><F52/><W18/><G18/><T22/><D22/><U92/><E21/><V101/><F101/><W67/><G67/><T66/><D66/><U110/><E110/><V7/><F7/><N who="1" m="2569" /><E13/><V83/><F83/><RYUUKYOKU ba="1,1" sc="165,0,359,0,270,0,196,0" hai0="8,9,16,20,26,55,56,85,91,95" hai1="25,27,30,32,34,46,48,54,92,93" hai2="1,2,10,11,41,42,94,96,98,106,107,132,135" hai3="116" /><INIT seed="6,2,1,3,5,122" ten="165,359,270,196" oya="2" hai0="7,75,80,102,10,13,109,128,71,29,54,90,30" hai1="103,34,20,82,118,33,59,107,24,123,26,104,105" hai2="94,1,87,66,2,57,12,36,14,16,17,92,43" hai3="49,9,19,119,74,23,58,110,125,93,45,67,48"/><V0/><F43/><W129/><G74/><T114/><D71/><U76/><E118/><V83/><F36/><W6/><G119/><T72/><D128/><U79/><E123/><V81/><F57/><W47/><G129/><T130/><D130/><U41/><E41/><V15/><F66/><W55/><G110/><T11/><D114/><U50/><E24/><V100/><F100/><W132/><G132/><T28/><D102/><U111/><E111/><V106/><F106/><W108/><G108/><T31/><N who="0" m="7168" /><DORA hai="18" /><T60/><D109/><U44/><E59/><V65/><F65/><W99/><G67/><T120/><D120/><U73/><E79/><V86/><F17/><W46/><G125/><T85/><REACH who="0" step="1"/><D11/><REACH who="0" ten="155,359,270,196" step="2"/><U5/><E103/><V25/><F25/><W133/><G133/><T101/><D101/><U4/><E26/><V135/><F135/><W113/><G113/><T35/><D35/><U37/><E34/><V134/><F134/><W131/><G131/><T8/><D8/><U64/><E33/><V117/><F117/><W22/><G9/><T70/><D70/><U96/><E107/><V52/><F16/><W62/><G6/><T98/><D98/><U69/><E96/><V84/><F52/><W61/><G22/><T53/><D53/><U89/><E20/><V112/><F112/><W127/><G127/><T116/><D116/><U77/><E5/><V39/><F39/><W32/><G32/><T68/><D68/><U40/><E105/><V51/><F51/><W88/><G49/><T78/><D78/><N who="1" m="44367" /><E104/><V3/><N who="2" m="512" /><DORA hai="38" /><V97/><F97/><RYUUKYOKU ba="2,2" sc="155,10,359,-30,270,10,196,10" hai0="7,10,13,54,60,72,75,80,85,90" hai2="12,14,15,81,83,84,86,87,92,94" hai3="19,23,45,46,47,48,55,58,61,62,88,93,99" /><INIT seed="6,3,2,2,1,82" ten="165,329,280,206" oya="2" hai0="8,39,60,66,117,48,7,133,72,131,33,78,13" hai1="56,12,135,61,122,97,80,5,70,125,102,55,15" hai2="113,96,30,104,107,32,84,129,114,123,71,34,109" hai3="126,68,29,22,14,100,75,58,1,54,116,25,46"/><V11/><F71/><W50/><G1/><T59/><D39/><U127/><E70/><V9/><F123/><W130/><G75/><T99/><D117/><U74/><E122/><V4/><F129/><W88/><G68/><T17/><D131/><U37/><E37/><V89/><F109/><W90/><G130/><T118/><D118/><U106/><E5/><V134/><F134/><W124/><G116/><T83/><D33/><N who="2" m="12906" /><F30/><W24/><G100/><T86/><D133/><U53/><E135/><V108/><F108/><W6/><G24/><T81/><D48/><U47/><E47/><V28/><F28/><W103/><G103/><T26/><D99/><U27/><E27/><V112/><F96/><W76/><G76/><T51/><D51/><U64/><E80/><N who="2" m="49287" /><F11/><N who="3" m="4471" /><G46/><T87/><REACH who="0" step="1"/><D81/><REACH who="0" ten="155,329,280,206" step="2"/><U21/><E97/><V85/><F113/><W67/><G126/><T132/><D132/><U77/><E127/><V16/><F114/><W42/><G124/><T40/><D40/><U121/><E125/><V111/><F112/><W36/><G36/><T23/><AGARI ba="3,3" hai="7,8,13,17,23,26,59,60,66,72,78,83,86,87" machi="23" ten="30,7900,0" yaku="1,1,0,1,52,2,53,0" doraHai="82" doraHaiUra="91" who="0" fromWho="0" sc="155,118,329,-23,280,-42,206,-23" /><INIT seed="7,0,0,1,3,99" ten="273,306,238,183" oya="3" hai0="14,35,81,88,108,95,17,113,42,0,109,31,8" hai1="54,5,37,123,18,106,46,59,75,93,128,120,70" hai2="26,56,7,107,44,22,4,40,19,82,122,58,1" hai3="133,80,38,98,104,91,94,102,25,45,41,33,130"/><W68/><G133/><T34/><D42/><U83/><E106/><V47/><F122/><W79/><G130/><T53/><D0/><U126/><E70/><V119/><F119/><W97/><G68/><T101/><D113/><U76/><E128/><V100/><F82/><W72/><G25/><T29/><D53/><U6/><E18/><V12/><F1/><W27/><G27/><T90/><D101/><U50/><E93/><V74/><F74/><W103/><G33/><T28/><D81/><U117/><E117/><V2/><F2/><W116/><REACH who="3" step="1"/><G91/><REACH who="3" ten="273,306,238,173" step="2"/><T63/><D90/><U43/><E126/><V39/><F26/><W135/><G135/><T84/><D35/><U10/><E123/><V132/><F132/><W110/><G110/><T96/><D34/><U62/><E120/><V32/><F32/><W89/><G89/><T85/><D109/><U13/><E37/><V23/><F39/><W69/><G69/><T57/><D108/><U65/><E5/><V127/><F127/><W73/><G73/><T36/><D36/><U3/><E3/><V118/><F7/><W15/><G15/><T111/><D111/><U129/><E129/><V20/><F4/><W21/><G21/><T48/><D14/><U124/><E124/><V51/><F22/><W125/><G125/><T115/><D115/><U112/><E112/><V92/><F23/><W66/><G66/><T60/><D88/><U71/><E71/><V77/><F20/><W64/><G64/><T11/><D31/><U134/><E134/><V49/><F12/><W86/><G86/><T67/><D29/><RYUUKYOKU ba="0,1" sc="273,-15,306,15,238,-15,173,15" hai1="6,10,13,43,46,50,54,59,62,65,75,76,83" hai3="38,41,45,72,79,80,94,97,98,102,103,104,116" /><INIT seed="7,1,1,3,5,61" ten="258,321,223,188" oya="3" hai0="62,130,26,51,69,31,105,70,68,43,120,44,99" hai1="24,14,16,109,90,20,18,0,30,135,52,75,57" hai2="101,108,82,93,3,27,13,60,92,35,129,63,88" hai3="39,122,107,28,119,10,125,6,76,85,4,106,42"/><W21/><G122/><T110/><D120/><U83/><E109/><V77/><F3/><W94/><G119/><T8/><D110/><U116/><E116/><V53/><F108/><W103/><G6/><T19/><D130/><U33/><E135/><V97/><F129/><W54/><G125/><T38/><D19/><U78/><E0/><V124/><F124/><W118/><G118/><T79/><D79/><U71/><E71/><V64/><F53/><W46/><G54/><T74/><D8/><U134/><E134/><V113/><F113/><W1/><G103/><N who="0" m="62719" /><D51/><U67/><E67/><V131/><F131/><W114/><G114/><T80/><D80/><U50/><E90/><V121/><F121/><W84/><G84/><T115/><D115/><U73/><E18/><V47/><F47/><W102/><G102/><T128/><D128/><U81/><E81/><V49/><F49/><W91/><REACH who="3" step="1"/><G76/><REACH who="3" ten="258,321,223,178" step="2"/><T12/><D74/><AGARI ba="1,2" hai="14,16,20,24,30,33,50,52,57,73,74,75,78,83" machi="74" ten="30,3900,0" yaku="7,1,54,2" doraHai="61" who="1" fromWho="0" sc="258,-42,321,62,223,0,178,0" owari="216,-18.0,383,48.0,223,2.0,178,-32.0" /></mjloggm>