<mjloggm ver="2.3"><GO type="169" lobby="0"/><UN n0="%E3%81%BB%E3%81%BC%E9%AB%98%E7%9F%A5" n1="%EF%BF%A1%E3%81%BA%E3%82%93%E3%81%BA%E3%82%93%EF%BF%A1" n2="%58%69" n3="%E6%B0%B4%E5%8E%9F%E7%A5%90%E5%A4%AA%D1%8F" dan="16,16,17,16" rate="2034.18,2099.43,2138.92,2024.51" sx="F,M,M,M"/><TAIKYOKU oya="0"/><INIT seed="0,0,0,0,2,78" ten="250,250,250,250" oya="0" hai0="53,30,18,15,96,59,131,73,135,85,33,92,11" hai1="22,67,23,84,13,99,50,20,100,123,12,36,68" hai2="65,112,40,25,105,66,56,98,116,134,129,127,79" hai3="87,83,52,72,10,82,9,89,106,63,4,39,80"/><T110/><D73/><U95/><E36/><V24/><F40/><W60/><G106/><T109/><D131/><U64/><E123/><V107/><F112/><W126/><G72/><T128/><D128/><U88/><E50/><V0/><F129/><W114/><G114/><T28/><D135/><U31/><E31/><V121/><F0/><W38/><G38/><T41/><D41/><U102/><E102/><V6/><F6/><W120/><G39/><T27/><D85/><U122/><E122/><V47/><F47/><W42/><G42/><T76/><D76/><U16/><E68/><V81/><F121/><W55/><G120/><T71/><D71/><U2/><E2/><V14/><F14/><N who="3" m="5415" /><G126/><T118/><D118/><U1/><E1/><V113/><F113/><W17/><G10/><T34/><D34/><U69/><E69/><V77/><F56/><N who="3" m="34823" /><G17/><T19/><D19/><N who="1" m="10343" /><E23/><V104/><F127/><W124/><G124/><T57/><D28/><U61/><E61/><V62/><F62/><W97/><G97/><T93/><D96/><U32/><E32/><V103/><F116/><W115/><G115/><T70/><D70/><U132/><E132/><V44/><F134/><W37/><G37/><T119/><D119/><U7/><E7/><V46/><F105/><W54/><G63/><N who="0" m="36271" /><D59/><U5/><E5/><V48/><F98/><W117/><G117/><T8/><D8/><U74/><E74/><V29/><F29/><W86/><G86/><T3/><D3/><U35/><E35/><V43/><F43/><W26/><G26/><T49/><D49/><U125/><E125/><RYUUKYOKU ba="0,0" sc="250,10,250,10,250,-30,250,10" hai0="11,15,18,27,30,33,92,93,109,110" hai1="13,16,22,64,67,84,88,95,99,100" hai3="54,55,80,82,83,87,89" /><INIT seed="0,1,0,4,0,40" ten="260,260,220,260" oya="0" hai0="106,58,54,115,76,34,109,83,4,113,110,45,131" hai1="65,11,118,49,66,21,20,127,67,111,132,47,69" hai2="16,23,75,99,86,81,37,73,102,85,121,13,79" hai3="64,134,39,18,126,104,2,12,50,36,74,88,129"/><T105/><D34/><U84/><E118/><V60/><F121/><W93/><G74/><T125/><D4/><U8/><E111/><N who="0" m="42505" /><D131/><U124/><E69/><V101/><F37/><W68/><G2/><T61/><D125/><N who="1" m="48203" /><E84/><V38/><F38/><W28/><G129/><T5/><D5/><U0/><E132/><V44/><F75/><W57/><G134/><T26/><D26/><U119/><E119/><V91/><F60/><W98/><G28/><T53/><D113/><U6/><E11/><V22/><F73/><W1/><G1/><T89/><D89/><U63/><E63/><V71/><F71/><W95/><G104/><T130/><D115/><U7/><E6/><V77/><F77/><W128/><G68/><T43/><D54/><AGARI ba="1,0" hai="0,7,8,20,21,47,49,54,65,66,67" m="48203" machi="54" ten="30,2000,0" yaku="18,1,52,1" doraHai="40" who="1" fromWho="0" sc="260,-23,260,23,220,0,260,0" /><INIT seed="1,0,0,3,4,83" ten="237,283,220,260" oya="1" hai0="26,18,114,101,74,4,91,85,9,46,77,30,25" hai1="110,47,40,97,135,27,41,53,52,121,54,89,87" hai2="13,55,68,129,35,111,49,32,80,128,61,98,22" hai3="45,94,84,82,39,120,15,12,36,119,76,37,17"/><U123/><E135/><V43/><F43/><N who="1" m="16457" /><E123/><V81/><F111/><W124/><G120/><T70/><D70/><U16/><E110/><V20/><F98/><W118/><G124/><T65/><D65/><U93/><E121/><V1/><F1/><W92/><G45/><T127/><D114/><U48/><E97/><V78/><F22/><AGARI ba="0,0" hai="16,22,27,47,48,52,53,54,87,89,93" m="16457" machi="22" ten="30,11600,0" yaku="8,1,52,1,54,2" doraHai="83" who="1" fromWho="2" sc="237,0,283,116,220,-116,260,0" /><INIT seed="1,1,0,0,2,38" ten="237,399,104,260" oya="1" hai0="40,53,63,11,29,80,70,77,65,101,128,39,48" hai1="127,93,19,105,71,18,69,34,125,1,84,126,83" hai2="98,27,112,107,118,33,52,0,64,115,28,131,110" hai3="95,20,6,2,9,14,45,104,51,31,10,132,58"/><U42/><E105/><V62/><F118/><W3/><G104/><T124/><D128/><U94/><E34/><V57/><F110/><W67/><G132/><T30/><D124/><U103/><E1/><V22/><F0/><W85/><G2/><T88/><D101/><U113/><E113/><N who="2" m="43595" /><F131/><W43/><G3/><T25/><D11/><U108/><E108/><V129/><F129/><W116/><G116/><T32/><D30/><U72/><E72/><V97/><F107/><W117/><G117/><T5/><D5/><U134/><E134/><V61/><F33/><W122/><G10/><T37/><D37/><U87/><E103/><V4/><F4/><W130/><G122/><T24/><D24/><U41/><E127/><V89/><F89/><N who="3" m="53679" /><G130/><T123/><D123/><U47/><E47/><V102/><F102/><W99/><G99/><T82/><D88/><U15/><E15/><V66/><F66/><W21/><G31/><T114/><D77/><U92/><E92/><V7/><F7/><W56/><G56/><AGARI ba="1,0" hai="22,27,28,52,56,57,61,62,64,97,98" m="43595" machi="56" ten="30,2000,0" yaku="11,1,54,1" doraHai="38" who="2" fromWho="3" sc="237,0,399,0,104,23,260,-23" /><INIT seed="2,0,0,0,5,82" ten="237,399,127,237" oya="2" hai0="6,36,80,92,10,81,42,14,73,49,99,5,121" hai1="104,69,31,79,25,93,58,127,11,19,96,61,66" hai2="21,113,57,30,65,52,48,1,43,112,120,106,37" hai3="8,13,131,72,16,71,22,89,44,123,18,51,83"/><V4/><F120/><W41/><G123/><T20/><D121/><U70/><E127/><V35/><F35/><W24/><G131/><T118/><D36/><U90/><E104/><V87/><F106/><W17/><G71/><T77/><D81/><U115/><E115/><V46/><F1/><W126/><G126/><T102/><D20/><U109/><E109/><V78/><F4/><W117/><G117/><T105/><D118/><U107/><E79/><V29/><F65/><W32/><G32/><T63/><D63/><U114/><E114/><V53/><F53/><W7/><G72/><T76/><D76/><U84/><E19/><V34/><F34/><W111/><G111/><T74/><D105/><U85/><E11/><V28/><REACH who="2" step="1"/><F21/><REACH who="2" ten="237,399,117,237" step="2"/><W91/><REACH who="3" step="1"/><G83/><AGARI ba="0,1" hai="28,29,30,37,43,46,48,52,57,78,83,87,112,113" machi="83" ten="40,12000,1" yaku="1,1,2,1,52,1,54,1,53,0" doraHai="82" doraHaiUra="15" who="2" fromWho="3" sc="237,0,399,0,117,130,237,-120" /><INIT seed="2,1,0,5,3,80" ten="237,399,247,117" oya="2" hai0="112,75,62,82,85,58,77,64,127,123,84,14,9" hai1="114,100,49,59,12,32,18,31,4,36,26,98,56" hai2="13,29,46,33,67,28,87,47,116,20,101,11,103" hai3="96,60,78,40,8,0,132,73,23,102,118,89,17"/><V109/><F33/><W27/><G118/><T91/><D112/><U50/><E36/><V7/><F116/><W5/><G132/><T48/><D127/><U16/><E114/><V45/><F67/><W81/><G40/><T94/><D123/><U25/><E4/><V1/><F109/><W79/><G60/><T121/><D121/><U110/><E110/><V108/><F108/><W122/><G122/><T106/><D106/><U39/><E39/><V88/><F1/><W41/><G41/><T104/><D104/><U51/><E26/><N who="2" m="16455" /><F29/><W126/><G126/><T38/><D38/><U2/><E2/><V92/><AGARI ba="1,0" hai="7,11,13,45,46,47,87,88,92,101,103" m="16455" machi="92" ten="30,6000,0" yaku="8,1,52,1,54,1" doraHai="80" who="2" fromWho="2" sc="237,-21,399,-21,247,63,117,-21" /><INIT seed="2,2,0,2,3,101" ten="216,378,310,96" oya="2" hai0="25,45,65,14,94,55,91,62,79,87,44,8,77" hai1="12,0,135,43,88,132,26,27,115,81,70,105,113" hai2="124,120,133,68,46,6,1,33,60,71,123,86,98" hai3="2,106,109,83,54,52,10,93,126,96,129,84,82"/><V36/><F86/><W47/><G109/><T49/><D44/><U100/><E0/><V18/><F18/><W73/><G129/><T117/><D25/><N who="1" m="9227" /><E70/><N who="2" m="26667" /><F33/><W118/><G118/><T3/><D3/><U40/><E12/><V22/><F22/><W58/><G126/><T38/><D38/><U7/><E7/><V11/><F124/><W24/><G73/><T23/><D23/><U59/><E81/><V51/><F133/><N who="1" m="51273" /><E88/><V56/><F98/><W20/><G106/><T61/><D117/><U15/><E59/><V116/><F116/><W48/><G2/><T16/><REACH who="0" step="1"/><D62/><REACH who="0" ten="206,378,310,96" step="2"/><U131/><E131/><V122/><F60/><N who="3" m="35911" /><G10/><T37/><D37/><U39/><E39/><V5/><F36/><W107/><G107/><T110/><D110/><U31/><E105/><V130/><F46/><W119/><G119/><T29/><D29/><U112/><E31/><V42/><F122/><W125/><G125/><T90/><D90/><U4/><E100/><V57/><F1/><W111/><G111/><T74/><D74/><U85/><E115/><V53/><F120/><W17/><G84/><T97/><D97/><U67/><E85/><V114/><F114/><W35/><G35/><T19/><D19/><U134/><E113/><V41/><F123/><W80/><G80/><T103/><D103/><AGARI ba="2,1" hai="17,20,24,47,48,54,82,83,93,96,103" m="35911" machi="103" ten="30,2000,0" yaku="8,1,54,1" doraHai="101" who="3" fromWho="0" sc="206,-26,378,0,310,0,96,36" /><INIT seed="3,0,0,0,4,110" ten="180,378,310,132" oya="3" hai0="57,116,0,123,50,126,76,9,93,125,94,15,44" hai1="10,55,131,90,42,25,133,128,88,37,60,71,8" hai2="64,59,101,24,49,67,43,36,121,20,134,84,77" hai3="11,91,105,7,106,3,70,45,18,114,95,39,29"/><W58/><G70/><T27/><D123/><U5/><E133/><V65/><F36/><W85/><G29/><T2/><D116/><U108/><E108/><V82/><F134/><W13/><G114/><T32/><D76/><U92/><E25/><V74/><F121/><W80/><G58/><T48/><D57/><N who="1" m="34879" /><E71/><V16/><F101/><W51/><G39/><T118/><D118/><U6/><E42/><V111/><F111/><W23/><REACH who="3" step="1"/><G80/><REACH who="3" ten="180,378,310,122" step="2"/><T68/><D68/><U52/><E37/><V130/><F59/><W104/><G104/><T73/><D32/><U1/><E128/><V38/><F38/><W89/><G89/><T69/><D69/><U63/><E88/><V117/><F117/><W19/><G19/><T31/><D31/><U115/><E115/><V22/><F130/><W61/><G61/><T78/><D78/><U135/><E131/><V41/><F49/><W119/><G119/><T86/><D48/><U35/><E135/><V81/><F82/><W72/><G72/><T122/><D73/><U30/><E30/><V120/><F74/><W132/><G132/><T54/><D50/><U75/><E75/><V102/><F102/><W79/><G79/><T14/><D122/><U17/><E17/><N who="2" m="12303" /><F120/><W100/><G100/><T12/><D44/><U127/><E90/><V112/><F112/><W40/><AGARI ba="0,1" hai="3,7,11,13,18,23,40,45,51,85,91,95,105,106" machi="40" ten="20,3900,0" yaku="1,1,0,1,7,1,53,0" doraHai="110" doraHaiUra="107" who="3" fromWho="3" sc="180,-13,378,-13,310,-13,122,49" /><INIT seed="3,1,0,0,2,23" ten="167,365,297,171" oya="3" hai0="48,39,12,77,92,8,62,5,82,121,58,128,91" hai1="94,124,129,106,123,34,78,103,115,99,4,79,87" hai2="47,98,43,131,97,10,134,74,64,15,89,81,132" hai3="67,44,60,16,133,35,55,88,95,130,118,93,108"/><W126/><G118/><T68/><D39/><U2/><E34/><V17/><F131/><W80/><G130/><T37/><D37/><U71/><E71/><V61/><F74/><W49/><G133/><N who="2" m="51305" /><F89/><W3/><G126/><T110/><D128/><U70/><E70/><N who="2" m="42255" /><F81/><W38/><G38/><AGARI ba="1,0" hai="10,15,17,38,43,47,97,98" m="42255,51305" machi="38" ten="30,1000,0" yaku="20,1" doraHai="23" who="2" fromWho="3" sc="167,0,365,0,297,13,171,-13" /><INIT seed="4,0,0,4,5,17" ten="167,365,310,158" oya="0" hai0="82,134,75,132,52,2,14,110,104,90,70,27,58" hai1="118,77,60,125,101,62,12,96,37,42,135,74,133" hai2="107,1,113,94,68,18,120,126,4,29,88,102,100" hai3="112,9,61,7,114,23,64,16,106,95,47,8,131"/><T48/><D104/><U97/><E118/><V44/><F107/><W81/><G106/><T57/><D70/><U10/><E125/><V38/><F120/><W123/><G123/><T39/><D2/><U45/><E77/><V99/><F68/><W83/><G131/><T124/><D39/><U84/><E84/><N who="2" m="52487" /><F126/><W86/><G47/><T35/><D124/><U33/><E33/><V121/><F38/><W79/><G83/><T109/><D14/><U31/><E31/><V55/><F1/><W130/><G130/><T11/><D11/><U41/><E41/><V127/><F127/><W20/><G95/><T53/><D35/><U63/><E74/><V78/><F29/><W69/><G20/><T66/><D66/><U103/><E103/><V73/><F100/><W34/><G34/><T91/><D27/><U128/><E128/><V105/><F105/><W36/><G36/><T98/><D98/><U87/><E87/><V21/><F121/><W85/><G86/><N who="0" m="50519" /><D91/><U119/><E101/><V56/><F73/><W25/><REACH who="3" step="1"/><G9/><REACH who="3" ten="167,365,310,148" step="2"/><T40/><D40/><N who="1" m="22671" /><E10/><V24/><F44/><W51/><G51/><N who="0" m="30879" /><D75/><U117/><E42/><V3/><F78/><W54/><G54/><T76/><D76/><U50/><E119/><V129/><F129/><W92/><G92/><T5/><D5/><U49/><E117/><V111/><F4/><W59/><G59/><T65/><D65/><U15/><E97/><V80/><F99/><W93/><G93/><T46/><D46/><U26/><E96/><V28/><F56/><W108/><G108/><AGARI ba="0,1" hai="48,53,58,108,109,110,132,134" m="30879,50519" machi="108" ten="30,2900,0" yaku="10,1,54,1" doraHai="17" who="0" fromWho="3" sc="167,39,365,0,310,0,148,-29" /><INIT seed="4,1,0,1,4,58" ten="206,365,310,119" oya="0" hai0="21,55,121,45,69,60,22,15,82,11,24,18,57" hai1="94,65,114,119,10,48,5,30,77,129,92,70,52" hai2="31,96,109,127,49,132,32,16,73,51,126,8,63" hai3="37,134,6,23,54,67,14,26,89,116,88,29,35"/><T105/><D121/><U3/><E119/><V93/><F109/><W27/><G116/><T50/><D105/><U81/><E129/><V78/><F132/><W20/><G134/><T43/><D69/><U74/><E30/><V34/><F78/><W102/><G37/><T95/><D82/><U135/><E135/><V79/><F79/><W47/><G102/><T64/><D95/><U91/><E114/><V40/><F73/><W85/><G67/><T33/><D33/><U17/><E17/><V7/><F16/><N who="3" m="12647" /><G35/><T2/><D2/><U1/><E1/><V75/><F75/><W38/><G38/><T62/><D64/><U83/><E83/><V80/><F80/><W100/><G100/><T56/><D56/><U108/><E108/><V123/><F123/><W97/><G97/><T39/><D22/><U107/><E107/><V130/><F130/><W99/><G99/><T41/><REACH who="0" step="1"/><D43/><REACH who="0" ten="196,365,310,119" step="2"/><U53/><E94/><V110/><F40/><W104/><G104/><T66/><D66/><U12/><E3/><V103/><F34/><W101/><G101/><T122/><D122/><U112/><E65/><V84/><F32/><W71/><G71/><T115/><D115/><U128/><E70/><V59/><F110/><W61/><G47/><T25/><D25/><U120/><E120/><V42/><F42/><W13/><G54/><N who="1" m="21098" /><E112/><V90/><F93/><W0/><G20/><T46/><D46/><U76/><E92/><V4/><F103/><W118/><G0/><T117/><D117/><U9/><E81/><V28/><F96/><W72/><G118/><T113/><D113/><RYUUKYOKU ba="1,1" sc="196,30,365,-10,310,-10,119,-10" hai0="11,15,18,21,24,39,41,45,50,55,57,60,62" /><INIT seed="4,2,1,3,1,45" ten="226,355,300,109" oya="0" hai0="23,129,75,57,133,117,98,60,13,25,54,32,34" hai1="40,89,56,126,29,22,6,18,130,124,88,131,101" hai2="105,84,104,110,19,39,20,132,115,79,91,109,42" hai3="59,30,46,67,33,106,122,134,118,64,26,119,8"/><T70/><D117/><U35/><E6/><V121/><F121/><W41/><G106/><T37/><D70/><U1/><E1/><V58/><F79/><W3/><G134/><T112/><D37/><U74/><E74/><V83/><F105/><W11/><G122/><T5/><D75/><U81/><E101/><V68/><F68/><W10/><G3/><T92/><D133/><U87/><E40/><V12/><F132/><W62/><REACH who="3" step="1"/><G67/><REACH who="3" ten="226,355,300,99" step="2"/><T38/><D129/><U65/><E130/><V90/><F104/><W96/><G96/><T97/><D97/><U44/><E65/><V99/><F109/><W120/><G120/><T85/><D98/><U93/><E131/><V63/><F110/><W9/><N who="3" m="2048" /><DORA hai="21" /><W125/><G125/><T48/><D5/><U27/><E126/><V107/><F107/><W50/><AGARI ba="2,2" hai="26,30,33,41,46,50,59,62,64,118,119" m="2048" machi="50" ten="40,8000,1" yaku="1,1,0,1,52,2,53,0" doraHai="45,21" doraHaiUra="78,49" who="3" fromWho="3" sc="226,-42,355,-22,300,-22,99,106" /><INIT seed="5,0,0,4,1,25" ten="184,333,278,205" oya="1" hai0="132,58,99,110,87,1,72,27,54,66,100,74,39" hai1="34,7,37,123,75,33,70,124,67,94,98,32,106" hai2="52,112,49,10,118,41,38,95,11,63,104,115,122" hai3="101,71,65,44,73,2,84,13,9,105,21,111,64"/><U62/><E94/><V55/><F104/><W17/><G73/><T126/><D110/><U133/><E123/><V91/><F118/><W129/><G129/><T28/><D1/><U85/><E85/><V127/><F127/><W50/><G111/><T116/><D116/><U20/><E20/><V35/><F35/><W113/><G113/><N who="2" m="43593" /><F122/><W120/><G120/><T18/><D39/><U79/><E7/><V60/><F38/><W42/><G71/><T108/><D108/><U69/><E133/><V114/><F41/><W119/><G119/><T59/><D132/><U90/><E37/><V81/><F81/><W45/><G45/><T3/><D3/><U109/><E109/><V46/><N who="2" m="43601" /><V93/><DORA hai="80" /><F93/><W53/><G42/><T131/><D131/><U56/><E33/><V68/><F55/><W117/><G117/><T107/><D126/><U57/><E32/><V40/><F40/><W128/><G128/><T125/><D125/><U88/><E34/><V22/><F22/><W43/><G43/><T8/><D8/><N who="2" m="3114" /><F68/><W12/><G2/><T23/><D18/><U92/><E70/><V134/><F134/><W61/><G105/><T86/><D66/><U4/><E67/><V97/><AGARI ba="0,0" hai="46,49,52,60,63,91,95,97" m="3114,43601" machi="97" ten="40,5200,0" yaku="15,1,11,1,54,1" doraHai="25,80" who="2" fromWho="2" sc="184,-13,333,-26,278,52,205,-13" /><INIT seed="6,0,0,5,3,90" ten="171,307,330,192" oya="2" hai0="131,50,68,73,121,65,39,18,111,10,107,1,84" hai1="30,115,75,102,126,26,21,55,93,135,70,79,2" hai2="123,97,100,110,74,8,77,81,14,117,86,9,66" hai3="122,15,54,82,106,125,4,34,87,47,96,128,72"/><V114/><F117/><W53/><G34/><T76/><D111/><U35/><E2/><V49/><F123/><W71/><G72/><T58/><D39/><U3/><E3/><V46/><F114/><W113/><G122/><T130/><D121/><U118/><E70/><V124/><F124/><W12/><G113/><T41/><D107/><U40/><E135/><V45/><F110/><W56/><G71/><T63/><D73/><U24/><E40/><V23/><F66/><W37/><G37/><T59/><D41/><U22/><E79/><V36/><F36/><W16/><G125/><T105/><D105/><U88/><E102/><V13/><F74/><W7/><G106/><T42/><D42/><U104/><E104/><V60/><F60/><N who="3" m="35855" /><G96/><T133/><D133/><U64/><E75/><V17/><F49/><N who="3" m="28991" /><G15/><N who="0" m="7543" /><D1/><U120/><E118/><V67/><F67/><W92/><G128/><N who="0" m="49195" /><D50/><U0/><E0/><V108/><F108/><W33/><G33/><T129/><N who="0" m="49203" /><T85/><DORA hai="98" /><D84/><N who="1" m="52359" /><E35/><V127/><F127/><W51/><G51/><T99/><D99/><U134/><E134/><V89/><F23/><N who="3" m="11655" /><G92/><T116/><D116/><U103/><E115/><V48/><F48/><W94/><G94/><T78/><D78/><AGARI ba="0,0" hai="4,7,78,82,87" m="11655,28991,35855" machi="78" ten="30,2000,0" yaku="8,1,54,1" doraHai="90,98" who="3" fromWho="0" sc="171,-20,307,0,330,0,192,20" /><INIT seed="7,0,0,5,3,13" ten="151,307,330,212" oya="3" hai0="97,99,120,67,104,31,125,108,102,85,52,53,95" hai1="90,96,2,130,8,23,94,71,18,6,70,100,119" hai2="14,132,128,34,133,41,103,68,48,69,1,114,20" hai3="47,83,25,29,124,21,98,11,5,110,118,131,65"/><W64/><G131/><T10/><D108/><U111/><E111/><V28/><F1/><W88/><G124/><T127/><D120/><U17/><E130/><V51/><F128/><W40/><G118/><T74/><D74/><U75/><E75/><V32/><F114/><W36/><G110/><T33/><D67/><U121/><E121/><V60/><F103/><W3/><REACH who="3" step="1"/><G83/><REACH who="3" ten="151,307,330,202" step="2"/><T9/><D127/><U72/><E119/><V81/><F81/><W79/><G79/><T87/><D125/><U44/><E72/><V35/><F35/><W123/><G123/><T86/><D33/><U129/><E129/><V61/><F34/><W115/><G115/><T122/><D122/><U46/><E71/><V82/><F82/><W56/><G56/><T15/><D31/><U91/><E70/><V30/><F32/><W113/><G113/><T109/><D109/><U89/><E44/><V24/><F68/><W55/><G55/><T50/><D53/><U59/><E46/><V117/><F117/><W22/><G22/><T12/><D9/><U101/><E59/><V73/><F30/><W80/><G80/><T49/><D50/><N who="2" m="18986" /><F69/><W66/><G66/><T54/><D54/><U92/><E23/><V42/><F42/><W4/><G4/><T58/><REACH who="0" step="1"/><D10/><REACH who="0" ten="141,307,330,202" step="2"/><U93/><E8/><V38/><F28/><W19/><G19/><T37/><D37/><U106/><E18/><V76/><F38/><W26/><G26/><T62/><D62/><U0/><E17/><V16/><F24/><W57/><G57/><T27/><D27/><U135/><E6/><V43/><F61/><RYUUKYOKU ba="0,2" sc="141,15,307,-15,330,-15,202,15" hai0="12,15,49,52,58,85,86,87,95,97,99,102,104" hai3="3,5,11,21,25,29,36,40,47,64,65,88,98" /><INIT seed="7,1,2,2,3,113" ten="156,292,315,217" oya="3" hai0="7,96,16,82,106,54,120,99,59,45,65,39,57" hai1="31,72,29,78,100,117,28,63,130,132,22,133,53" hai2="110,123,38,121,122,75,42,127,61,116,24,131,0" hai3="126,70,3,62,43,37,81,128,8,101,18,1,47"/><W56/><G70/><T73/><D120/><U30/><E117/><V86/><F116/><W135/><G128/><T58/><D7/><U11/><E130/><V55/><F131/><W71/><G135/><N who="1" m="51786" /><E100/><V26/><F127/><W118/><G71/><T85/><D73/><U124/><E11/><V34/><F110/><W15/><G118/><T51/><D39/><U2/><E2/><V66/><F75/><W21/><G126/><T27/><D65/><U14/><E124/><V112/><F112/><W33/><G33/><T111/><D106/><U49/><E63/><V104/><F104/><W20/><G101/><T67/><D67/><U108/><E31/><N who="2" m="19815" /><F0/><W98/><G98/><T114/><D114/><U41/><E41/><V76/><F26/><W77/><G3/><T23/><REACH who="0" step="1"/><D111/><REACH who="0" ten="146,292,315,217" step="2"/><U52/><E72/><V109/><F109/><W105/><G105/><T32/><D32/><U115/><E115/><V92/><F66/><W17/><G1/><T4/><D4/><U134/><E108/><V40/><F38/><W97/><G37/><T91/><AGARI ba="1,3" hai="16,23,27,45,51,54,57,58,59,82,85,91,96,99" machi="91" ten="30,7900,0" yaku="1,1,0,1,8,1,54,1,53,0" doraHai="113" doraHaiUra="5" who="0" fromWho="0" sc="146,112,292,-21,315,-21,217,-40" /><INIT seed="8,0,0,3,0,71" ten="258,271,294,177" oya="0" hai0="115,86,66,125,33,21,76,89,5,128,93,70,112" hai1="83,114,104,4,68,79,53,26,2,85,34,30,39" hai2="36,133,116,73,10,88,49,41,87,27,48,72,64" hai3="111,46,102,121,81,56,65,120,61,47,8,98,62"/><T22/><D33/><U32/><E104/><V118/><F133/><W6/><G111/><T1/><D128/><U24/><E68/><V108/><F36/><W131/><G131/><T132/><D132/><U13/><E39/><V44/><F108/><W95/><G121/><T20/><D125/><U52/><E2/><V9/><F64/><W124/><G120/><T37/><D37/><U91/><E114/><V77/><F77/><W38/><G124/><T54/><D54/><U31/><E4/><V78/><F78/><W84/><G61/><T97/><D66/><U67/><E67/><V123/><F49/><W69/><G69/><T109/><D70/><U74/><E13/><V12/><F27/><W80/><G38/><T23/><D109/><U15/><E15/><V55/><F41/><W29/><G29/><T127/><D127/><U50/><E50/><V43/><F43/><W58/><G58/><T94/><D23/><U28/><E28/><V106/><F106/><W59/><G59/><T11/><REACH who="0" step="1"/><D76/><REACH who="0" ten="248,271,294,177" step="2"/><U129/><E129/><V100/><F123/><W40/><G40/><T63/><D63/><U113/><E113/><V18/><F9/><W7/><G8/><T35/><D35/><U105/><E105/><V92/><F118/><W16/><G16/><T75/><D75/><U101/><E79/><V134/><F134/><W25/><G25/><T110/><D110/><U135/><E74/><V130/><F130/><W96/><G62/><T90/><AGARI ba="0,1" hai="1,5,11,20,21,22,86,89,90,93,94,97,112,115" machi="90" ten="30,3000,0" yaku="1,1,0,1,53,0" doraHai="71" doraHaiUra="42" who="0" fromWho="0" sc="248,40,271,-10,294,-10,177,-10" /><INIT seed="8,1,0,5,0,43" ten="288,261,284,167" oya="0" hai0="84,87,22,135,67,8,109,108,19,88,101,50,25" hai1="59,27,130,16,90,54,78,30,124,24,106,123,96" hai2="97,10,37,127,92,28,23,76,115,34,125,128,57" hai3="107,60,17,13,31,104,47,7,105,55,119,9,70"/><T5/><D135/><U49/><E123/><V113/><F37/><W114/><G119/><T66/><D101/><U129/><E78/><V110/><F110/><N who="0" m="42602" /><D50/><U98/><E124/><N who="2" m="47691" /><F34/><W32/><G114/><T29/><D29/><U126/><E106/><V81/><F128/><N who="1" m="49257" /><E126/><V12/><F28/><W131/><G131/><T58/><D58/><U80/><E80/><V91/><F23/><W63/><G70/><T71/><D71/><U48/><E90/><V86/><F57/><W94/><G94/><N who="0" m="54535" /><D87/><U39/><E49/><V15/><F15/><AGARI ba="1,0" hai="5,8,15,19,22,25,66,67" m="54535,42602" machi="15" ten="30,2900,0" yaku="10,1,54,1" doraHai="43" who="0" fromWho="2" sc="288,32,261,0,284,-32,167,0" owari="320,42.0,261,6.0,252,-15.0,167,-33.0" /></mjloggm>