<mjloggm ver="2.3"><GO type="169" lobby="0"/><UN n0="%E3%82%88%E3%81%98%E3%81%92%E3%82%93" n1="%E5%B2%A1%E6%9D%91%E9%9D%96%E5%B9%B8" n2="%73%75%6E%61%62%61%6B%75" n3="%EF%BC%A0%E4%B8%AD%E6%9D%91%E8%B1%AA" dan="17,16,16,16" rate="2086.43,2183.86,2077.08,2132.82" sx="M,M,M,M"/><TAIKYOKU oya="0"/><INIT seed="0,0,0,4,4,19" ten="250,250,250,250" oya="0" hai0="6,135,23,78,123,31,97,87,89,17,106,134,68" hai1="75,82,48,33,64,55,61,24,21,12,0,62,91" hai2="73,54,41,102,34,5,66,122,118,44,2,51,116" hai3="114,107,16,11,29,98,126,85,108,46,14,25,13"/><T113/><D113/><U36/><E0/><V131/><F73/><W80/><G114/><T67/><D123/><U105/><E105/><V93/><F122/><W125/><G108/><T95/><D6/><U92/><E36/><V26/><F131/><W65/><G65/><T86/><D31/><U70/><E62/><V35/><F66/><W42/><G14/><T52/><D67/><U133/><E133/><N who="0" m="50697" /><D68/><U79/><E12/><V117/><F26/><W128/><G128/><T96/><D106/><U69/><E33/><V59/><F5/><W115/><G115/><T94/><D52/><U56/><E70/><V110/><F2/><W40/><G98/><T9/><D9/><U72/><E72/><V4/><F4/><W76/><G107/><T129/><D129/><U124/><E124/><N who="3" m="47722" /><G46/><T71/><D71/><U83/><E75/><V7/><F7/><W90/><G76/><T58/><D58/><U77/><E79/><V1/><F1/><W111/><G111/><T22/><D17/><U45/><E77/><V99/><REACH who="2" step="1"/><F110/><REACH who="2" ten="250,250,240,250" step="2"/><W81/><G81/><N who="0" m="47415" /><D97/><N who="1" m="57503" /><E69/><V100/><F100/><AGARI ba="0,1" hai="22,23,87,89,94,95,96,100" m="47415,50697" machi="100" ten="30,5800,0" yaku="20,1,52,2" doraHai="19" who="0" fromWho="2" sc="250,68,250,0,240,-58,250,0" /><INIT seed="0,1,0,3,5,82" ten="318,250,182,250" oya="0" hai0="29,110,39,72,0,102,38,117,84,53,35,26,68" hai1="10,101,13,112,63,74,131,31,24,78,71,50,123" hai2="17,30,90,105,62,14,5,111,114,45,22,103,18" hai3="132,27,106,130,134,125,16,92,76,67,15,7,83"/><T93/><D117/><U79/><E123/><V48/><F114/><W129/><G106/><T37/><D0/><U58/><E112/><V69/><F111/><W46/><G67/><T126/><D72/><U73/><E71/><V65/><F105/><W43/><G92/><T115/><D115/><U21/><E131/><N who="3" m="50186" /><G27/><T128/><D128/><U95/><E50/><V12/><F103/><W36/><G7/><T89/><D68/><U60/><E74/><V56/><F30/><W52/><G125/><T81/><D126/><U51/><E51/><V120/><F5/><W47/><G47/><T54/><REACH who="0" step="1"/><D110/><REACH who="0" ten="308,250,182,250" step="2"/><U55/><E73/><V99/><F69/><W70/><G70/><T23/><D23/><U85/><E63/><V118/><F62/><W8/><G52/><T57/><D57/><U100/><E60/><V98/><F56/><W94/><G94/><T19/><D19/><U66/><E55/><V135/><F18/><W133/><G132/><T32/><D32/><U127/><E127/><V124/><F124/><W4/><G4/><T86/><D86/><AGARI ba="1,1" hai="8,15,16,36,43,46,76,83,86,133,134" m="50186" machi="86" ten="30,3900,0" yaku="19,1,52,1,54,1" doraHai="82" who="3" fromWho="0" sc="308,-42,250,0,182,0,250,52" /><INIT seed="1,0,0,3,3,32" ten="266,250,182,302" oya="1" hai0="39,64,79,96,54,7,108,69,97,61,47,49,35" hai1="134,116,62,27,13,59,44,19,135,82,72,30,122" hai2="46,102,133,120,125,63,76,38,129,128,20,94,124" hai3="105,26,28,29,131,23,130,58,36,37,66,22,3"/><U112/><E122/><V68/><F20/><W74/><G105/><T104/><D108/><U117/><E112/><V89/><F76/><W16/><G74/><T52/><D35/><N who="1" m="20959" /><E44/><V88/><F38/><W84/><G84/><T14/><D79/><N who="1" m="44391" /><E19/><V95/><F120/><W24/><G58/><T10/><D104/><U127/><E13/><V83/><F46/><W91/><G66/><T118/><D118/><U75/><E75/><V60/><F68/><W114/><G91/><N who="2" m="34889" /><F83/><W100/><G100/><T33/><D33/><U93/><E93/><N who="2" m="35339" /><F133/><N who="1" m="50697" /><E127/><N who="2" m="48715" /><F102/><W81/><G81/><T17/><D39/><U107/><E107/><V73/><F73/><W42/><G114/><T113/><D113/><U18/><E18/><V57/><F57/><W6/><G16/><T9/><REACH who="0" step="1"/><D54/><AGARI ba="0,0" hai="54,59,62,116,117" m="50697,44391,20959" machi="54" ten="30,1500,0" yaku="20,1" doraHai="32" who="1" fromWho="0" sc="266,-15,250,15,182,0,302,0" /><INIT seed="1,1,0,2,3,87" ten="251,265,182,302" oya="1" hai0="105,70,77,62,88,106,128,26,42,121,65,46,37" hai1="14,52,99,35,135,132,108,61,91,73,71,115,78" hai2="6,60,22,25,124,84,131,96,134,122,125,29,23" hai3="67,86,36,38,95,9,64,66,103,133,50,0,3"/><U85/><E115/><V24/><F122/><W49/><G133/><N who="1" m="51274" /><E35/><V31/><F60/><W40/><G9/><T123/><D128/><U76/><E108/><V79/><F131/><W104/><G104/><T89/><D77/><U4/><E73/><V43/><F134/><W126/><G126/><N who="2" m="48745" /><F43/><W57/><G103/><T110/><D110/><U112/><E99/><V82/><F96/><W80/><G95/><T113/><D113/><U41/><E41/><V8/><F84/><W117/><G117/><T83/><D83/><N who="1" m="49599" /><E112/><V59/><F82/><W116/><G116/><T27/><D106/><U51/><E61/><V119/><F79/><W17/><G17/><T114/><D105/><U74/><E74/><V98/><F98/><W94/><G94/><T54/><D114/><U1/><E71/><V18/><F119/><W68/><G68/><T127/><D127/><U118/><E1/><N who="2" m="79" /><F59/><W75/><G75/><T63/><D63/><U21/><E118/><V56/><F56/><W81/><G57/><T109/><D109/><U97/><E97/><V2/><F2/><W44/><G81/><T93/><D54/><U111/><E111/><V92/><F92/><W100/><G100/><T28/><D93/><U19/><E4/><V15/><F15/><W16/><G80/><T45/><D46/><AGARI ba="1,0" hai="14,19,21,46,51,52,76,78" m="49599,51274" machi="46" ten="30,5800,0" yaku="20,1,52,1,54,1" doraHai="87" who="1" fromWho="0" sc="251,-61,265,61,182,0,302,0" /><INIT seed="1,2,0,4,1,50" ten="190,326,182,302" oya="1" hai0="129,94,76,77,99,106,130,2,33,103,66,89,26" hai1="43,24,135,119,101,118,5,108,53,65,44,75,74" hai2="107,10,71,54,0,13,70,134,97,90,95,63,127" hai3="105,29,67,15,92,121,83,4,49,40,68,39,115"/><U87/><E135/><V64/><F0/><W47/><G105/><T131/><D2/><U18/><E5/><V78/><F134/><W14/><G121/><T61/><D94/><U113/><E113/><V114/><F114/><W55/><G115/><T93/><D93/><U88/><E101/><V12/><F127/><W8/><G29/><N who="0" m="19639" /><D89/><U34/><E65/><V7/><F78/><W117/><G117/><T51/><D51/><N who="1" m="28903" /><E43/><V32/><F32/><W73/><G92/><T82/><D82/><N who="1" m="49271" /><E75/><V16/><F107/><W56/><G83/><T6/><D6/><U111/><E74/><V58/><F64/><W91/><G91/><T124/><D124/><U104/><E104/><V86/><REACH who="2" step="1"/><F97/><REACH who="2" ten="190,326,172,302" step="2"/><W85/><G73/><T125/><D125/><U133/><E133/><V38/><F38/><W57/><G85/><T84/><D84/><U36/><E36/><V21/><AGARI ba="2,1" hai="7,10,12,13,16,21,54,58,63,70,71,86,90,95" machi="21" ten="20,12000,2" yaku="1,1,0,1,7,1,52,1,54,1,53,2" doraHai="50" doraHaiUra="11" who="2" fromWho="2" sc="190,-32,326,-62,172,136,302,-32" /><INIT seed="2,0,0,0,0,70" ten="158,264,308,270" oya="2" hai0="48,101,100,1,65,79,104,40,6,41,2,50,97" hai1="53,43,27,71,89,37,16,49,126,117,35,24,87" hai2="98,120,127,42,14,13,33,29,110,26,63,67,106" hai3="93,44,133,125,96,20,122,18,83,119,25,8,17"/><V124/><F120/><W31/><G122/><T118/><D79/><U114/><E117/><V3/><F3/><W75/><G119/><T32/><D118/><U39/><E71/><N who="2" m="42495" /><F110/><W68/><G68/><T85/><D65/><U103/><E103/><N who="2" m="62839" /><F42/><W61/><G133/><T121/><D121/><U54/><E43/><V57/><F57/><W12/><G125/><AGARI ba="0,0" hai="13,14,26,29,33,124,125,127" m="62839,42495" machi="125" ten="30,2900,0" yaku="25,1,18,1" doraHai="70" who="2" fromWho="3" sc="158,0,264,0,308,29,270,-29" /><INIT seed="2,1,0,3,5,9" ten="158,264,337,241" oya="2" hai0="80,12,118,113,4,25,66,105,52,7,42,135,2" hai1="63,0,77,89,127,39,46,68,104,45,36,114,82" hai2="23,117,98,91,110,11,32,106,131,126,67,41,10" hai3="64,122,112,129,124,102,130,99,43,90,16,15,55"/><V5/><F117/><W108/><G122/><T33/><D113/><U13/><E114/><V6/><F32/><W97/><G112/><T74/><D105/><U78/><E0/><V3/><F126/><W115/><G115/><T132/><D2/><U27/><E104/><V93/><F106/><W85/><G64/><T14/><D66/><U71/><E27/><V34/><F34/><W26/><G26/><T83/><D42/><U111/><E89/><V95/><F131/><N who="3" m="50187" /><G124/><T79/><D83/><U47/><E82/><V92/><F110/><W8/><G108/><T128/><D128/><U35/><E35/><V60/><F41/><W49/><G43/><T84/><D74/><U31/><E31/><V72/><F23/><W50/><G102/><T59/><D118/><U94/><E127/><V21/><F21/><W121/><G121/><T123/><D123/><U29/><E111/><V17/><F72/><W86/><G50/><T40/><D40/><U125/><E29/><V103/><F17/><W75/><G75/><T19/><D19/><U81/><E125/><V116/><F116/><W73/><G73/><T107/><D107/><U1/><E39/><V76/><F103/><W56/><G85/><T18/><D18/><U58/><E36/><V38/><F38/><W69/><G69/><T28/><D4/><U24/><E71/><N who="2" m="42471" /><F76/><W54/><G54/><T65/><D65/><U30/><E68/><V120/><F120/><W100/><G100/><T37/><D37/><U51/><E78/><V101/><F101/><W48/><G48/><N who="0" m="31111" /><D7/><N who="2" m="2570" /><F3/><W70/><G70/><T109/><D109/><RYUUKYOKU ba="1,0" sc="158,10,264,-30,337,10,241,10" hai0="12,14,25,28,33,79,80,84,132,135" hai2="10,11,91,92,93,95,98" hai3="8,15,16,49,55,56,86,90,97,99" /><INIT seed="2,2,0,4,1,15" ten="168,234,347,251" oya="2" hai0="9,82,51,104,1,111,20,4,50,133,68,57,88" hai1="59,66,124,91,63,67,71,106,102,129,69,26,36" hai2="3,44,25,97,6,56,53,42,77,47,80,10,131" hai3="65,78,128,8,122,87,113,115,21,13,54,24,89"/><V79/><F131/><W96/><G122/><T86/><D68/><U75/><E129/><V100/><F25/><W22/><G128/><T105/><D133/><U19/><E124/><V81/><F80/><N who="3" m="47511" /><G65/><T62/><D111/><U61/><E75/><V48/><F44/><W30/><G22/><T117/><D117/><U101/><E36/><V132/><F132/><W5/><G54/><T12/><D105/><U14/><E106/><V2/><F81/><W72/><G72/><T38/><D38/><U119/><E119/><V126/><F2/><W18/><G96/><T58/><D104/><U99/><E26/><V35/><F35/><W40/><G40/><T118/><D118/><U103/><E91/><V108/><F108/><W134/><G89/><T0/><D58/><U95/><REACH who="1" step="1"/><E59/><REACH who="1" ten="168,224,347,251" step="2"/><V46/><F56/><W76/><G134/><T7/><D51/><U120/><E120/><V11/><F48/><W85/><G113/><T135/><D50/><U28/><E28/><V123/><F126/><W107/><G107/><T27/><D135/><U116/><E116/><V90/><F123/><W83/><G115/><T17/><REACH who="0" step="1"/><D4/><AGARI ba="2,1" hai="4,5,8,13,18,21,24,30,76,83,85" m="47511" machi="4" ten="30,2000,0" yaku="8,1,52,1" doraHai="15" who="3" fromWho="0" sc="168,-26,224,0,347,0,251,36" /><INIT seed="3,0,0,2,3,50" ten="142,224,347,287" oya="3" hai0="15,98,19,134,118,71,48,38,17,37,49,77,58" hai1="20,27,46,125,75,22,1,13,122,88,133,36,64" hai2="132,12,129,74,76,47,62,61,31,109,44,111,89" hai3="41,96,63,108,32,130,7,86,54,51,23,16,126"/><W34/><G130/><T2/><D118/><U102/><E1/><V87/><F129/><W84/><G126/><T112/><D2/><U120/><E75/><V92/><F132/><W93/><G7/><T35/><D71/><U127/><E102/><V116/><F116/><W113/><G113/><T117/><D117/><U3/><E64/><V85/><F74/><W103/><G108/><N who="2" m="41545" /><F31/><W66/><G41/><T57/><D35/><U79/><E79/><V95/><F12/><N who="3" m="9607" /><G32/><T4/><D77/><U110/><E3/><V131/><F131/><W59/><G34/><T45/><D15/><U106/><E106/><V104/><F104/><W10/><G10/><T65/><D65/><U94/><E133/><V43/><F76/><W60/><G60/><N who="2" m="23145" /><F43/><W52/><G66/><T121/><D134/><U83/><E13/><V69/><F69/><W53/><G53/><T68/><D68/><U78/><E127/><V24/><F24/><W26/><G26/><T8/><D112/><U99/><E110/><V18/><F18/><W28/><G28/><T0/><D4/><U21/><E125/><V25/><F25/><W30/><G30/><T42/><D19/><U56/><E27/><V123/><F123/><W128/><G128/><T90/><D17/><U114/><E114/><V107/><F107/><W5/><G5/><T11/><D0/><U101/><E20/><V55/><F55/><W115/><G115/><T9/><D121/><U91/><E122/><V105/><F105/><W119/><G119/><T97/><D8/><U33/><E120/><V14/><F14/><W100/><G100/><RYUUKYOKU ba="0,0" sc="142,-15,224,-15,347,15,287,15" hai2="44,47,85,87,89,92,95" hai3="51,52,54,59,63,84,86,93,96,103" /><INIT seed="3,1,0,1,5,38" ten="127,209,362,302" oya="3" hai0="78,71,21,102,63,50,20,79,7,52,82,117,92" hai1="4,89,56,74,2,27,40,113,131,25,0,13,95" hai2="46,16,121,10,133,111,31,17,69,62,75,80,60" hai3="15,76,108,103,33,57,36,90,42,107,135,51,86"/><W37/><G33/><T41/><D117/><U105/><E105/><V6/><F121/><W104/><G135/><T49/><D7/><U112/><E74/><V53/><F133/><W34/><G34/><T18/><D71/><U64/><E131/><V67/><F111/><W81/><G108/><T72/><D63/><U88/><E64/><V98/><F31/><W109/><G109/><T66/><D66/><U58/><E4/><V55/><F55/><W93/><G15/><T70/><D70/><U125/><E13/><V45/><F98/><N who="3" m="61559" /><G107/><T11/><D79/><U116/><E95/><V129/><F129/><W130/><G130/><T9/><D21/><U94/><E94/><V44/><F80/><W3/><G3/><T100/><D100/><U24/><E24/><V47/><F75/><N who="3" m="43167" /><G57/><T39/><D39/><U132/><E132/><V19/><F60/><W8/><G8/><T12/><D50/><U61/><E61/><V1/><F53/><W22/><G22/><T5/><D5/><U115/><E115/><V83/><F83/><W101/><G101/><T26/><D26/><U119/><E125/><V29/><F29/><W84/><G84/><T35/><D35/><U65/><E65/><V23/><N who="2" m="11776" /><DORA hai="120" /><V122/><REACH who="2" step="1"/><F122/><REACH who="2" ten="127,209,352,302" step="2"/><W127/><G127/><T106/><D106/><U28/><E28/><V99/><F99/><W48/><G36/><T134/><D134/><U91/><E91/><V96/><F96/><W110/><G110/><T123/><D123/><U85/><E85/><V118/><F118/><W14/><G37/><T68/><D52/><U32/><E32/><RYUUKYOKU ba="1,1" sc="127,-15,209,15,352,15,302,-15" hai1="0,2,25,27,40,56,58,88,89,112,113,116,119" hai2="1,6,10,16,17,19,23,62,67,69" /><INIT seed="4,2,1,0,0,26" ten="112,224,367,287" oya="0" hai0="55,74,56,129,98,13,6,10,124,45,62,64,88" hai1="60,44,96,79,123,119,59,14,135,48,112,23,36" hai2="21,17,47,20,69,94,51,57,132,126,114,133,4" hai3="11,78,92,67,87,70,101,34,63,103,54,115,12"/><T75/><D129/><U15/><E123/><V82/><F69/><W91/><G115/><T109/><D124/><U80/><E36/><V46/><F114/><W117/><G117/><T116/><D116/><U102/><E119/><V49/><F126/><W85/><G34/><T25/><D109/><U71/><E71/><V27/><F4/><W127/><G127/><T108/><D108/><U33/><E33/><V42/><F57/><W125/><G125/><T58/><D45/><U28/><E135/><N who="2" m="51787" /><F94/><W38/><G38/><T35/><D35/><U3/><E3/><V90/><F21/><W66/><G66/><T61/><REACH who="0" step="1"/><D25/><REACH who="0" ten="102,224,367,287" step="2"/><U113/><E113/><V9/><F27/><W52/><G101/><T31/><D31/><U122/><E28/><V81/><F47/><W16/><G103/><T104/><D104/><U99/><E112/><V106/><F106/><W50/><G50/><T120/><D120/><U73/><E122/><V5/><F49/><W105/><REACH who="3" step="1"/><G105/><REACH who="3" ten="102,224,367,277" step="2"/><T40/><D40/><U32/><E102/><V7/><F42/><W68/><G68/><T8/><D8/><U86/><E32/><V76/><F9/><W53/><G53/><T83/><D83/><AGARI ba="2,3" hai="11,12,16,52,54,63,67,70,78,83,85,87,91,92" machi="83" ten="40,8000,1" yaku="1,1,54,2,53,1" doraHai="26" doraHaiUra="89" who="3" fromWho="0" sc="102,-86,224,0,367,0,277,116" /><INIT seed="5,0,0,1,2,20" ten="16,224,367,393" oya="1" hai0="87,26,132,115,129,8,72,9,5,97,77,7,73" hai1="42,93,45,25,27,6,49,35,90,18,108,112,94" hai2="85,62,107,56,117,61,30,64,123,133,52,57,96" hai3="118,15,134,33,28,46,10,17,4,88,36,84,98"/><U78/><E108/><V79/><F123/><W126/><G134/><T41/><D132/><U47/><E112/><V120/><F120/><W38/><G126/><T34/><D115/><U23/><E6/><V103/><F133/><W135/><G135/><T71/><D71/><U19/><E78/><V21/><F117/><W91/><G118/><T60/><D129/><U59/><E59/><V75/><F75/><W43/><G98/><T2/><D41/><U106/><E106/><V37/><F37/><W76/><G36/><T55/><D97/><U54/><E90/><V12/><F79/><W24/><G76/><T111/><D111/><U125/><E125/><V3/><F3/><W122/><G122/><T80/><D60/><U74/><E74/><V1/><F1/><W0/><G84/><T69/><D69/><U130/><E130/><V109/><F85/><W39/><G39/><T83/><D80/><U101/><E101/><V65/><F109/><W105/><G105/><T50/><D8/><AGARI ba="0,0" hai="0,4,8,10,15,17,24,28,33,38,43,46,88,91" machi="8" ten="30,3900,0" yaku="7,1,52,1,54,1" doraHai="20" who="3" fromWho="0" sc="16,-39,224,0,367,0,393,39" owari="-23,-52.0,224,-18.0,367,17.0,432,53.0" /></mjloggm>