<mjloggm ver="2.3"><GO type="169" lobby="0"/><UN n0="%64%6F%6E%63%68%61%6E%33" n1="%E6%A3%AE%E3%82%AB%E3%83%95%E3%82%A7%EF%BC%88%E6%B0%B4%E8%89%B2%EF%BC%89" n2="%66%67%67%68%68%64%66" n3="%E7%9B%AE%E7%8E%89%E9%87%8E%E9%83%8E" dan="16,16,16,16" rate="2028.55,2098.99,2092.96,2067.47" sx="M,F,M,M"/><TAIKYOKU oya="0"/><INIT seed="0,0,0,3,4,51" ten="250,250,250,250" oya="0" hai0="135,12,19,126,34,102,128,92,9,58,123,13,31" hai1="2,48,60,112,95,64,103,110,78,45,32,53,17" hai2="23,85,122,35,30,4,54,3,20,28,119,86,118" hai3="97,131,8,37,62,105,47,108,124,52,56,91,69"/><T72/><BYE who="2" /><D123/><UN n2="%66%67%67%68%68%64%66" /><U100/><E2/><V90/><F122/><W29/><G131/><T94/><D72/><U111/><E32/><V46/><F3/><W66/><G124/><T114/><D114/><U132/><E112/><V57/><F46/><W55/><G108/><N who="1" m="41514" /><E132/><V84/><F4/><W5/><G29/><N who="2" m="11369" /><F90/><W41/><G69/><T10/><D135/><U39/><E78/><V76/><F76/><W113/><G113/><T63/><D128/><U115/><E115/><V80/><F80/><W40/><G41/><T68/><D126/><U129/><E129/><V6/><F6/><W0/><REACH who="3" step="1"/><G91/><REACH who="3" ten="250,250,250,240" step="2"/><T38/><D68/><U59/><E39/><V21/><F119/><W67/><G67/><T133/><D38/><U109/><E109/><V42/><F118/><W24/><G24/><T16/><D133/><U79/><E79/><V89/><F42/><W101/><AGARI ba="0,1" hai="0,5,8,37,40,47,52,55,56,62,66,97,101,105" machi="101" ten="30,8000,1" yaku="1,1,0,1,52,2,54,1,53,0" doraHai="51" doraHaiUra="117" who="3" fromWho="3" sc="250,-40,250,-20,250,-20,240,90" /><INIT seed="1,0,0,5,5,94" ten="210,230,230,330" oya="1" hai0="63,47,11,119,32,75,87,56,6,40,77,82,15" hai1="34,74,9,126,26,98,86,123,125,132,12,93,71" hai2="109,113,124,102,69,57,73,72,100,88,49,66,128" hai3="25,0,103,1,130,45,43,112,107,62,116,133,101"/><U68/><E74/><V46/><F109/><W117/><G112/><T37/><D32/><U129/><E123/><V17/><F128/><W111/><G130/><T76/><D119/><U59/><E129/><V41/><F124/><N who="1" m="47721" /><E86/><V78/><F69/><W51/><G111/><T13/><D77/><U81/><E81/><V95/><F113/><W48/><G133/><T110/><D110/><U27/><E59/><V106/><F106/><W23/><G107/><T55/><REACH who="0" step="1"/><D87/><REACH who="0" ten="200,230,230,330" step="2"/><U14/><E132/><V20/><F78/><W19/><G117/><T118/><D118/><U65/><E34/><V60/><F73/><W30/><G116/><T131/><D131/><U83/><E83/><V90/><F72/><W70/><G0/><AGARI ba="0,1" hai="0,6,11,13,15,37,40,47,55,56,63,75,76,82" machi="0" ten="30,8000,1" yaku="1,1,7,1,25,2,53,1" doraHai="94" doraHaiUra="104" who="0" fromWho="3" sc="200,90,230,0,230,0,330,-80" /><INIT seed="2,0,0,0,3,101" ten="290,230,230,250" oya="2" hai0="34,103,118,112,74,87,113,2,128,49,57,78,125" hai1="88,85,100,77,24,14,53,121,61,60,38,1,104" hai2="39,0,62,123,122,105,13,4,18,22,71,26,127" hai3="94,32,35,43,12,33,92,47,73,8,82,107,111"/><V28/><F127/><W66/><G66/><T80/><D2/><U3/><E38/><V97/><F39/><W19/><G111/><T120/><D34/><U67/><E77/><V117/><F117/><W83/><G107/><T115/><D49/><U40/><E40/><V52/><F0/><W44/><G44/><T109/><D57/><U106/><E14/><V93/><F4/><W72/><G83/><N who="0" m="45527" /><D120/><U10/><E121/><V51/><F105/><W50/><REACH who="3" step="1"/><G72/><REACH who="3" ten="290,230,230,240" step="2"/><T54/><D109/><U58/><E67/><V65/><F123/><W29/><G29/><T129/><D118/><U98/><E106/><V81/><F122/><W70/><G70/><T96/><D125/><U69/><E69/><V15/><F81/><W86/><G86/><T30/><D30/><U21/><E85/><V131/><F28/><W91/><G91/><N who="0" m="51687" /><D54/><U132/><E53/><V48/><F131/><N who="0" m="50250" /><D115/><U31/><E31/><V126/><F126/><W46/><G46/><T135/><D135/><U37/><E132/><V45/><REACH who="2" step="1"/><F48/><REACH who="2" ten="290,230,220,240" step="2"/><W63/><G63/><T42/><D113/><U23/><E61/><V41/><F41/><W119/><G119/><T55/><D42/><U99/><E60/><V7/><F7/><W89/><G89/><AGARI ba="0,2" hai="13,15,18,22,26,45,51,52,62,65,71,89,93,97" machi="89" ten="30,5800,0" yaku="1,1,7,1,54,1,53,0" doraHai="101" doraHaiUra="110" who="2" fromWho="3" sc="290,0,230,0,220,78,240,-58" /><INIT seed="2,1,0,2,2,83" ten="290,230,298,182" oya="2" hai0="2,75,43,44,118,100,14,53,67,5,104,33,42" hai1="84,54,78,96,20,59,28,119,101,62,39,103,123" hai2="105,86,92,24,63,120,36,77,27,122,17,40,102" hai3="23,113,64,58,116,4,47,69,22,126,37,72,51"/><V26/><F105/><W18/><G72/><T128/><D75/><U76/><E119/><V49/><F36/><W30/><G116/><T88/><D33/><U45/><E123/><V90/><F102/><W11/><G113/><T134/><D2/><U31/><E103/><V41/><F77/><W135/><G135/><T133/><D67/><U57/><E39/><V0/><F0/><W93/><G126/><T87/><D100/><U129/><E45/><V125/><F125/><W6/><G69/><T1/><D1/><U81/><E129/><V124/><F124/><W61/><G37/><T85/><D104/><U112/><E112/><V98/><F98/><W34/><G34/><T109/><D109/><U94/><E76/><V89/><F89/><W19/><G11/><N who="0" m="4463" /><D128/><U80/><E81/><V117/><F117/><W95/><G30/><T74/><D74/><U35/><E35/><V52/><F63/><W16/><G22/><T32/><D32/><U115/><E115/><V65/><F65/><W50/><G23/><T71/><D71/><U114/><E114/><V60/><F60/><W99/><G95/><N who="0" m="54671" /><D118/><U21/><E31/><V29/><F29/><W68/><G68/><T110/><D110/><U70/><E70/><V127/><F127/><W108/><G108/><T79/><D134/><U12/><E28/><V7/><F122/><W10/><G10/><T55/><D133/><U56/><E21/><N who="2" m="13359" /><F120/><W25/><G25/><N who="2" m="9225" /><F7/><N who="3" m="2603" /><G47/><AGARI ba="1,0" hai="40,41,47,49,52,86,90,92" m="9225,13359" machi="47" ten="30,5800,0" yaku="8,1,52,1,54,1" doraHai="83" who="2" fromWho="3" sc="290,0,230,0,298,61,182,-61" /><INIT seed="2,2,0,3,5,125" ten="290,230,359,121" oya="2" hai0="121,33,40,14,36,100,52,70,51,54,95,58,106" hai1="4,117,20,82,45,27,47,80,17,85,7,130,65" hai2="56,111,0,71,8,19,124,64,133,108,134,11,83" hai3="43,3,25,10,31,129,126,21,127,94,42,26,97"/><V107/><F107/><W29/><G3/><T57/><D33/><U55/><E117/><V15/><F71/><W60/><G10/><T72/><D106/><U131/><E65/><V18/><F83/><N who="1" m="31785" /><E85/><V39/><F39/><W104/><G104/><T62/><D72/><U76/><E76/><V75/><F75/><W16/><G60/><N who="0" m="35879" /><D14/><U115/><E115/><V69/><F69/><W48/><G129/><N who="1" m="49162" /><E55/><V116/><F64/><W24/><G48/><T105/><D54/><U59/><E59/><V120/><F56/><W30/><G43/><T88/><D58/><U98/><E98/><V87/><F87/><W118/><G42/><T46/><D40/><U41/><E47/><V114/><F116/><W135/><G118/><T9/><D46/><U78/><E78/><V109/><F114/><W90/><REACH who="3" step="1"/><G135/><REACH who="3" ten="290,230,359,111" step="2"/><T112/><D112/><U74/><E74/><V22/><F134/><W12/><AGARI ba="2,1" hai="12,16,21,24,25,26,29,30,31,90,94,97,126,127" machi="12" ten="40,8000,1" yaku="1,1,2,1,0,1,54,1,53,0" doraHai="125" doraHaiUra="35" who="3" fromWho="3" sc="290,-22,230,-22,359,-42,111,96" /><INIT seed="3,0,0,5,4,20" ten="268,208,317,207" oya="3" hai0="99,53,21,134,42,96,83,128,65,17,51,80,68" hai1="118,77,87,46,55,109,10,30,47,61,13,25,93" hai2="35,54,41,131,23,102,16,113,15,29,108,124,85" hai3="130,37,88,57,0,4,28,64,63,36,22,69,71"/><W76/><G130/><T59/><D134/><U117/><E109/><V43/><F113/><W1/><G76/><T18/><D128/><U100/><E100/><V94/><F131/><W103/><G103/><T8/><D42/><U81/><E93/><V104/><F108/><W89/><G4/><T116/><D68/><U31/><E31/><V40/><F124/><W132/><G132/><T27/><D65/><U9/><E9/><V58/><F104/><W70/><G1/><T6/><D18/><N who="1" m="8503" /><E61/><V32/><F29/><W97/><G0/><T135/><D116/><N who="1" m="44651" /><E55/><V75/><F75/><W33/><G33/><AGARI ba="0,0" hai="25,30,33,46,47,77,81,87" m="44651,8503" machi="33" ten="30,2000,0" yaku="12,1,52,1" doraHai="20" who="1" fromWho="3" sc="268,0,208,20,317,0,207,-20" /><INIT seed="4,0,0,5,2,41" ten="268,228,317,187" oya="0" hai0="64,105,22,51,89,124,123,92,11,38,13,81,130" hai1="17,67,26,5,10,8,25,95,66,128,54,36,122" hai2="100,113,119,27,58,39,132,90,75,111,109,23,48" hai3="3,53,76,125,135,74,86,68,91,2,93,106,70"/><T108/><D38/><U20/><E122/><V104/><F113/><W103/><G135/><T72/><D105/><U12/><E128/><V59/><F132/><W18/><G125/><T88/><D123/><U40/><E40/><V85/><F39/><W69/><G53/><T98/><D124/><U42/><E54/><V107/><F75/><W47/><G18/><T114/><D114/><U71/><E71/><V99/><F107/><W60/><G60/><T61/><D22/><U46/><E26/><V9/><F9/><W79/><G79/><T94/><D51/><U110/><E110/><V121/><F121/><W115/><G115/><T126/><D126/><U62/><E62/><V19/><F119/><W29/><G29/><T102/><D130/><U28/><REACH who="1" step="1"/><E95/><REACH who="1" ten="268,218,317,187" step="2"/><V117/><F111/><W16/><G70/><T55/><D55/><U14/><AGARI ba="0,1" hai="5,8,10,12,14,17,20,25,28,36,42,46,66,67" machi="14" ten="20,8000,1" yaku="1,1,2,1,0,1,7,1,52,1,53,0" doraHai="41" doraHaiUra="34" who="1" fromWho="1" sc="268,-40,218,90,317,-20,187,-20" /><INIT seed="5,0,0,5,4,73" ten="228,308,297,167" oya="1" hai0="21,48,55,0,56,62,116,95,33,42,135,108,3" hai1="132,40,8,13,63,85,134,66,114,89,79,90,51" hai2="68,5,25,52,37,119,7,87,110,88,78,24,129" hai3="38,14,74,101,61,102,6,77,67,12,64,130,120"/><U58/><E114/><V81/><F110/><W32/><G120/><T11/><D33/><U104/><E104/><V84/><F119/><W15/><G130/><T2/><D108/><U41/><E90/><V17/><F129/><W115/><G115/><T105/><D105/><U125/><E125/><V122/><F122/><W43/><G32/><T49/><D135/><N who="1" m="51755" /><E51/><V59/><F68/><W75/><G6/><N who="2" m="2057" /><F37/><W19/><G19/><T131/><D11/><U94/><E79/><V72/><F72/><W106/><G106/><T35/><D131/><U1/><E1/><V31/><F17/><AGARI ba="0,0" hai="8,13,17,40,41,58,63,66,85,89,94" m="51755" machi="17" ten="30,1500,0" yaku="20,1" doraHai="73" who="1" fromWho="2" sc="228,0,308,15,297,-15,167,0" /><INIT seed="5,1,0,5,4,43" ten="228,323,282,167" oya="1" hai0="7,13,1,77,107,61,34,16,60,131,130,23,52" hai1="127,33,11,63,80,126,112,53,111,15,24,62,20" hai2="128,83,91,2,42,25,26,0,95,82,122,59,97" hai3="6,50,44,105,108,103,58,10,84,79,87,94,125"/><U57/><E33/><V76/><F122/><W14/><G105/><T88/><D107/><U96/><E112/><V106/><F106/><W69/><G69/><T68/><D77/><U100/><E80/><V8/><F128/><N who="0" m="49194" /><D34/><U56/><E111/><V22/><F42/><W18/><G108/><T64/><D1/><U21/><E24/><V17/><F59/><W27/><G125/><N who="1" m="47626" /><E96/><V75/><F8/><W109/><G58/><N who="0" m="34887" /><D7/><N who="1" m="3583" /><E100/><V28/><REACH who="2" step="1"/><F83/><REACH who="2" ten="228,323,272,167" step="2"/><N who="3" m="47231" /><G109/><T73/><D73/><U55/><AGARI ba="1,1" hai="20,21,53,55,56,57,62,63" m="3583,47626" machi="55" ten="30,1500,0" yaku="18,1" doraHai="43" who="1" fromWho="1" sc="228,-6,323,28,272,-6,167,-6" /><INIT seed="5,2,0,3,3,50" ten="222,351,266,161" oya="1" hai0="78,119,105,17,35,13,120,52,31,8,125,96,70" hai1="107,106,80,14,99,21,46,64,87,24,82,122,59" hai2="30,67,101,55,131,118,74,129,27,10,42,56,25" hai3="2,88,36,93,22,48,73,113,40,115,0,19,90"/><U83/><E122/><V53/><F118/><W28/><G73/><T26/><D119/><U65/><E107/><V3/><F74/><W86/><G36/><T49/><D78/><U84/><E106/><V5/><F42/><W110/><G110/><T7/><D70/><U37/><E99/><V32/><F101/><W109/><G28/><T6/><D125/><U66/><E37/><V43/><F43/><W112/><G109/><T100/><REACH who="0" step="1"/><D120/><REACH who="0" ten="212,351,266,161" step="2"/><U76/><E76/><V95/><F131/><W127/><G127/><T104/><D104/><U71/><E71/><V72/><F129/><W103/><G103/><T51/><D51/><U121/><E121/><V1/><F1/><W91/><G91/><T132/><D132/><U79/><E79/><V12/><F3/><W39/><G90/><T44/><AGARI ba="2,1" hai="6,7,8,13,17,26,31,35,44,49,52,96,100,105" machi="44" ten="20,8000,1" yaku="1,1,0,1,7,1,52,1,54,1,53,0" doraHai="50" doraHaiUra="63" who="0" fromWho="0" sc="212,96,351,-42,266,-22,161,-22" /><INIT seed="6,0,0,3,3,108" ten="308,309,244,139" oya="2" hai0="101,59,109,92,96,20,116,68,44,82,13,21,12" hai1="98,10,102,33,73,94,91,58,113,80,32,74,127" hai2="15,131,6,64,53,93,110,62,81,67,84,29,46" hai3="114,119,5,43,42,89,79,104,130,70,19,106,26"/><V39/><F110/><W76/><G70/><T78/><D68/><U77/><E73/><V45/><F131/><W31/><G119/><T121/><D109/><U107/><E113/><V112/><F112/><W71/><G130/><T75/><D121/><U55/><E10/><N who="2" m="4567" /><F39/><W48/><G71/><T2/><D2/><U118/><E127/><V103/><F29/><W3/><G19/><T8/><D116/><U126/><E126/><V28/><F28/><W7/><G89/><T25/><D44/><N who="2" m="17002" /><F93/><W34/><G3/><T100/><D100/><U4/><E4/><V72/><F103/><W38/><G31/><T30/><D59/><U122/><E122/><V50/><F62/><W97/><G38/><T40/><D92/><U35/><E118/><V24/><F24/><W49/><G26/><T16/><D25/><U60/><REACH who="1" step="1"/><E35/><REACH who="1" ten="308,299,244,139" step="2"/><V0/><F72/><W95/><G34/><T65/><D75/><U125/><E125/><V66/><F0/><W36/><G114/><T90/><D8/><U11/><E11/><V128/><F128/><W132/><G5/><T14/><D20/><U85/><AGARI ba="0,1" hai="32,33,55,58,60,74,77,80,85,91,94,98,102,107" machi="85" ten="20,8000,1" yaku="1,1,0,1,7,1,24,2,53,0" doraHai="108" doraHaiUra="61" who="1" fromWho="1" sc="308,-20,299,90,244,-40,139,-20" /><INIT seed="7,0,0,1,5,49" ten="288,389,204,119" oya="3" hai0="37,13,123,5,113,43,131,60,125,33,45,120,27" hai1="22,108,40,79,19,74,20,51,32,48,128,38,112" hai2="96,6,77,61,64,117,133,53,127,69,58,54,23" hai3="50,16,36,116,17,81,18,126,1,129,55,70,73"/><W97/><G116/><T99/><D131/><U122/><E108/><V35/><F117/><W102/><G70/><T121/><D125/><U75/><E32/><V56/><F35/><W106/><G36/><T63/><D33/><U8/><E8/><V41/><F127/><W34/><G34/><T134/><D27/><U29/><E29/><V130/><F130/><W62/><G1/><T86/><D5/><U93/><E51/><N who="2" m="30783" /><F69/><W46/><G62/><T115/><D13/><U24/><E93/><V76/><F41/><W26/><G126/><T105/><D86/><U90/><E90/><V94/><F133/><W114/><G129/><T68/><D99/><U7/><E22/><V101/><F6/><W107/><G114/><N who="0" m="43531" /><D105/><U111/><E24/><V10/><F10/><W83/><G73/><T82/><D82/><U72/><E19/><V109/><F109/><W4/><G4/><T110/><D110/><U132/><E20/><V15/><F64/><W85/><G107/><T87/><D87/><U0/><E79/><V57/><F57/><W100/><G100/><T52/><D134/><U9/><E132/><V124/><F124/><W88/><REACH who="3" step="1"/><G26/><REACH who="3" ten="288,389,204,109" step="2"/><T135/><D135/><U25/><E25/><V2/><F2/><W103/><G103/><T42/><D68/><U3/><E3/><V65/><F101/><W71/><G71/><T84/><D37/><U118/><E75/><V44/><F61/><W91/><G91/><T67/><D60/><U66/><E74/><V47/><F15/><W31/><G31/><T39/><D63/><U28/><E112/><V21/><F77/><RYUUKYOKU ba="0,1" sc="288,-10,389,-10,204,-10,109,30" hai3="16,17,18,46,50,55,81,83,85,88,97,102,106" /><INIT seed="7,1,1,0,5,89" ten="278,379,194,139" oya="3" hai0="22,87,36,93,2,81,116,18,39,72,123,52,112" hai1="121,62,88,1,122,126,47,130,118,53,15,19,73" hai2="75,23,4,90,32,38,113,12,37,119,79,24,65" hai3="26,94,56,33,44,66,54,43,80,101,17,41,84"/><W99/><G66/><T57/><D2/><U30/><E73/><V20/><F119/><W50/><G33/><T13/><D116/><U55/><E118/><V104/><F32/><W110/><G110/><T124/><D124/><U63/><E30/><V7/><F113/><W48/><G26/><T100/><D123/><U82/><E1/><V25/><F104/><W134/><G134/><T96/><D72/><U95/><E82/><V127/><F127/><W74/><G74/><T3/><D3/><U10/><E130/><V67/><F75/><W69/><G69/><T46/><D46/><U91/><E91/><V64/><F90/><W83/><G17/><T92/><D92/><U109/><E109/><V14/><F67/><W31/><G31/><T98/><D98/><U105/><E105/><V59/><REACH who="2" step="1"/><F59/><REACH who="2" ten="278,379,184,139" step="2"/><W102/><G80/><T132/><D112/><U108/><E108/><V114/><F114/><W135/><G135/><T133/><D133/><U42/><E126/><V28/><F28/><W40/><G102/><T8/><D8/><U5/><E88/><AGARI ba="1,2" hai="40,41,43,44,48,50,54,56,83,84,88,94,99,101" machi="88" ten="30,11600,0" yaku="7,1,8,1,52,1,54,1" doraHai="89" who="3" fromWho="1" sc="278,0,379,-119,184,0,139,139" /><INIT seed="7,2,0,5,1,53" ten="278,260,184,278" oya="3" hai0="33,20,55,14,124,108,135,16,132,3,45,98,120" hai1="31,58,80,23,71,66,126,95,44,65,62,12,129" hai2="79,22,105,123,102,63,34,127,90,13,76,77,64" hai3="21,119,117,118,15,72,131,94,47,2,130,73,91"/><W35/><G35/><T49/><D108/><U125/><E129/><N who="3" m="49162" /><G2/><T10/><D33/><U93/><E44/><V29/><F127/><N who="1" m="48649" /><E80/><V110/><F110/><W38/><G15/><T57/><D124/><U113/><E113/><V61/><F123/><W85/><G21/><T9/><D120/><U40/><E40/><AGARI ba="2,0" hai="38,40,47,72,73,85,91,94,117,118,119" m="49162" machi="40" ten="40,2000,0" yaku="19,1" doraHai="53" who="3" fromWho="1" sc="278,0,260,-26,184,0,278,26" owari="278,8.0,234,-17.0,184,-32.0,304,41.0" /></mjloggm>