<mjloggm ver="2.3"><GO type="169" lobby="0"/><UN n0="%EF%BC%A0%E4%B8%AD%E6%9D%91%E8%B1%AA" n1="%73%61%77%6C%79" n2="%E2%98%86%E3%82%B7%E3%83%A3%E3%83%81%E3%83%8F%E3%82%B2%CE%B2%E2%98%86" n3="%EF%BC%88%E2%89%A7%E2%96%BD%E2%89%A6%EF%BC%89" dan="16,17,16,20" rate="2162.33,2215.66,2089.81,2168.97" sx="M,M,F,M"/><TAIKYOKU oya="0"/><INIT seed="0,0,0,0,3,86" ten="250,250,250,250" oya="0" hai0="27,35,88,37,82,7,36,16,73,48,72,83,84" hai1="59,52,128,113,87,97,120,26,75,106,34,110,40" hai2="134,31,30,66,103,6,100,22,24,60,135,85,93" hai3="8,42,109,89,121,126,111,95,79,50,57,98,68"/><T0/><D7/><U81/><E120/><V127/><F127/><W104/><G126/><T92/><D0/><U5/><E113/><V94/><F6/><W10/><G68/><T108/><D108/><N who="3" m="41545" /><G121/><T64/><D64/><U124/><E110/><V28/><F134/><W46/><G79/><T125/><D125/><U44/><E124/><V58/><F135/><W4/><G4/><T107/><D107/><U15/><E128/><V80/><F100/><N who="3" m="62487" /><G57/><T65/><D65/><U116/><E116/><V102/><F103/><W3/><G3/><T32/><D48/><U17/><E75/><V41/><F41/><W117/><G117/><T90/><D92/><U19/><E5/><V115/><F115/><W105/><G105/><T71/><D84/><AGARI ba="0,0" hai="8,10,42,46,50,84,89,95" m="62487,41545" machi="84" ten="30,2000,0" yaku="14,1,52,1" doraHai="86" who="3" fromWho="0" sc="250,-20,250,0,250,0,250,20" /><INIT seed="1,0,0,1,0,105" ten="230,250,250,270" oya="1" hai0="27,95,52,44,16,115,17,19,124,63,112,38,24" hai1="33,12,9,10,84,51,119,36,5,15,108,26,79" hai2="65,83,134,28,60,123,66,127,118,29,25,80,46" hai3="86,39,122,97,42,132,72,7,47,70,57,100,93"/><U3/><E36/><V120/><F118/><W113/><G122/><T76/><D124/><U131/><E119/><V104/><F127/><W133/><G70/><T78/><D95/><U75/><E131/><V34/><F134/><N who="3" m="51819" /><G113/><T8/><D8/><U23/><E108/><V102/><F66/><W92/><G7/><T117/><D117/><U58/><E75/><V99/><F46/><W21/><G72/><T81/><D76/><U90/><E79/><V67/><F67/><W82/><G57/><T59/><D38/><U111/><E111/><V0/><F0/><W11/><G11/><T68/><D68/><U37/><E37/><V14/><F14/><W77/><G21/><T49/><D115/><U45/><E3/><V71/><REACH who="2" step="1"/><F29/><REACH who="2" ten="230,250,240,270" step="2"/><W101/><G101/><T135/><D135/><U125/><E125/><V20/><F20/><W85/><G85/><N who="0" m="48311" /><D112/><U43/><E23/><V96/><F96/><W1/><G1/><T35/><D35/><U121/><E121/><AGARI ba="0,1" hai="25,28,34,60,65,71,80,83,99,102,104,120,121,123" machi="121" ten="40,5200,0" yaku="1,1,25,2,53,0" doraHai="105" doraHaiUra="54" who="2" fromWho="1" sc="230,0,250,-52,240,62,270,0" /><INIT seed="2,0,0,0,4,82" ten="230,198,302,270" oya="2" hai0="58,104,127,116,98,115,6,48,60,9,122,2,95" hai1="101,26,73,105,85,55,111,118,13,39,97,84,62" hai2="100,66,20,32,99,37,19,53,79,117,36,75,77" hai3="11,3,76,78,35,133,90,27,132,131,74,50,120"/><V41/><F117/><W106/><G120/><T8/><D122/><U28/><E118/><V30/><F66/><W44/><G106/><T17/><D115/><U31/><E39/><V94/><F53/><W102/><G102/><T18/><D104/><U113/><E73/><V86/><F75/><W112/><G112/><T46/><D116/><U129/><E113/><V12/><F41/><W33/><G131/><T109/><D109/><U96/><E129/><V130/><F130/><W16/><G90/><T81/><D81/><U89/><E111/><V91/><F36/><W7/><G74/><T49/><D8/><U71/><E13/><V121/><F37/><W119/><G119/><T40/><D49/><U67/><E28/><V88/><F121/><W114/><G114/><T22/><D22/><U15/><E15/><V5/><F5/><W72/><G72/><T54/><REACH who="0" step="1"/><D127/><REACH who="0" ten="220,198,302,270" step="2"/><U125/><E125/><V128/><F128/><W4/><G35/><T123/><D123/><U43/><E43/><V59/><F32/><W10/><G33/><T108/><D108/><U1/><E1/><V25/><F20/><N who="3" m="13703" /><G3/><T65/><D65/><U14/><E14/><V34/><F12/><N who="3" m="5191" /><G11/><T56/><D56/><U24/><E24/><V21/><F59/><W57/><G57/><T23/><D23/><U45/><E45/><V63/><F34/><W134/><G7/><T126/><D126/><U69/><E69/><V110/><F110/><W47/><G47/><T107/><D107/><U93/><E55/><AGARI ba="0,1" hai="44,50,55,76,78,132,133,134" m="5191,13703" machi="55" ten="30,2000,0" yaku="20,1,54,1" doraHai="82" who="3" fromWho="1" sc="220,0,198,-20,302,0,270,30" /><INIT seed="3,0,0,1,0,6" ten="220,178,302,300" oya="3" hai0="91,62,114,127,81,93,30,85,112,118,132,8,101" hai1="3,41,66,79,12,42,28,96,35,54,48,90,75" hai2="95,36,5,7,108,45,51,18,34,24,133,128,32" hai3="102,64,4,0,37,70,23,107,71,13,97,14,65"/><W125/><G37/><T126/><D30/><U59/><E3/><V33/><F36/><W10/><G125/><N who="0" m="47627" /><D62/><U60/><E75/><V113/><F113/><N who="0" m="43626" /><D118/><U19/><E79/><V84/><F33/><W115/><G115/><T43/><D43/><U99/><E35/><V15/><F34/><W11/><G23/><T106/><D8/><U105/><E28/><V2/><F32/><W46/><G0/><T16/><D16/><U27/><E27/><V89/><F18/><W40/><G71/><T38/><D38/><U129/><E129/><V103/><F24/><W119/><G70/><T17/><D17/><U61/><E90/><V26/><F89/><W49/><G119/><T69/><D69/><U104/><E104/><V52/><F128/><W63/><G63/><T67/><D67/><U121/><E105/><V124/><F124/><W131/><G131/><T1/><D1/><U58/><E121/><V83/><F2/><W130/><G130/><T74/><D132/><U76/><E42/><V98/><F133/><W55/><G40/><T31/><D31/><U88/><E41/><V78/><F7/><AGARI ba="0,0" hai="4,7,10,11,13,14,46,49,55,64,65,97,102,107" machi="7" ten="30,11600,0" yaku="7,1,9,1,52,2" doraHai="6" who="3" fromWho="2" sc="220,0,178,0,302,-116,300,116" /><INIT seed="3,1,0,1,5,1" ten="220,178,186,416" oya="3" hai0="48,29,13,61,59,3,66,91,103,56,98,75,69" hai1="36,5,37,64,129,22,109,85,86,15,105,131,74" hai2="24,70,106,62,95,100,111,27,16,92,134,11,117" hai3="113,87,80,12,79,42,135,52,121,124,128,108,77"/><W28/><G121/><T30/><D3/><U68/><E74/><V50/><F117/><W4/><G113/><T119/><D75/><U6/><E105/><V88/><F134/><W82/><G124/><T63/><D119/><U71/><E22/><V7/><F111/><W60/><G135/><T45/><D91/><U43/><E15/><V90/><F106/><W33/><G108/><T116/><D116/><U126/><E109/><V115/><F115/><W40/><G128/><N who="1" m="49226" /><E126/><V0/><F100/><W83/><G28/><T58/><D13/><U78/><E78/><N who="3" m="29706" /><G87/><N who="1" m="33290" /><E43/><N who="3" m="16426" /><G33/><T99/><D63/><N who="1" m="39967" /><E71/><V120/><F120/><W9/><G82/><T26/><D103/><U81/><E81/><V114/><F114/><W21/><G21/><T47/><D29/><U125/><E125/><V132/><F132/><W67/><G67/><T53/><REACH who="0" step="1"/><D45/><REACH who="0" ten="210,178,186,416" step="2"/><U54/><E54/><V118/><F118/><W2/><G2/><T73/><D73/><U44/><E44/><V51/><F0/><W123/><G123/><T89/><D89/><U93/><E93/><V122/><F92/><W133/><G133/><T127/><D127/><U38/><AGARI ba="1,1" hai="5,6,36,37,38" m="39967,33290,49226" machi="38" ten="40,5200,0" yaku="19,1,52,2" doraHai="1" who="1" fromWho="1" sc="210,-14,178,65,186,-14,416,-27" /><INIT seed="4,0,0,3,3,123" ten="196,243,172,389" oya="0" hai0="3,102,73,135,40,68,28,101,79,97,100,94,0" hai1="64,8,58,119,93,92,5,121,108,38,2,70,54" hai2="4,125,53,44,27,24,124,29,21,34,81,25,59" hai3="77,37,71,33,131,126,6,66,49,113,89,106,42"/><T120/><D120/><U63/><E121/><V45/><F81/><W72/><G33/><T1/><D68/><U130/><E130/><V62/><F4/><W83/><G37/><T91/><D135/><U75/><E75/><V90/><F25/><W114/><G71/><T86/><D40/><U57/><E119/><V20/><F34/><W95/><G106/><T74/><REACH who="0" step="1"/><D28/><REACH who="0" ten="186,243,172,389" step="2"/><U78/><E70/><V51/><F125/><W65/><G42/><T35/><D35/><U43/><E43/><V133/><F124/><W96/><G126/><T111/><D111/><U36/><E108/><V39/><F133/><W9/><G131/><T13/><D13/><U82/><E38/><V22/><F39/><W107/><G114/><T11/><D11/><U32/><E36/><V98/><F29/><W109/><G9/><T41/><D41/><U134/><E134/><V76/><F27/><W115/><G115/><T26/><D26/><U19/><E32/><V118/><F24/><W129/><G113/><T30/><D30/><U99/><E8/><V122/><F122/><W84/><G109/><T80/><AGARI ba="0,1" hai="0,1,3,73,74,79,80,86,91,94,97,100,101,102" machi="80" ten="40,3900,0" yaku="1,1,0,1,53,0" doraHai="123" doraHaiUra="55" who="0" fromWho="0" sc="186,49,243,-13,172,-13,389,-13" /><INIT seed="4,1,0,0,0,21" ten="235,230,159,376" oya="0" hai0="105,69,47,36,31,62,64,76,19,126,12,125,90" hai1="32,109,124,13,85,2,82,44,83,66,103,41,18" hai2="71,53,57,121,77,111,98,16,128,8,114,123,4" hai3="120,95,107,84,129,99,94,63,135,130,14,26,11"/><T74/><D105/><U7/><E109/><V96/><F71/><W17/><G120/><T113/><D113/><U46/><E124/><N who="0" m="47721" /><D90/><U88/><E32/><V43/><F114/><W34/><G135/><T131/><D131/><N who="3" m="50185" /><G63/><T108/><D108/><U93/><E66/><V54/><F111/><W81/><G34/><T61/><D61/><U72/><E72/><V48/><F128/><W92/><G107/><T40/><D31/><U55/><E103/><V67/><F67/><W104/><G104/><T78/><D74/><U68/><E68/><V28/><F43/><W134/><G134/><T45/><D45/><U91/><E2/><V116/><F116/><W52/><G99/><T115/><D115/><U79/><E7/><V102/><F77/><N who="3" m="46127" /><G94/><T29/><D29/><U33/><E33/><V22/><F28/><W70/><G70/><T65/><D65/><U3/><E3/><V27/><F54/><W132/><G132/><T112/><D112/><U23/><E55/><V38/><F38/><W87/><G52/><T24/><D12/><U39/><E46/><V5/><F98/><W122/><G87/><T0/><D0/><U51/><E39/><V100/><F100/><W37/><G37/><T119/><D119/><U106/><E106/><V35/><F35/><W86/><G86/><T20/><AGARI ba="1,0" hai="19,20,24,36,40,47,62,64,69,76,78" m="47721" machi="20" ten="30,3000,0" yaku="18,1,52,1" doraHai="21" who="0" fromWho="0" sc="235,33,230,-11,159,-11,376,-11" /><INIT seed="4,2,0,0,0,60" ten="268,219,148,365" oya="0" hai0="101,109,12,2,50,90,86,135,14,33,0,120,22" hai1="48,130,126,70,28,1,104,16,8,97,46,31,65" hai2="18,94,62,64,36,127,34,96,35,4,39,74,132" hai3="38,20,53,75,79,110,116,85,42,91,9,44,77"/><T56/><D33/><U131/><E126/><V25/><F127/><W13/><G110/><T112/><D120/><U107/><E1/><V66/><F74/><W11/><G116/><T52/><D109/><U125/><E125/><V3/><F132/><W7/><G75/><T84/><D135/><U133/><E133/><V49/><F49/><W115/><G115/><T6/><D112/><U29/><E97/><V40/><F3/><W105/><G105/><T87/><D101/><U5/><E5/><V80/><F4/><W93/><G20/><T30/><D90/><U108/><E108/><V26/><F80/><W21/><G21/><T17/><REACH who="0" step="1"/><D30/><REACH who="0" ten="258,219,148,365" step="2"/><U121/><E121/><V59/><F35/><W117/><G117/><T58/><D58/><U113/><E113/><V69/><F34/><W15/><G77/><T88/><D88/><U57/><E57/><V106/><F59/><W78/><G79/><T24/><D24/><U67/><E31/><V124/><F25/><W103/><G78/><T61/><D61/><U68/><E29/><V71/><F62/><W92/><G103/><T122/><D122/><U119/><E28/><V89/><F26/><W54/><G93/><T128/><D128/><U72/><E131/><V123/><F94/><W129/><G129/><T55/><D55/><U63/><E130/><V99/><F123/><W32/><G32/><T51/><D51/><U98/><E48/><V83/><F124/><W43/><G43/><T41/><D41/><U47/><E63/><V23/><F40/><W81/><G92/><T118/><D118/><U19/><E119/><RYUUKYOKU ba="2,1" sc="258,15,219,-15,148,-15,365,15" hai0="0,2,6,12,14,17,22,50,52,56,84,86,87" hai3="7,9,11,13,15,38,42,44,53,54,81,85,91" /><INIT seed="4,3,1,4,5,72" ten="273,204,133,380" oya="0" hai0="132,106,111,22,26,59,47,135,95,12,25,37,84" hai1="61,116,79,14,110,32,28,118,80,11,29,63,46" hai2="75,69,9,92,89,62,97,128,129,44,2,68,5" hai3="85,64,99,104,73,133,130,45,31,1,103,82,20"/><T67/><D106/><U13/><E110/><V58/><F44/><W41/><G1/><T50/><D37/><U4/><E116/><V88/><F89/><W52/><G73/><T119/><D119/><U10/><E118/><V23/><F75/><W66/><G133/><N who="0" m="51275" /><D111/><U30/><E32/><V100/><F23/><W39/><G130/><N who="2" m="50281" /><F100/><W121/><G121/><T40/><D12/><U71/><E46/><V27/><F27/><W102/><G102/><T98/><D84/><U57/><E71/><V76/><F76/><W131/><G131/><T117/><D117/><U114/><E114/><V108/><F108/><W134/><G134/><T33/><D33/><U120/><E120/><V43/><F43/><W77/><G31/><T18/><D26/><U7/><REACH who="1" step="1"/><E57/><REACH who="1" ten="273,194,133,380" step="2"/><V56/><F56/><W115/><G115/><T123/><D123/><U0/><E0/><V107/><F107/><W78/><G104/><T6/><D59/><U17/><E17/><V24/><F24/><W87/><G45/><T126/><D6/><U60/><E60/><V55/><AGARI ba="3,2" hai="2,5,9,55,58,62,68,69,88,92,97" m="50281" machi="55" ten="30,2000,0" yaku="19,1,54,1" doraHai="72" who="2" fromWho="2" sc="273,-13,194,-8,133,49,380,-8" /><INIT seed="5,0,0,3,1,117" ten="260,186,182,372" oya="1" hai0="132,99,131,105,116,55,80,118,29,24,37,71,103" hai1="70,16,93,51,65,45,47,107,39,114,81,76,13" hai2="122,26,22,120,68,40,127,57,101,46,8,134,41" hai3="86,94,112,72,100,108,64,115,28,97,91,23,90"/><U124/><E114/><N who="3" m="43562" /><G108/><T66/><D37/><U82/><E124/><V5/><F127/><W61/><G72/><T52/><D132/><U130/><E107/><V85/><F134/><W87/><G28/><T54/><D80/><U27/><E130/><V20/><F68/><N who="3" m="41999" /><G23/><T18/><D18/><U69/><E39/><V98/><F22/><W43/><G43/><T17/><D17/><U4/><E4/><V104/><F41/><W19/><G19/><T42/><D42/><U119/><E27/><V129/><F57/><W53/><G53/><T15/><D15/><U60/><E119/><V113/><F129/><W74/><G74/><T123/><D131/><U67/><E47/><V102/><F113/><W31/><G31/><T83/><D83/><U36/><E93/><V78/><F101/><W49/><G49/><T135/><D135/><U58/><E36/><V84/><F78/><W48/><G48/><T21/><REACH who="0" step="1"/><D123/><REACH who="0" ten="250,186,182,372" step="2"/><U6/><E16/><V59/><F120/><W121/><G121/><T95/><D95/><U30/><E30/><V32/><F122/><W11/><G11/><T56/><D56/><U33/><E58/><V106/><F59/><W0/><G0/><T109/><D109/><U77/><E70/><V7/><F40/><W3/><G3/><T25/><D25/><U79/><E69/><V10/><F26/><W9/><G9/><T35/><D35/><U38/><E77/><V44/><F32/><W96/><G94/><T1/><D1/><U50/><E76/><V2/><F2/><W110/><G110/><T62/><AGARI ba="0,1" hai="21,24,29,52,54,55,62,66,71,99,103,105,116,118" machi="62" ten="30,4000,0" yaku="1,1,0,1,54,1,53,0" doraHai="117" doraHaiUra="89" who="0" fromWho="0" sc="250,50,186,-20,182,-10,372,-10" /><INIT seed="6,0,0,0,1,125" ten="300,166,172,362" oya="2" hai0="41,110,94,29,6,54,20,97,102,10,56,30,0" hai1="118,114,12,91,106,116,130,62,83,28,24,61,42" hai2="92,11,50,25,128,53,8,82,46,35,47,27,18" hai3="88,4,98,109,73,3,69,5,67,87,34,80,66"/><V127/><F127/><W81/><G109/><T32/><D110/><U57/><E106/><V49/><F128/><W76/><G34/><T120/><D120/><U90/><E114/><V95/><F82/><W93/><G3/><T15/><D41/><U70/><E130/><V37/><F37/><W123/><G123/><T131/><D131/><U55/><E42/><V75/><F75/><W23/><G69/><T86/><D32/><U112/><E112/><V126/><F126/><W22/><G73/><T119/><D119/><U124/><E124/><V121/><F121/><W33/><G33/><T85/><D0/><U43/><E43/><V134/><F134/><W113/><G113/><T111/><D111/><U122/><E122/><V99/><F35/><W64/><G80/><T58/><D58/><U129/><E129/><V71/><F71/><W19/><G23/><T44/><D44/><U77/><E12/><AGARI ba="0,0" hai="4,5,12,19,22,64,66,67,76,81,87,88,93,98" machi="12" ten="40,2600,0" yaku="8,1,54,1" doraHai="125" who="3" fromWho="1" sc="300,0,166,-26,172,0,362,26" /><INIT seed="7,0,0,3,0,106" ten="300,140,172,388" oya="3" hai0="78,44,132,124,22,23,113,109,52,24,30,129,114" hai1="38,9,95,100,62,131,126,94,64,84,105,58,45" hai2="32,86,2,107,11,73,37,97,92,74,33,26,117" hai3="55,87,60,18,47,120,130,54,63,110,79,118,82"/><W59/><G120/><T56/><D109/><U127/><E131/><V40/><F117/><W81/><G118/><T42/><D129/><U76/><E105/><V17/><F107/><W135/><G135/><T111/><D111/><U0/><E126/><V57/><F86/><W51/><G130/><T8/><D132/><U112/><E112/><N who="0" m="43113" /><D124/><U3/><E127/><V61/><F40/><W85/><G18/><T108/><D108/><U31/><E31/><V102/><F37/><W48/><G110/><T53/><D56/><U46/><E38/><V80/><F80/><W115/><G115/><T77/><D8/><U70/><E70/><V6/><F32/><W65/><G65/><T98/><D98/><U13/><E0/><V28/><F17/><W128/><G128/><T103/><D103/><U83/><E3/><V125/><F125/><W71/><G71/><T39/><D23/><U101/><E101/><V43/><F43/><W66/><G66/><AGARI ba="0,0" hai="2,6,11,26,28,33,57,61,66,73,74,92,97,102" machi="66" ten="30,3900,0" yaku="7,1,52,2" doraHai="106" who="2" fromWho="3" sc="300,0,140,0,172,39,388,-39" owari="300,10.0,140,-36.0,211,-19.0,349,45.0" /></mjloggm>