<mjloggm ver="2.3"><GO type="169" lobby="0"/><UN n0="%EF%BC%88%E2%89%A7%E2%96%BD%E2%89%A6%EF%BC%89" n1="%49%68%63%63%6F%74" n2="%E9%A3%9B%E3%81%B9%E3%81%AA%E3%81%84%E9%AD%9A%EF%BC%93" n3="%E9%AB%98%E7%94%BA%E3%83%B4%E3%82%A3%E3%83%B4%E3%82%A3%E3%82%AA%E2%98%86" dan="20,16,16,16" rate="2167.60,2087.80,2109.25,2087.13" sx="M,M,M,F"/><TAIKYOKU oya="0"/><INIT seed="0,0,0,4,0,38" ten="250,250,250,250" oya="0" hai0="34,88,108,9,57,17,91,107,118,24,20,116,6" hai1="62,86,35,85,95,56,29,125,133,10,66,80,19" hai2="40,96,15,121,42,82,115,71,2,26,25,73,5" hai3="30,134,98,43,49,120,23,93,104,114,84,127,16"/><T78/><D107/><U22/><E133/><V65/><F121/><W117/><G114/><T41/><D108/><U75/><E75/><V112/><F2/><W81/><G117/><T45/><D34/><U18/><E35/><V76/><F71/><W102/><G134/><T70/><D70/><U90/><E10/><V3/><F115/><W97/><G30/><T63/><D78/><U44/><E125/><V74/><F112/><W72/><G72/><T11/><D118/><U52/><E29/><V28/><F3/><W21/><G21/><T111/><D111/><U129/><E129/><V94/><F73/><W77/><G127/><T31/><D31/><U130/><E22/><V119/><F119/><W87/><G87/><T92/><D116/><U105/><E105/><V99/><F65/><W8/><G8/><N who="0" m="3147" /><D6/><U53/><E130/><V113/><F113/><W55/><G120/><T32/><D32/><U1/><E1/><V126/><F126/><W122/><G122/><T101/><D101/><U37/><E18/><V131/><F131/><W39/><G104/><T4/><D4/><U128/><E19/><V14/><F5/><W123/><G123/><T59/><D63/><U110/><E110/><V89/><F99/><W100/><G98/><N who="0" m="57607" /><D91/><U64/><E128/><V106/><F106/><W46/><G102/><T61/><D61/><U135/><E135/><V60/><F60/><W51/><G39/><T83/><D83/><U124/><E124/><V58/><F28/><W7/><G7/><T48/><AGARI ba="0,0" hai="17,20,24,41,45,48,57,59" m="57607,3147" machi="48" ten="30,6000,0" yaku="8,1,52,1,54,1" doraHai="38" who="0" fromWho="0" sc="250,60,250,-20,250,-20,250,-20" /><INIT seed="0,1,0,1,0,113" ten="310,230,230,230" oya="0" hai0="9,129,128,120,71,67,32,36,11,127,48,16,131" hai1="110,2,77,60,105,62,6,97,121,112,119,125,93" hai2="101,20,98,44,74,15,122,117,90,106,3,17,14" hai3="0,69,49,94,123,47,37,80,54,73,86,42,39"/><T33/><D36/><U134/><E62/><V40/><F122/><W57/><G0/><T58/><D120/><U24/><E60/><V19/><F3/><W65/><G73/><T7/><D127/><U81/><E24/><V132/><F74/><W89/><G123/><T109/><D71/><U130/><E6/><V21/><F132/><W72/><G72/><T63/><D109/><U78/><E2/><V55/><F55/><W104/><G104/><T13/><REACH who="0" step="1"/><D48/><REACH who="0" ten="300,230,230,230" step="2"/><U75/><E121/><V22/><F90/><W103/><G69/><T115/><D115/><U46/><E110/><V70/><F70/><W1/><G39/><T99/><D99/><U107/><E125/><V84/><F84/><W56/><G37/><T68/><D68/><U126/><E126/><V92/><F106/><N who="1" m="40457" /><E112/><V53/><F53/><W35/><G54/><T18/><D18/><U79/><E134/><V30/><F30/><W66/><G49/><T28/><D28/><U29/><E29/><V88/><F88/><W59/><G89/><T124/><D124/><U76/><E130/><V27/><F17/><W64/><G64/><T135/><D135/><U95/><E97/><V87/><F19/><W85/><G66/><T45/><D45/><U114/><E46/><V41/><F44/><W51/><G65/><T116/><D116/><U61/><E114/><V100/><F98/><W50/><G47/><T102/><D102/><U31/><E31/><V43/><F101/><W91/><G103/><T8/><D8/><U96/><E119/><V108/><F100/><W82/><G91/><T83/><D83/><RYUUKYOKU ba="1,1" sc="300,30,230,-10,230,-10,230,-10" hai0="7,9,11,13,16,32,33,58,63,67,128,129,131" /><INIT seed="0,2,1,2,4,39" ten="330,220,220,220" oya="0" hai0="97,105,53,87,38,72,111,120,70,106,42,9,129" hai1="107,108,101,98,117,8,49,77,57,114,30,94,0" hai2="62,99,71,41,40,68,80,66,14,11,3,123,102" hai3="55,37,7,47,88,23,110,5,36,60,69,18,20"/><T78/><D53/><U134/><E117/><V21/><F123/><W119/><G119/><T45/><D87/><U104/><E114/><V126/><F126/><W22/><G110/><T6/><D120/><U34/><E108/><V52/><F71/><W25/><G36/><T132/><D111/><U17/><E77/><V128/><F128/><W4/><G88/><T130/><D132/><U86/><E134/><V109/><F109/><W133/><G133/><T83/><D70/><U115/><E115/><V73/><F3/><W74/><G74/><T1/><D97/><U51/><E51/><V135/><F135/><W48/><REACH who="3" step="1"/><G37/><REACH who="3" ten="330,220,220,210" step="2"/><T122/><REACH who="0" step="1"/><D122/><REACH who="0" ten="320,220,220,210" step="2"/><U93/><E86/><V2/><F73/><W46/><G46/><T64/><D64/><AGARI ba="2,3" hai="4,5,7,18,20,22,23,25,47,48,55,60,64,69" machi="64" ten="40,2600,0" yaku="1,1,53,1" doraHai="39" doraHaiUra="58" who="3" fromWho="0" sc="320,-32,220,0,220,0,210,62" /><INIT seed="1,0,0,3,4,62" ten="288,220,220,272" oya="1" hai0="55,24,34,129,94,127,28,134,87,25,59,118,39" hai1="125,110,11,27,68,30,79,85,83,96,47,8,82" hai2="67,17,22,41,132,35,12,63,100,64,74,119,76" hai3="15,20,9,101,14,92,18,113,114,73,32,115,71"/><U10/><E110/><V44/><F119/><W81/><G71/><T131/><D118/><U43/><E68/><V104/><F132/><W90/><G32/><T21/><D39/><U84/><E125/><V117/><F117/><W54/><G54/><T45/><D45/><U91/><E96/><V48/><F35/><W7/><G101/><T126/><D134/><U29/><REACH who="1" step="1"/><E27/><REACH who="1" ten="288,210,220,272" step="2"/><V33/><F33/><W46/><G115/><T19/><D127/><U124/><E124/><V86/><F74/><W107/><G73/><T38/><D126/><U111/><E111/><V98/><REACH who="2" step="1"/><F63/><REACH who="2" ten="288,210,210,272" step="2"/><W80/><G114/><T112/><D112/><U6/><E6/><V106/><F106/><W5/><G5/><T16/><D131/><U3/><E3/><V37/><F37/><AGARI ba="0,2" hai="8,10,11,29,30,37,43,47,79,82,83,84,85,91" machi="37" ten="40,2000,0" yaku="1,1,53,0" doraHai="62" doraHaiUra="66" who="1" fromWho="2" sc="288,0,210,40,210,-20,272,0" /><INIT seed="1,1,0,4,1,74" ten="288,250,190,272" oya="1" hai0="82,123,69,127,111,102,15,130,57,70,62,115,98" hai1="113,22,110,96,59,45,2,52,4,18,36,35,53" hai2="30,135,124,109,131,122,9,84,128,10,81,44,50" hai3="67,79,89,38,85,21,88,7,95,13,125,132,75"/><U5/><E35/><V32/><F122/><W27/><G38/><T37/><D115/><U68/><E68/><V91/><F135/><W49/><G125/><T133/><D37/><U24/><E113/><V87/><F124/><W42/><G132/><T51/><D127/><U28/><E2/><V78/><F109/><W48/><G67/><T73/><D133/><U129/><E129/><N who="2" m="49739" /><F30/><N who="3" m="17775" /><G75/><T108/><D130/><U120/><E120/><V83/><F32/><W12/><G79/><T94/><D123/><U61/><E110/><V66/><F66/><W126/><G126/><T114/><D114/><U40/><E53/><AGARI ba="1,0" hai="9,10,44,50,53,78,81,83,84,87,91" m="49739" machi="53" ten="30,2000,0" yaku="19,1,52,1" doraHai="74" who="2" fromWho="1" sc="288,0,250,-23,190,23,272,0" /><INIT seed="2,0,0,1,1,26" ten="288,227,213,272" oya="2" hai0="109,65,80,130,51,132,66,11,58,43,114,13,102" hai1="85,5,78,91,122,14,3,6,125,101,16,46,106" hai2="131,41,127,60,118,38,110,7,73,108,53,40,27" hai3="22,124,79,135,61,29,83,33,119,50,2,48,54"/><V69/><F73/><W0/><G119/><T87/><D114/><U128/><E122/><V68/><F118/><W44/><G33/><T99/><D132/><U62/><E125/><V126/><F7/><W97/><G135/><T89/><D109/><N who="2" m="42090" /><F27/><W134/><G134/><T98/><D130/><U39/><E128/><V129/><F38/><W74/><G61/><N who="0" m="38071" /><D66/><U57/><E3/><V121/><F121/><W93/><G50/><T77/><D102/><U25/><E25/><V86/><F86/><W17/><G29/><T95/><D99/><U117/><E117/><V82/><F82/><W112/><G124/><N who="2" m="47657" /><F131/><W32/><G112/><T49/><D43/><N who="2" m="16458" /><F129/><W63/><G83/><T94/><D94/><N who="1" m="54639" /><E39/><V103/><F103/><W64/><G93/><T133/><D133/><U113/><E113/><V70/><F53/><W111/><G54/><T45/><D80/><U104/><E106/><V34/><F34/><W35/><G35/><T28/><D87/><U105/><E104/><V15/><F15/><W19/><G32/><T123/><D13/><U72/><E101/><V55/><F55/><W42/><G111/><T88/><D95/><U24/><E105/><V92/><F92/><W9/><G42/><T96/><D96/><U47/><E72/><V90/><F90/><W76/><G74/><T31/><D98/><U20/><E78/><V36/><F36/><W12/><G79/><T81/><D77/><U100/><E100/><V8/><F8/><W75/><G76/><T18/><D11/><N who="1" m="4471" /><E5/><V30/><F30/><N who="0" m="11306" /><D89/><U23/><E23/><V56/><F70/><W21/><G97/><RYUUKYOKU ba="0,0" sc="288,-15,227,15,213,15,272,-15" hai1="16,20,24,46,47,57,62" hai2="56,60,68,69" /><INIT seed="2,1,0,2,3,5" ten="273,242,228,257" oya="2" hai0="102,41,118,103,3,112,1,93,131,129,48,83,49" hai1="104,72,122,31,6,67,107,70,43,46,77,135,24" hai2="47,81,55,100,71,20,66,8,119,38,10,109,64" hai3="88,84,33,89,78,127,85,130,27,110,99,2,37"/><V108/><F119/><W92/><G37/><T98/><D118/><U13/><E122/><V97/><F81/><N who="3" m="47159" /><G2/><N who="0" m="523" /><D112/><U134/><E13/><V96/><F20/><W91/><G33/><T12/><D41/><U42/><E6/><V74/><F74/><W29/><G110/><N who="2" m="42601" /><F71/><W63/><G63/><T61/><D103/><U87/><E87/><V9/><F38/><W28/><G130/><N who="0" m="49675" /><D83/><N who="1" m="45479" /><E67/><N who="2" m="25643" /><F100/><N who="3" m="60519" /><G127/><T105/><D105/><N who="1" m="40523" /><E46/><V114/><F114/><W39/><G39/><T121/><D121/><U22/><E70/><V126/><F126/><W90/><G27/><T80/><D80/><AGARI ba="1,0" hai="28,29,80,85,88,89,90,91" m="60519,47159" machi="80" ten="30,2000,0" yaku="8,1,54,1" doraHai="5" who="3" fromWho="0" sc="273,-23,242,0,228,0,257,23" /><INIT seed="3,0,0,0,2,116" ten="250,242,228,280" oya="3" hai0="69,99,17,30,105,119,98,34,108,20,125,61,72" hai1="55,2,57,131,65,90,97,110,18,45,52,103,53" hai2="66,63,40,114,48,23,19,77,44,109,60,133,126" hai3="51,106,25,5,123,84,8,42,78,10,75,85,70"/><W101/><G70/><T135/><D119/><U81/><E2/><V6/><F114/><W49/><G25/><T118/><D118/><U47/><E131/><V120/><F133/><W111/><G101/><T83/><D105/><U96/><E110/><V11/><F109/><W41/><G106/><T104/><D104/><U50/><E103/><V59/><F126/><W94/><G94/><T39/><D39/><U13/><E47/><V112/><F112/><W73/><G78/><T64/><D108/><U26/><E26/><V9/><F77/><W117/><G111/><T87/><D72/><U124/><E124/><V46/><F46/><W68/><G117/><T74/><D74/><U67/><E96/><V89/><F89/><W62/><G62/><T0/><D0/><U4/><E4/><V92/><F92/><W86/><G86/><T82/><D82/><U29/><E29/><V115/><F115/><W134/><G5/><T1/><D1/><U79/><E79/><V21/><F63/><W54/><G54/><T28/><D135/><U121/><E121/><V33/><F33/><W36/><G68/><T102/><D125/><U127/><E127/><V38/><F38/><W88/><G36/><T16/><D34/><U27/><E27/><V14/><REACH who="2" step="1"/><F120/><REACH who="2" ten="250,242,218,280" step="2"/><W3/><G134/><T130/><D61/><N who="1" m="38063" /><E81/><V107/><F107/><W32/><G32/><T56/><D83/><U35/><E35/><V129/><F129/><W43/><G123/><T22/><D130/><U122/><E122/><V80/><F80/><W128/><G128/><T95/><D95/><N who="1" m="56567" /><E67/><V76/><F76/><RYUUKYOKU ba="0,1" sc="250,-15,242,15,218,15,280,-15" hai1="13,18,45,50,52,53,55" hai2="6,9,11,14,19,21,23,40,44,48,59,60,66" /><INIT seed="4,1,1,5,5,131" ten="235,257,233,265" oya="0" hai0="45,107,113,27,110,2,3,42,7,82,125,101,4" hai1="61,19,117,40,104,41,29,102,99,38,58,124,96" hai2="1,12,52,93,111,11,116,94,119,6,72,49,24" hai3="90,80,118,46,32,92,22,100,28,130,55,63,75"/><T91/><D125/><U37/><E124/><V56/><F111/><W81/><G32/><T109/><D113/><U51/><E117/><N who="2" m="45131" /><F72/><W35/><G35/><T132/><D91/><U121/><E121/><V85/><F24/><N who="3" m="16407" /><G75/><T73/><D27/><U67/><E29/><V86/><F12/><W65/><G130/><T54/><D54/><U26/><E99/><V71/><F71/><W20/><G100/><T126/><D126/><U25/><E25/><V68/><F68/><W17/><G65/><T134/><D4/><U15/><E26/><V5/><F5/><W21/><G21/><T87/><D87/><AGARI ba="1,1" hai="1,6,11,49,52,56,85,86,87,93,94" m="45131" machi="87" ten="30,2000,0" yaku="12,1,54,1" doraHai="131" who="2" fromWho="0" sc="235,-23,257,0,233,33,265,0" /><INIT seed="5,0,0,1,3,2" ten="212,257,266,265" oya="1" hai0="125,95,112,72,38,73,20,44,82,78,111,98,59" hai1="18,99,25,117,16,63,56,26,48,97,129,108,53" hai2="77,6,17,30,120,62,66,0,110,101,107,43,76" hai3="131,41,19,46,50,45,127,89,85,1,116,67,29"/><U27/><E129/><V14/><F110/><W60/><G1/><T114/><D111/><U87/><E117/><V75/><F120/><W5/><G131/><T31/><D125/><U24/><E108/><V106/><F30/><W39/><G29/><T47/><D72/><U69/><E69/><V122/><F122/><W94/><G127/><T15/><D59/><U12/><E87/><V34/><F34/><W65/><G116/><T118/><D118/><U13/><N who="1" m="6144" /><DORA hai="100" /><U40/><E40/><V124/><F124/><W130/><G130/><T102/><D31/><U71/><E71/><V4/><F43/><W81/><G5/><T88/><D102/><U51/><E12/><V37/><F37/><W126/><G126/><T49/><D38/><U64/><E18/><V11/><F101/><W135/><G135/><T9/><D20/><U54/><E64/><V80/><F76/><W33/><G19/><T128/><D128/><U8/><E63/><V55/><F55/><W134/><G33/><T7/><REACH who="0" step="1"/><D44/><AGARI ba="0,0" hai="8,13,16,44,48,51,53,54,56,97,99" m="6144" machi="44" ten="50,4800,0" yaku="8,1,54,1" doraHai="2,100" who="1" fromWho="0" sc="212,-48,257,48,266,0,265,0" /><INIT seed="5,1,0,0,5,23" ten="164,305,266,265" oya="1" hai0="129,114,109,64,83,101,108,22,124,85,60,43,82" hai1="6,93,86,54,89,123,72,25,2,62,47,71,135" hai2="53,84,40,112,103,10,21,106,44,41,31,92,52" hai3="45,68,131,49,28,70,9,65,96,125,50,33,24"/><U17/><E72/><V8/><F112/><W26/><G131/><T37/><D114/><U19/><E123/><V100/><F106/><W48/><G45/><T81/><D129/><U0/><E135/><V59/><F84/><W51/><G125/><T110/><D124/><U116/><E116/><V11/><F92/><W20/><G9/><T3/><D3/><U57/><E71/><V7/><F7/><W119/><G119/><T80/><D101/><N who="2" m="38986" /><F44/><W105/><G105/><T91/><D43/><N who="2" m="16458" /><F59/><W58/><G96/><T36/><REACH who="0" step="1"/><D22/><REACH who="0" ten="154,305,266,265" step="2"/><N who="1" m="13519" /><E0/><V117/><F117/><W113/><G113/><T67/><D67/><U75/><E2/><V90/><F90/><W32/><G32/><T118/><D118/><U99/><E75/><V66/><F66/><W35/><G35/><T127/><D127/><U88/><E6/><V95/><F95/><W46/><G65/><T42/><D42/><U102/><E86/><V13/><F13/><W74/><G74/><T98/><D98/><U73/><E73/><V115/><F115/><W130/><G130/><T77/><D77/><U121/><E121/><V104/><F104/><W87/><G87/><T12/><D12/><U133/><E133/><V27/><AGARI ba="1,1" hai="8,10,11,21,27,31,52,53" m="16458,38986" machi="27" ten="40,5200,0" yaku="8,1,52,1,54,1" doraHai="23" who="2" fromWho="2" sc="154,-14,305,-27,266,65,265,-14" /><INIT seed="6,0,0,3,0,134" ten="140,278,331,251" oya="2" hai0="65,95,13,118,124,52,15,58,67,115,57,23,119" hai1="7,117,87,103,94,112,14,75,61,56,110,111,70" hai2="29,17,78,109,35,71,37,55,6,82,132,104,40" hai3="121,123,3,34,102,10,114,129,77,84,59,24,28"/><V100/><F132/><W5/><G129/><T120/><D120/><U22/><E75/><V85/><F109/><W27/><G102/><T130/><D115/><U39/><E70/><V49/><F71/><W83/><G114/><T64/><D130/><U44/><E117/><N who="0" m="44553" /><D95/><U30/><E112/><V80/><F6/><W11/><G59/><N who="0" m="22539" /><D23/><U76/><E39/><V122/><F122/><W32/><G11/><T48/><D13/><U135/><E103/><V90/><F100/><W16/><G16/><T128/><D15/><U20/><E135/><V69/><F104/><W73/><REACH who="3" step="1"/><G84/><REACH who="3" ten="140,278,331,241" step="2"/><T93/><D128/><U108/><E108/><V105/><F17/><W43/><G43/><T125/><D93/><U81/><E94/><V74/><F40/><W98/><G98/><T19/><D19/><N who="1" m="10359" /><E111/><V0/><F85/><W38/><G38/><T8/><D8/><U1/><E110/><V63/><F37/><W31/><AGARI ba="0,1" hai="3,5,10,24,27,28,31,32,34,73,77,83,121,123" machi="31" ten="30,8000,1" yaku="1,1,0,1,9,1,23,2,53,0" doraHai="134" doraHaiUra="92" who="3" fromWho="3" sc="140,-20,278,-20,331,-40,241,90" /><INIT seed="7,0,0,5,0,10" ten="120,258,291,331" oya="3" hai0="107,128,121,113,63,24,61,42,13,82,80,91,120" hai1="4,39,92,68,72,94,45,84,87,81,5,35,77" hai2="43,131,95,83,19,71,40,119,96,1,75,70,67" hai3="25,133,33,98,100,37,129,30,64,41,55,112,59"/><W118/><G118/><T54/><D107/><U16/><E68/><V125/><F119/><W130/><G112/><T78/><D113/><U85/><E35/><V115/><F115/><W12/><G12/><T124/><D124/><U36/><E4/><V20/><F125/><W27/><G64/><T15/><D42/><U88/><E5/><V48/><F131/><W22/><G41/><T89/><D128/><U57/><E94/><V127/><F127/><W52/><G37/><T31/><D54/><U111/><E111/><V132/><F1/><W58/><G133/><T73/><D24/><U109/><E109/><V90/><F132/><W56/><G55/><T116/><D116/><U123/><E123/><V17/><F67/><W26/><G26/><T135/><D135/><U110/><E110/><V103/><F19/><W76/><G76/><T134/><D134/><U3/><E3/><V34/><F34/><W0/><G0/><T47/><D78/><U49/><E57/><V93/><F75/><W66/><G66/><T102/><D102/><U44/><E44/><V117/><F83/><W7/><G7/><T65/><D65/><U23/><E39/><V50/><F117/><W29/><G52/><T60/><D60/><U126/><E36/><V122/><F122/><W114/><G114/><T108/><D108/><U79/><E79/><V9/><F71/><W28/><G28/><T101/><D101/><U86/><E72/><V46/><F70/><W51/><G130/><T32/><D32/><U14/><E126/><V99/><F9/><W53/><G129/><T11/><D11/><RYUUKYOKU ba="0,0" sc="120,-15,258,15,291,-15,331,15" hai1="14,16,23,45,49,77,81,84,85,86,87,88,92" hai3="22,25,27,29,30,33,51,53,56,58,59,98,100" owari="105,-39.0,273,-13.0,276,8.0,346,44.0" /></mjloggm>