<mjloggm ver="2.3"><GO type="169" lobby="0"/><UN n0="%E3%83%A4%E3%82%AD%E3%83%B3" n1="%73%5F%6F%6B" n2="%E7%B7%9A%E5%BD%A2%E8%A8%88%E7%94%BB%E6%B3%95" n3="%E9%BE%8D%E9%96%80%E6%B8%95%E9%80%8F%E8%8A%B1" dan="17,16,16,16" rate="2208.48,2074.62,2126.33,2137.27" sx="M,M,M,M"/><TAIKYOKU oya="0"/><INIT seed="0,0,0,2,0,57" ten="250,250,250,250" oya="0" hai0="54,74,106,84,15,30,118,25,60,7,112,104,66" hai1="47,5,88,95,109,45,9,72,49,110,135,24,78" hai2="127,52,63,103,105,116,27,85,132,46,18,56,1" hai3="22,102,19,48,67,124,36,2,128,129,100,65,126"/><T89/><D112/><U16/><E135/><V113/><F1/><W61/><G36/><T51/><D74/><U21/><E78/><V6/><F6/><W3/><G48/><T99/><D118/><U83/><E83/><V17/><F113/><W91/><G91/><T80/><D7/><U32/><E32/><V10/><F132/><W42/><G42/><T96/><D15/><U64/><E64/><V55/><F10/><W120/><G120/><T26/><D106/><U93/><E93/><V23/><F127/><N who="3" m="48683" /><G67/><T130/><D130/><N who="3" m="50281" /><G3/><T29/><D104/><U31/><E31/><N who="0" m="11785" /><D96/><N who="1" m="57447" /><E72/><V20/><F105/><W11/><G11/><T35/><D35/><U94/><E94/><V70/><F116/><W81/><G81/><T39/><D39/><U86/><E86/><V108/><F85/><W77/><G77/><T14/><D99/><U117/><E49/><V28/><F28/><W71/><G2/><T76/><D76/><U0/><E117/><V62/><F103/><W115/><G115/><T13/><D89/><U44/><E0/><V40/><F40/><W59/><G71/><N who="0" m="42439" /><D84/><U123/><E123/><V73/><F70/><W41/><G41/><T119/><D80/><U75/><E75/><V38/><F73/><W114/><G114/><T12/><D119/><U82/><E82/><V8/><F38/><W33/><G33/><T34/><D34/><U87/><E87/><V69/><F69/><W58/><G58/><T133/><D133/><U68/><E68/><V121/><F56/><W101/><G101/><T53/><D53/><U134/><E134/><V111/><F55/><RYUUKYOKU ba="0,0" sc="250,10,250,10,250,-30,250,10" hai0="12,13,14,25,26,51,54" hai1="5,9,16,21,24,44,45,47,109,110" hai3="19,22,59,61,65,100,102" /><INIT seed="0,1,0,1,5,40" ten="260,260,220,260" oya="0" hai0="62,42,48,124,41,53,76,77,55,46,60,74,64" hai1="57,118,75,6,135,39,93,71,36,18,98,111,20" hai2="37,86,133,22,89,113,32,10,58,51,85,29,31" hai3="1,67,38,15,106,115,16,33,104,105,81,43,56"/><T12/><D74/><U0/><E71/><V97/><F37/><W110/><G115/><T101/><D124/><U11/><E118/><V83/><F32/><W28/><G1/><T95/><D12/><U17/><E135/><V24/><F133/><W117/><G117/><T35/><D35/><U112/><E111/><V25/><F10/><W126/><G110/><T109/><D109/><U23/><E75/><V70/><F70/><W8/><G126/><T134/><D134/><U120/><E120/><V19/><F97/><W14/><G28/><T99/><D42/><U63/><E20/><V66/><F25/><W21/><G33/><T59/><REACH who="0" step="1"/><D53/><REACH who="0" ten="250,260,220,260" step="2"/><U49/><E112/><V94/><F113/><W114/><G114/><T44/><D44/><U54/><E36/><V91/><F66/><W100/><G43/><T123/><D123/><U47/><E39/><V102/><F102/><W128/><G38/><T34/><D34/><U2/><E2/><V92/><F83/><W88/><G15/><T84/><D84/><U7/><E6/><V65/><F65/><W68/><G14/><T121/><D121/><U103/><REACH who="1" step="1"/><E23/><REACH who="1" ten="250,250,220,260" step="2"/><V73/><F73/><W122/><G21/><T52/><D52/><AGARI ba="1,2" hai="0,7,11,17,18,47,49,52,54,57,63,93,98,103" machi="52" ten="30,8000,1" yaku="1,1,2,1,7,1,52,1,54,1,53,0" doraHai="40" doraHaiUra="80" who="1" fromWho="0" sc="250,-83,250,103,220,0,260,0" /><AGARI ba="1,0" hai="19,22,24,29,31,51,52,58,85,86,89,91,92,94" machi="52" ten="40,5200,0" yaku="9,1,8,1,54,1" doraHai="40" who="2" fromWho="0" sc="167,-52,353,0,220,52,260,0" /><INIT seed="1,0,0,1,1,126" ten="115,353,272,260" oya="1" hai0="102,36,16,17,85,47,75,129,73,63,41,5,26" hai1="54,83,124,96,90,34,32,134,80,101,107,103,100" hai2="14,109,25,4,108,93,52,112,78,123,97,62,20" hai3="7,42,82,118,132,105,127,53,131,87,6,120,67"/><U12/><E124/><V66/><F123/><W59/><G120/><T72/><D5/><U94/><E12/><V65/><F78/><W114/><G114/><T106/><D85/><U89/><E54/><V133/><F133/><W113/><G113/><T92/><D92/><U61/><E61/><V10/><F112/><W86/><G105/><T119/><D119/><U27/><E27/><V98/><F98/><W95/><G127/><T88/><D88/><N who="1" m="33899" /><E34/><V135/><F135/><W13/><G118/><T39/><D39/><U24/><E24/><V116/><F116/><W125/><G67/><T22/><D63/><U104/><E32/><V40/><F40/><W35/><G35/><T44/><D44/><U19/><E19/><V30/><F66/><W64/><G64/><T60/><D60/><U33/><E33/><V130/><F65/><W45/><G132/><T122/><D122/><U76/><E134/><V28/><F52/><W77/><G125/><T71/><D71/><U48/><E48/><V79/><F25/><W23/><G95/><T38/><D38/><U91/><E80/><V37/><F14/><W74/><G13/><T68/><D68/><U9/><E9/><V15/><F15/><W31/><G7/><T2/><D17/><U70/><E70/><V1/><F10/><W110/><G6/><T81/><D81/><U55/><E55/><V21/><F4/><W117/><G53/><T43/><D43/><U0/><E0/><V49/><F1/><W18/><G42/><T121/><D121/><U57/><E57/><V46/><F62/><W8/><G59/><RYUUKYOKU ba="0,0" sc="115,-10,353,30,272,-10,260,-10" hai1="76,83,91,94,96,100,101,103,104,107" /><INIT seed="1,1,0,4,4,55" ten="105,383,262,250" oya="1" hai0="133,8,6,0,39,94,36,10,20,101,44,87,119" hai1="23,129,3,110,120,21,102,105,106,103,32,75,82" hai2="130,135,72,123,81,95,97,33,115,125,64,89,14" hai3="121,74,54,51,41,28,99,116,68,69,25,50,30"/><U61/><E120/><V117/><F33/><W100/><G74/><T15/><D119/><U104/><E32/><V52/><F123/><W40/><G121/><T48/><D133/><U26/><E3/><V65/><F117/><W73/><G73/><T67/><D67/><U17/><E129/><V70/><F70/><W35/><G116/><T27/><D101/><U19/><E110/><V22/><F125/><W24/><G68/><T118/><D118/><U11/><E11/><V128/><F115/><W53/><G69/><T114/><D114/><U107/><E61/><V58/><F135/><W60/><G60/><T77/><D8/><U78/><N who="1" m="26624" /><DORA hai="37" /><U90/><REACH who="1" step="1"/><E90/><REACH who="1" ten="105,373,262,250" step="2"/><V57/><F130/><W76/><G76/><T16/><D0/><U59/><E59/><V93/><F58/><W7/><G35/><T43/><D94/><U79/><E79/><V127/><F57/><W38/><G100/><T134/><D134/><U86/><E86/><V92/><F95/><W62/><G62/><T56/><D56/><U4/><E4/><V63/><F89/><W31/><G7/><T71/><D71/><U88/><E88/><V42/><F63/><W2/><G2/><T80/><AGARI ba="1,1" hai="6,10,15,16,20,27,36,39,43,44,48,77,80,87" machi="80" ten="30,8000,1" yaku="0,1,25,2,52,1,54,1" doraHai="55,37" who="0" fromWho="0" sc="105,93,373,-41,262,-21,250,-21" /><INIT seed="2,0,0,4,3,16" ten="198,332,241,229" oya="2" hai0="129,134,114,102,93,101,26,59,90,62,64,5,57" hai1="89,20,83,60,1,96,74,75,88,39,98,100,104" hai2="121,117,49,126,18,46,40,43,33,84,45,17,77" hai3="85,82,10,124,127,72,76,68,112,30,132,48,81"/><V111/><F121/><W34/><G68/><T73/><D114/><U66/><E1/><V108/><F117/><W86/><G112/><T110/><D73/><U51/><E39/><V50/><F33/><W29/><G132/><T123/><D134/><U69/><E51/><V80/><REACH who="2" step="1"/><F126/><REACH who="2" ten="198,332,231,229" step="2"/><W78/><G34/><T13/><D123/><U115/><E115/><V2/><F2/><W130/><G124/><T4/><D102/><U32/><E32/><V53/><F53/><W87/><G127/><T128/><D101/><U23/><E100/><V36/><F36/><W70/><G130/><T61/><D128/><U35/><E35/><V15/><F15/><W8/><G72/><T55/><D129/><U37/><E37/><V107/><F107/><W97/><G86/><T79/><D13/><U91/><E104/><V47/><F47/><W71/><G97/><T113/><D113/><U22/><E75/><V120/><F120/><W122/><G122/><T103/><D103/><U92/><E98/><V118/><F118/><W41/><G41/><T133/><D133/><U3/><E3/><V6/><F6/><W56/><G48/><T106/><D106/><U12/><E12/><V25/><F25/><W42/><G42/><T67/><D26/><U95/><E96/><V31/><F31/><W38/><G38/><T63/><D5/><U44/><E44/><V24/><F24/><W94/><G94/><T54/><D4/><U28/><E28/><V9/><F9/><W0/><G0/><T65/><D93/><N who="1" m="35915" /><E74/><V125/><F125/><W58/><AGARI ba="0,1" hai="8,10,29,30,56,58,70,71,76,78,81,82,85,87" machi="58" ten="25,3200,0" yaku="0,1,22,2" doraHai="16" who="3" fromWho="3" sc="198,-8,332,-8,231,-16,229,42" /><INIT seed="3,0,0,4,5,74" ten="190,324,215,271" oya="3" hai0="72,24,118,133,38,65,36,51,131,135,14,124,0" hai1="4,58,128,54,113,50,110,27,30,23,49,33,84" hai2="35,86,85,79,100,116,63,117,37,114,97,129,81" hai3="29,60,106,69,11,13,61,93,90,40,83,77,82"/><W19/><G106/><T16/><D0/><U67/><E113/><V56/><F35/><W87/><G69/><T126/><D118/><U53/><E128/><V122/><F114/><W109/><G109/><T52/><D65/><U1/><E110/><V89/><F37/><N who="0" m="14442" /><D24/><U26/><E67/><V22/><F129/><W130/><G130/><T78/><D131/><U7/><E84/><V31/><F31/><W120/><G120/><T94/><D94/><U99/><E99/><V59/><F22/><W46/><G29/><T6/><D6/><U2/><E2/><V8/><F8/><W43/><G83/><N who="0" m="45511" /><D16/><U20/><E1/><V119/><F122/><W96/><REACH who="3" step="1"/><G43/><REACH who="3" ten="190,324,215,261" step="2"/><T12/><D126/><U101/><E30/><V121/><F121/><W91/><G91/><T45/><D124/><U34/><E101/><V98/><F100/><W132/><G132/><AGARI ba="0,1" hai="12,14,45,51,52,132,133,135" m="45511,14442" machi="132" ten="30,3900,0" yaku="20,1,52,1,54,1" doraHai="74" who="0" fromWho="3" sc="190,49,324,0,215,0,261,-39" /><INIT seed="4,0,0,3,4,108" ten="239,324,215,222" oya="0" hai0="62,50,75,135,134,79,53,132,80,65,11,57,3" hai1="9,27,96,95,93,77,0,49,46,55,100,126,98" hai2="24,32,109,69,97,1,43,110,58,111,89,101,35" hai3="6,117,25,68,87,124,22,72,85,61,66,99,88"/><T64/><D3/><U112/><E126/><V34/><F69/><W113/><G117/><T92/><D11/><U106/><E77/><V2/><F89/><W70/><G72/><T131/><D131/><U116/><E116/><V30/><F43/><W90/><G124/><T19/><D19/><U23/><E112/><V103/><F103/><W56/><G99/><T74/><D92/><U44/><E44/><V37/><F37/><W83/><G6/><T42/><D42/><U39/><E39/><V7/><F58/><W15/><G15/><T86/><REACH who="0" step="1"/><D65/><REACH who="0" ten="229,324,215,222" step="2"/><U67/><E67/><V128/><F128/><W82/><REACH who="3" step="1"/><G113/><REACH who="3" ten="229,324,215,212" step="2"/><T45/><AGARI ba="0,2" hai="45,50,53,57,62,64,74,75,79,80,86,132,134,135" machi="45" ten="30,12000,1" yaku="1,1,2,1,0,1,20,1,53,1" doraHai="108" doraHaiUra="47" who="0" fromWho="0" sc="229,140,324,-40,215,-40,212,-40" /><INIT seed="4,1,0,1,1,89" ten="369,284,175,172" oya="0" hai0="92,68,80,75,46,30,37,102,28,90,98,62,115" hai1="49,91,70,107,53,52,7,123,126,23,135,3,41" hai2="22,87,97,10,56,74,11,34,32,125,128,129,27" hai3="121,99,122,42,67,132,9,94,1,39,103,35,105"/><T50/><D37/><U43/><E123/><N who="3" m="47114" /><G35/><T78/><D115/><U118/><E118/><V38/><F74/><W40/><G39/><T14/><D14/><U72/><E72/><V114/><F38/><W86/><G67/><T47/><D47/><U124/><E107/><V127/><F87/><W106/><G132/><T73/><D73/><U88/><E70/><V2/><F97/><W66/><G66/><T81/><D81/><U104/><E104/><N who="3" m="40042" /><G86/><T17/><D102/><U21/><E7/><AGARI ba="1,0" hai="1,7,9,40,42,94,99,103" m="40042,47114" machi="7" ten="30,2000,0" yaku="13,1,52,1" doraHai="89" who="3" fromWho="1" sc="369,0,284,-23,175,0,172,23" /><INIT seed="5,0,0,1,0,84" ten="369,261,175,195" oya="1" hai0="87,85,65,123,28,108,12,78,97,103,62,67,14" hai1="48,66,100,38,80,95,6,36,44,34,33,37,73" hai2="120,47,91,45,17,63,89,127,19,133,132,52,41" hai3="24,11,9,56,30,105,43,114,131,25,57,29,124"/><U32/><E6/><V99/><F120/><W7/><G105/><T94/><D108/><U77/><E66/><V74/><F74/><W125/><G43/><T126/><D123/><U75/><E100/><V16/><F127/><N who="3" m="48715" /><G114/><T4/><D126/><U111/><E95/><V82/><F82/><W107/><G107/><T129/><D129/><U13/><E13/><V18/><F99/><W2/><G131/><T134/><D4/><U64/><E64/><V26/><F26/><N who="3" m="10347" /><G11/><T93/><D97/><U71/><E111/><V70/><N who="2" m="4096" /><DORA hai="116" /><V109/><F109/><W40/><G40/><T104/><D28/><AGARI ba="0,0" hai="2,7,9,28,29,30,56,57" m="10347,48715" machi="28" ten="30,1000,0" yaku="18,1" doraHai="84,116" who="3" fromWho="0" sc="369,-10,261,0,175,0,195,10" /><INIT seed="6,0,0,2,4,68" ten="359,261,175,205" oya="2" hai0="108,92,110,14,80,36,30,15,64,129,11,106,20" hai1="115,56,109,128,40,25,78,10,61,29,26,1,2" hai2="93,0,87,114,130,22,57,51,67,16,43,35,101" hai3="60,118,74,116,127,3,123,63,59,91,97,44,96"/><V47/><F35/><W88/><G123/><T90/><D106/><U58/><E109/><V21/><F0/><W28/><G3/><T72/><D36/><U49/><E128/><V120/><F120/><W124/><G74/><T132/><D129/><U73/><E115/><V54/><F130/><W111/><G28/><T65/><D132/><U7/><E1/><V6/><F6/><W9/><G9/><T18/><D108/><U105/><E105/><V17/><F67/><W31/><G31/><T66/><D110/><U62/><E78/><V89/><F101/><W34/><G44/><T134/><D134/><U52/><E73/><V95/><F114/><W135/><G111/><T48/><D72/><U113/><E113/><V70/><F70/><W103/><G34/><T19/><D30/><U100/><E100/><V39/><REACH who="2" step="1"/><F93/><REACH who="2" ten="359,261,165,205" step="2"/><W86/><G135/><T12/><D66/><U122/><E122/><V41/><F41/><W5/><G103/><T46/><D65/><U75/><E40/><V32/><F32/><W38/><G118/><T50/><D64/><U55/><E75/><V133/><F133/><W85/><G116/><T13/><D92/><U53/><REACH who="1" step="1"/><E29/><REACH who="1" ten="359,251,165,205" step="2"/><V23/><AGARI ba="0,2" hai="16,17,21,22,23,39,43,47,51,54,57,87,89,95" machi="23" ten="30,11700,0" yaku="1,1,0,1,52,1,54,1,53,0" doraHai="68" doraHaiUra="99" who="2" fromWho="2" sc="359,-39,251,-39,165,137,205,-39" /><INIT seed="6,1,0,0,4,74" ten="320,212,302,166" oya="2" hai0="83,42,1,129,26,24,61,72,101,84,38,73,36" hai1="116,90,30,57,122,106,34,44,27,97,15,112,9" hai2="21,91,124,95,64,127,110,18,33,88,32,135,126" hai3="69,70,120,50,53,63,125,13,54,22,29,35,16"/><V105/><F135/><W117/><G117/><T47/><D1/><U6/><E116/><V108/><F105/><W113/><G120/><T39/><D129/><U51/><E122/><V133/><F64/><W94/><G125/><T102/><D73/><U59/><E112/><V23/><F133/><W119/><G119/><T103/><D72/><U41/><REACH who="1" step="1"/><E90/><REACH who="1" ten="320,202,302,166" step="2"/><V66/><F91/><W92/><G113/><T131/><D131/><U31/><E31/><V81/><F127/><W99/><G29/><T130/><D130/><U77/><E77/><V12/><F126/><W40/><G69/><T123/><D123/><U58/><E58/><V121/><F121/><W65/><G35/><T52/><D103/><AGARI ba="1,1" hai="6,9,15,27,30,34,41,44,51,57,59,97,103,106" machi="103" ten="40,1300,0" yaku="1,1,53,0" doraHai="74" doraHaiUra="78" who="1" fromWho="0" sc="320,-16,202,26,302,0,166,0" /><INIT seed="7,0,0,2,4,134" ten="304,228,302,166" oya="3" hai0="79,50,54,92,104,39,3,6,77,8,9,107,89" hai1="23,116,98,75,43,123,70,119,18,97,59,1,80" hai2="110,133,32,114,41,122,129,35,66,33,73,13,118" hai3="105,109,91,95,34,68,44,81,67,22,85,30,7"/><W71/><G105/><T61/><D39/><U65/><E123/><V130/><F110/><W125/><G34/><T56/><D107/><U121/><E121/><V29/><F114/><W100/><G109/><T84/><D104/><U131/><E70/><V108/><F108/><W57/><G125/><T112/><D112/><U93/><E1/><V111/><F111/><W31/><G7/><T26/><D26/><U126/><E43/><V49/><F66/><W63/><G44/><N who="0" m="27975" /><D3/><U78/><E131/><N who="2" m="50187" /><F133/><W101/><G101/><T132/><D132/><U15/><E126/><V76/><F13/><W10/><G10/><N who="0" m="4203" /><D6/><U51/><E65/><AGARI ba="0,0" hai="56,61,65,77,79,84,89,92" m="4203,27975" machi="65" ten="30,1000,0" yaku="8,1" doraHai="134" who="0" fromWho="1" sc="304,10,228,-10,302,0,166,0" owari="314,41.0,218,-18.0,302,10.0,166,-33.0" /></mjloggm>