<mjloggm ver="2.3"><GO type="169" lobby="0"/><UN n0="%E3%83%87%E3%82%A3%E3%82%AA%E3%83%90%E3%83%B3" n1="%67%69%6A%79%75%74%75" n2="%4B%E3%80%82" n3="%E4%B8%AD%E3%81%AE%E4%B8%8A" dan="16,16,17,16" rate="2082.50,2132.25,2152.99,2084.89" sx="M,M,M,M"/><TAIKYOKU oya="0"/><INIT seed="0,0,0,4,3,74" ten="250,250,250,250" oya="0" hai0="92,46,106,89,86,101,19,90,4,110,45,100,44" hai1="82,60,66,109,123,113,102,21,63,59,80,131,14" hai2="115,6,10,127,43,104,133,41,53,122,83,108,85" hai3="22,103,18,69,36,67,79,62,120,32,7,30,129"/><T114/><D114/><U68/><E113/><V9/><F115/><W135/><G36/><T2/><D106/><U39/><E123/><V29/><F122/><W0/><G120/><T91/><D110/><U93/><E109/><V112/><F108/><W87/><G129/><T134/><D134/><U71/><E39/><V3/><F104/><W42/><G42/><T126/><D126/><U50/><E131/><V130/><F112/><W47/><G47/><T51/><D2/><U125/><E125/><V78/><F127/><W52/><G103/><N who="0" m="39499" /><D4/><U25/><E14/><V13/><F130/><W88/><G32/><T16/><D51/><U124/><E124/><V35/><F133/><W12/><G30/><T128/><D128/><U98/><E50/><V117/><F117/><W64/><G135/><T58/><D58/><U11/><E11/><V54/><F29/><W99/><G0/><T105/><D105/><U118/><E118/><V24/><F35/><W37/><G37/><T5/><D5/><U61/><E61/><V72/><F72/><W38/><G38/><T20/><D19/><U15/><E15/><AGARI ba="0,0" hai="15,16,20,44,45,46,86,89,90,91,92" m="39499" machi="15" ten="30,2900,0" yaku="8,1,54,1" doraHai="74" who="0" fromWho="1" sc="250,29,250,-29,250,0,250,0" /><INIT seed="0,1,0,1,1,99" ten="279,221,250,250" oya="0" hai0="92,128,30,41,101,133,34,89,95,25,114,10,13" hai1="61,2,87,63,3,86,127,131,123,42,104,93,75" hai2="11,68,33,129,43,117,62,56,126,121,90,60,17" hai3="5,44,69,74,48,46,1,14,66,31,97,64,24"/><T98/><D114/><U22/><E123/><V8/><F121/><W80/><G1/><T26/><D128/><U9/><E104/><V77/><F33/><W53/><G69/><T16/><D133/><U29/><E75/><V82/><F129/><W130/><G130/><T70/><D70/><U59/><E131/><V124/><F117/><W132/><G132/><T83/><D41/><U37/><E37/><V72/><F43/><W119/><G119/><T105/><REACH who="0" step="1"/><D26/><REACH who="0" ten="269,221,250,250" step="2"/><U50/><E42/><V39/><F68/><W55/><G24/><T65/><D65/><U113/><E113/><V32/><F124/><W38/><G66/><T47/><D47/><U125/><E127/><V118/><F126/><W109/><G64/><T112/><D112/><U100/><E125/><V19/><F118/><W78/><G46/><T0/><D0/><U7/><E2/><V4/><F39/><W91/><G38/><T115/><D115/><U122/><E3/><V88/><F56/><W116/><G116/><T85/><AGARI ba="1,1" hai="10,13,16,25,30,34,83,85,89,92,95,98,101,105" machi="85" ten="30,12000,1" yaku="1,1,0,1,52,1,54,1,53,1" doraHai="99" doraHaiUra="96" who="0" fromWho="0" sc="269,133,221,-41,250,-41,250,-41" /><INIT seed="0,2,0,3,4,83" ten="402,180,209,209" oya="0" hai0="97,114,76,50,20,88,104,16,48,79,5,106,131" hai1="121,17,118,73,91,41,101,55,29,46,6,19,11" hai2="77,35,80,30,111,94,103,9,34,15,49,120,51" hai3="98,113,116,122,24,38,86,37,47,125,32,42,109"/><T64/><D114/><U40/><E121/><V119/><F120/><W75/><G75/><T124/><D124/><U85/><E118/><V78/><F119/><W61/><G122/><T70/><D131/><U53/><E73/><V72/><F111/><W56/><G116/><T44/><D5/><U54/><E101/><V71/><F71/><W69/><G113/><T134/><D134/><U36/><E29/><V25/><F78/><N who="0" m="29738" /><D70/><U28/><E28/><V130/><F34/><W45/><G69/><T59/><D104/><U33/><E40/><V123/><F123/><W117/><G109/><T3/><D3/><U0/><REACH who="1" step="1"/><E33/><REACH who="1" ten="402,170,209,209" step="2"/><V2/><F130/><W26/><G32/><T7/><D106/><U31/><E31/><V74/><F72/><W92/><G117/><T81/><D7/><U100/><E100/><V107/><F107/><W23/><G125/><T12/><D44/><U67/><E67/><V128/><F128/><W133/><G47/><T43/><D43/><U84/><E84/><V132/><F35/><W105/><G86/><N who="0" m="50255" /><D97/><U62/><E62/><AGARI ba="2,1" hai="12,16,20,48,50,59,62,64" m="50255,29738" machi="62" ten="30,11600,0" yaku="8,1,52,1,54,2" doraHai="83" who="0" fromWho="1" sc="402,132,170,-122,209,0,209,0" /><INIT seed="0,3,0,0,0,7" ten="534,48,209,209" oya="0" hai0="46,8,14,1,124,62,123,103,94,43,44,19,77" hai1="50,4,97,40,36,12,118,108,33,31,55,52,99" hai2="115,71,32,75,29,111,93,10,2,82,15,37,13" hai3="116,101,25,39,18,6,126,98,16,64,22,135,128"/><T49/><D123/><U34/><E118/><V86/><F115/><W95/><G116/><T91/><D124/><U54/><E36/><V120/><F120/><W102/><G126/><T129/><D129/><U58/><E108/><V87/><F111/><W127/><G127/><T114/><D114/><U51/><E40/><V80/><F71/><W113/><G113/><T23/><D103/><U28/><E54/><V11/><F37/><W20/><G128/><T92/><D77/><U130/><E130/><V89/><F2/><W65/><G135/><T21/><D1/><U5/><E12/><V117/><F117/><W56/><G39/><T66/><D46/><U35/><E35/><V88/><F75/><W45/><G45/><T73/><D73/><U119/><E119/><V63/><F63/><W69/><G69/><T17/><D17/><U131/><E131/><V90/><F29/><W57/><G6/><T70/><REACH who="0" step="1"/><D94/><REACH who="0" ten="524,48,209,209" step="2"/><U81/><E81/><V134/><F93/><W24/><G95/><T110/><D110/><U61/><E61/><V121/><F121/><W106/><G106/><T38/><D38/><U27/><E27/><V76/><F76/><W53/><G98/><AGARI ba="3,1" hai="8,14,19,21,23,43,44,49,62,66,70,91,92,98" machi="98" ten="30,5800,0" yaku="1,1,7,1,52,1,53,0" doraHai="7" doraHaiUra="30" who="0" fromWho="3" sc="524,77,48,0,209,0,209,-67" /><INIT seed="0,4,0,5,1,80" ten="601,48,209,142" oya="0" hai0="81,133,105,93,52,102,73,100,104,0,110,77,23" hai1="74,129,99,89,39,97,111,128,91,57,107,2,92" hai2="132,87,43,84,51,117,135,71,95,58,114,35,5" hai3="120,113,106,45,53,24,123,49,62,85,98,15,40"/><T108/><D0/><U79/><E2/><V26/><F71/><W67/><G113/><T31/><D133/><N who="2" m="51274" /><F114/><W48/><G24/><T16/><D31/><U130/><E39/><V42/><F117/><W13/><G106/><N who="0" m="41067" /><D93/><N who="1" m="56495" /><E57/><V122/><F5/><W25/><G98/><T37/><D37/><U59/><E59/><V44/><F122/><N who="3" m="46635" /><G25/><N who="0" m="14567" /><D52/><U46/><E46/><N who="2" m="26071" /><F95/><W36/><G36/><T90/><D90/><U27/><E27/><V60/><F44/><W76/><G53/><T134/><D134/><U54/><E54/><N who="2" m="33879" /><F43/><W103/><G45/><T50/><D50/><U112/><E112/><V94/><F94/><W68/><G40/><T3/><D3/><U18/><E18/><V20/><F35/><W33/><G33/><T131/><D131/><U70/><E70/><V34/><F34/><W121/><N who="3" m="46643" /><W116/><DORA hai="28" /><G49/><T11/><D11/><U38/><E38/><V82/><F82/><N who="3" m="47303" /><G48/><T64/><D64/><U118/><E118/><V14/><F14/><N who="3" m="5131" /><G116/><T6/><D6/><U88/><E107/><V63/><F63/><W109/><G62/><T17/><D17/><AGARI ba="4,0" hai="17,20,26,84,87" m="33879,26071,51274" machi="17" ten="30,3900,0" yaku="20,1,52,2" doraHai="80,28" who="2" fromWho="0" sc="601,-51,48,0,209,51,142,0" /><INIT seed="1,0,0,3,0,2" ten="550,48,260,142" oya="1" hai0="65,39,88,63,83,30,120,90,109,64,134,28,48" hai1="16,6,36,106,87,66,8,37,50,78,100,115,131" hai2="126,1,111,98,92,12,15,10,67,97,74,70,23" hai3="114,3,73,89,19,24,17,59,22,62,47,127,9"/><U102/><E115/><V4/><F74/><W77/><G114/><T128/><D39/><U58/><E131/><V21/><F111/><W118/><G127/><T80/><D109/><U72/><E72/><V135/><F126/><W124/><G124/><T61/><D134/><U35/><E35/><V57/><F135/><W112/><G112/><T27/><D48/><U60/><E106/><V93/><F70/><W117/><G47/><T13/><D13/><N who="1" m="5271" /><E36/><V130/><F130/><W32/><G32/><T101/><D101/><U5/><E37/><V51/><F1/><W108/><G108/><T55/><D128/><U116/><E116/><N who="3" m="44650" /><G77/><T20/><D120/><U43/><E5/><V38/><F38/><W85/><G73/><T133/><D133/><U18/><E43/><V95/><F15/><N who="3" m="7407" /><G3/><T44/><D44/><U91/><E78/><V125/><F125/><W121/><G121/><T69/><D30/><U41/><E102/><V68/><F68/><W96/><G96/><T33/><D33/><U25/><E100/><V31/><F98/><W71/><G71/><T75/><D69/><U79/><E79/><V76/><F76/><W86/><G89/><T107/><D75/><U81/><E25/><N who="2" m="16815" /><F97/><W0/><G0/><T14/><D107/><U105/><E105/><V29/><F29/><W123/><G123/><T82/><D90/><U122/><E122/><V45/><F23/><W52/><AGARI ba="0,0" hai="19,22,24,52,59,62,85,86" m="7407,44650" machi="52" ten="30,2000,0" yaku="12,1,54,1" doraHai="2" who="3" fromWho="3" sc="550,-5,48,-10,260,-5,142,20" /><INIT seed="2,0,0,0,4,122" ten="545,38,255,162" oya="2" hai0="43,133,113,24,98,95,94,54,45,108,128,76,46" hai1="83,115,53,31,125,8,64,27,104,91,35,96,52" hai2="34,20,114,66,77,25,22,17,0,60,123,55,107" hai3="97,129,7,80,106,15,29,44,74,131,124,4,117"/><V111/><F123/><W50/><G117/><T69/><D69/><U12/><E115/><V119/><F114/><W102/><G29/><T67/><D67/><U23/><E125/><V56/><F119/><W6/><G124/><T81/><D128/><N who="3" m="49225" /><G74/><T120/><D133/><U63/><E23/><V2/><F107/><W126/><G80/><T105/><D108/><U42/><E42/><V90/><F34/><W93/><G126/><T127/><D105/><U110/><E110/><V103/><F111/><W130/><G130/><T82/><D76/><U10/><E10/><V59/><F77/><W109/><G109/><T47/><D54/><U85/><E96/><V9/><F103/><W73/><G73/><T121/><D43/><U33/><E33/><V49/><F9/><N who="3" m="4519" /><G106/><T99/><D113/><U88/><E91/><V61/><F90/><W51/><G51/><T58/><D127/><U71/><REACH who="1" step="1"/><E104/><REACH who="1" ten="545,28,255,162" step="2"/><V1/><F22/><W79/><G79/><T38/><D98/><U3/><E3/><V16/><F17/><AGARI ba="0,1" hai="8,12,17,27,31,35,52,53,63,64,71,83,85,88" machi="17" ten="30,7700,0" yaku="1,1,7,1,54,2,53,0" doraHai="122" doraHaiUra="101" who="1" fromWho="2" sc="545,0,28,87,255,-77,162,0" /><INIT seed="3,0,0,4,4,53" ten="545,115,178,162" oya="3" hai0="12,26,11,122,100,77,90,119,117,30,127,55,65" hai1="25,97,106,64,19,5,81,131,121,36,128,3,123" hai2="89,92,98,63,85,67,29,27,52,45,125,72,43" hai3="132,104,58,86,6,17,4,0,133,2,18,1,70"/><W102/><G70/><T39/><D122/><N who="1" m="46603" /><E36/><V8/><F72/><W47/><G47/><T84/><D127/><U34/><E64/><V44/><F125/><W103/><G86/><T76/><D100/><N who="3" m="38441" /><G104/><T22/><D39/><U115/><E81/><V33/><F8/><W31/><G31/><T94/><D65/><U75/><E75/><V15/><F15/><W46/><G46/><T24/><D24/><U96/><E96/><V56/><F43/><W48/><G48/><T61/><D119/><U118/><E97/><V49/><REACH who="2" step="1"/><F98/><REACH who="2" ten="545,115,168,162" step="2"/><W95/><G0/><T37/><D12/><U107/><E3/><V91/><F91/><W93/><G1/><T87/><D11/><U42/><E42/><V83/><F83/><W50/><G2/><T16/><D90/><U78/><E78/><V129/><F129/><W88/><G133/><T134/><D76/><U57/><E131/><V21/><F21/><W68/><G132/><T113/><D77/><U51/><E128/><V73/><F73/><W35/><G35/><T135/><D22/><U59/><E34/><V62/><F62/><W124/><G124/><T120/><D61/><U116/><E116/><V66/><F66/><W110/><G88/><T99/><D134/><U38/><E118/><V28/><F28/><W9/><G9/><T109/><D30/><U40/><E40/><V126/><F126/><W54/><G95/><T130/><D135/><U105/><E107/><V7/><F7/><W112/><G93/><T79/><D117/><U60/><E106/><V23/><F23/><W14/><G6/><T114/><D130/><RYUUKYOKU ba="0,1" sc="545,-10,115,-10,168,30,162,-10" hai2="27,29,33,44,45,49,52,56,63,67,85,89,92" /><INIT seed="4,1,1,4,0,79" ten="535,105,198,152" oya="0" hai0="35,46,57,19,17,62,103,60,6,16,107,64,78" hai1="49,43,42,122,72,53,99,82,113,101,124,40,28" hai2="104,93,86,20,30,24,54,14,110,59,114,63,90" hai3="69,127,11,88,70,87,126,13,26,105,25,36,129"/><T84/><D35/><U118/><E122/><V100/><F110/><W23/><G36/><T32/><D32/><U52/><E118/><V71/><F114/><W106/><G129/><T2/><D107/><N who="3" m="40969" /><G11/><T117/><D117/><U65/><E113/><V38/><F38/><W9/><G9/><T15/><D2/><U48/><E65/><V7/><F71/><N who="3" m="27147" /><G13/><T66/><D103/><U115/><E115/><V134/><F134/><W73/><G73/><T102/><D102/><U33/><E124/><N who="3" m="47658" /><G23/><T50/><D6/><U34/><E34/><V89/><F104/><W3/><G3/><T95/><D15/><U83/><E33/><V55/><F100/><W75/><G75/><T131/><D131/><U116/><E72/><V22/><F22/><W128/><G128/><T121/><D121/><U61/><E116/><V112/><F112/><W68/><N who="3" m="27155" /><W111/><DORA hai="27" /><G111/><T47/><D50/><N who="1" m="19563" /><E28/><V76/><F14/><W56/><G56/><N who="0" m="36871" /><D95/><AGARI ba="1,1" hai="25,26,87,88,95" m="47658,27155,40969" machi="95" ten="50,3200,0" yaku="18,1,54,1" doraHai="79,27" who="3" fromWho="0" sc="535,-35,105,0,198,0,152,45" /><INIT seed="5,0,0,0,3,44" ten="500,105,198,197" oya="1" hai0="133,53,42,89,36,28,76,116,102,26,5,10,120" hai1="79,71,39,40,68,54,61,118,58,14,4,52,123" hai2="80,130,122,35,38,70,135,43,17,105,45,90,107" hai3="50,109,95,15,127,33,99,41,16,94,100,92,55"/><U119/><E79/><V106/><F122/><W117/><G109/><T97/><D116/><N who="1" m="44587" /><E14/><V21/><F35/><W126/><G117/><T59/><D10/><U47/><E4/><V134/><F70/><N who="1" m="26665" /><E123/><V18/><F80/><W88/><G41/><T125/><D26/><U87/><E87/><V113/><F90/><W60/><G60/><T132/><D28/><U9/><E9/><V57/><F57/><N who="3" m="33015" /><G33/><T27/><D5/><U64/><AGARI ba="0,0" hai="39,40,47,52,54,58,61,64" m="26665,44587" machi="64" ten="30,6000,0" yaku="34,2,54,1" doraHai="44" who="1" fromWho="1" sc="500,-20,105,60,198,-20,197,-20" /><INIT seed="5,1,0,0,0,52" ten="480,165,178,177" oya="1" hai0="104,53,56,49,3,66,106,63,118,5,71,133,108" hai1="46,80,124,23,103,96,57,33,25,19,54,36,101" hai2="125,42,105,94,40,89,110,68,44,102,109,135,7" hai3="74,26,48,99,0,112,121,98,58,87,8,9,129"/><U111/><E124/><V70/><F125/><W126/><G126/><T22/><D108/><U6/><E111/><V84/><F135/><W43/><G74/><T62/><D118/><U30/><E6/><V134/><F134/><W65/><G121/><T37/><D133/><U28/><E80/><V97/><F42/><W77/><G112/><T4/><D37/><U11/><E11/><N who="3" m="4170" /><G0/><T45/><D3/><U50/><E33/><V69/><REACH who="2" step="1"/><F7/><REACH who="2" ten="480,165,168,177" step="2"/><W2/><G43/><T107/><D4/><U12/><E36/><AGARI ba="1,1" hai="36,40,44,68,69,70,84,89,94,97,102,105,109,110" machi="36" ten="40,2600,0" yaku="1,1,2,1,53,0" doraHai="52" doraHaiUra="116" who="2" fromWho="1" sc="480,0,165,-29,168,39,177,0" /><INIT seed="6,0,0,0,2,67" ten="480,136,207,177" oya="2" hai0="34,83,135,86,100,101,92,118,116,84,102,0,68" hai1="45,95,8,19,62,106,21,22,33,79,42,40,110" hai2="115,99,113,3,89,109,13,97,11,26,120,81,23" hai3="73,104,108,103,126,78,61,5,60,133,127,134,20"/><V65/><F120/><W57/><G5/><T49/><D135/><N who="3" m="51721" /><G20/><T6/><D68/><U98/><E110/><V64/><F3/><W80/><G61/><T129/><D34/><U36/><E33/><V122/><F122/><W52/><G108/><T58/><D129/><U124/><E106/><V93/><F109/><W82/><G82/><T50/><D92/><U53/><E124/><N who="3" m="47658" /><G104/><T56/><D6/><U41/><E79/><V9/><F81/><W39/><G103/><T91/><D0/><U28/><E28/><N who="2" m="17503" /><F11/><W44/><G44/><T63/><D84/><U117/><E117/><N who="0" m="45161" /><D58/><N who="1" m="35151" /><E36/><AGARI ba="0,0" hai="36,39,52,57,60,73,78,80" m="47658,51721" machi="36" ten="30,3900,0" yaku="20,1,18,1,54,1" doraHai="67" who="3" fromWho="1" sc="480,0,136,-39,207,0,177,39" /><INIT seed="7,0,0,1,4,124" ten="480,97,207,216" oya="3" hai0="7,69,52,130,71,37,25,87,55,54,35,68,57" hai1="61,79,67,6,102,22,109,38,11,114,101,100,81" hai2="92,103,50,91,118,90,48,74,99,123,28,64,21" hai3="42,5,39,53,133,110,83,65,27,44,96,32,0"/><W36/><G36/><T29/><D37/><U117/><E109/><V115/><F74/><W26/><G110/><T85/><D130/><U98/><E38/><V43/><F118/><W132/><G65/><T94/><D7/><U116/><E114/><V40/><F115/><W82/><G53/><T131/><D131/><U111/><E111/><V80/><F64/><W9/><G96/><T58/><REACH who="0" step="1"/><D94/><REACH who="0" ten="470,97,207,216" step="2"/><U95/><E117/><V121/><F123/><W59/><G59/><AGARI ba="0,1" hai="25,29,35,52,54,55,57,58,59,68,69,71,85,87" machi="59" ten="50,6400,0" yaku="1,1,2,1,54,1,53,0" doraHai="124" doraHaiUra="88" who="0" fromWho="3" sc="470,74,97,0,207,0,216,-64" owari="544,64.0,97,-40.0,207,1.0,152,-25.0" /></mjloggm>