<mjloggm ver="2.3"><GO type="169" lobby="0"/><UN n0="%E6%80%96%E3%81%8F%E3%81%AA%E3%81%84%E3%81%8A" n1="%E5%8D%97%E5%9B%BD%E9%9B%80" n2="%4B%53%4D%43" n3="%73%68%69%6E%6F%21%21" dan="18,17,16,16" rate="2159.00,2235.32,2070.50,2133.22" sx="M,M,M,M"/><TAIKYOKU oya="0"/><INIT seed="0,0,0,0,0,14" ten="250,250,250,250" oya="0" hai0="41,24,131,99,70,78,94,57,97,86,42,107,5" hai1="34,3,120,104,130,46,105,29,35,111,132,75,69" hai2="55,58,54,37,113,47,48,49,77,20,13,101,87" hai3="66,115,61,22,30,80,117,51,59,91,40,74,112"/><T81/><D70/><U133/><E46/><V125/><F113/><W114/><G117/><T121/><D121/><U92/><E92/><V26/><F125/><W21/><G30/><T52/><D5/><U95/><E95/><V102/><F37/><W106/><G106/><T56/><D56/><U108/><E29/><N who="2" m="17607" /><F13/><W23/><G40/><T119/><D119/><U39/><E35/><V28/><F28/><W67/><G51/><T7/><D7/><U89/><E89/><V88/><F77/><W38/><G38/><T16/><D131/><U118/><E104/><V135/><F135/><W10/><G10/><T43/><D107/><U1/><E1/><V53/><F53/><W116/><G116/><T109/><D109/><U17/><E17/><V123/><F123/><W100/><G100/><T6/><D6/><U127/><E132/><V83/><AGARI ba="0,0" hai="47,48,49,54,55,58,83,87,88,101,102" m="17607" machi="83" ten="30,2000,0" yaku="8,1,54,1" doraHai="14" who="2" fromWho="2" sc="250,-10,250,-5,250,20,250,-5" /><INIT seed="1,0,0,1,5,28" ten="240,245,270,245" oya="1" hai0="81,20,80,12,61,89,78,56,113,76,82,68,38" hai1="24,31,36,3,8,10,93,96,129,11,95,0,84" hai2="125,88,128,65,110,70,134,135,133,79,104,30,26" hai3="1,25,114,102,16,13,18,17,97,132,52,98,29"/><U108/><E36/><V47/><F110/><W121/><G121/><T72/><D113/><U91/><E129/><V118/><F118/><W107/><G1/><T83/><D38/><U126/><E126/><V40/><F125/><W90/><G114/><T109/><D109/><U14/><E14/><V116/><F116/><W94/><G132/><T67/><D68/><U131/><E131/><V33/><F128/><W39/><G39/><T71/><D71/><U86/><E108/><V58/><F70/><W23/><REACH who="3" step="1"/><G52/><REACH who="3" ten="240,245,270,235" step="2"/><T87/><D72/><U64/><E64/><V100/><F65/><W112/><G112/><T46/><D46/><U44/><E44/><V101/><F104/><W69/><G69/><T57/><D56/><U85/><REACH who="1" step="1"/><E95/><REACH who="1" ten="240,235,270,235" step="2"/><V35/><F133/><W43/><G43/><T5/><D67/><U55/><E55/><V9/><F40/><W122/><G122/><T92/><D92/><U15/><E15/><AGARI ba="0,2" hai="13,15,16,17,18,23,25,29,90,94,97,98,102,107" machi="15" ten="40,2600,0" yaku="1,1,54,1,53,0" doraHai="28" doraHaiUra="4" who="3" fromWho="1" sc="240,0,235,-26,270,0,235,46" /><INIT seed="2,0,0,5,2,120" ten="240,209,270,281" oya="2" hai0="89,22,15,90,47,83,45,105,95,118,69,58,20" hai1="11,127,72,51,30,0,26,132,68,34,62,112,10" hai2="135,124,37,82,1,75,129,40,103,109,63,78,31" hai3="104,27,50,111,97,46,128,18,13,3,116,121,19"/><V101/><F129/><W119/><G3/><T125/><D69/><U36/><E36/><V85/><F135/><W96/><G121/><T76/><D105/><U65/><E112/><V94/><F1/><W52/><G128/><T43/><D125/><U108/><E132/><V107/><F124/><W33/><G111/><T84/><D118/><U55/><E127/><V39/><F101/><W117/><G104/><T29/><D90/><U56/><E72/><V32/><F40/><W122/><G122/><T134/><D134/><U80/><E80/><V35/><F63/><W81/><G81/><T123/><D123/><U114/><E114/><V86/><F86/><W24/><G19/><T14/><D58/><U4/><REACH who="1" step="1"/><E11/><REACH who="1" ten="240,199,270,281" step="2"/><V98/><F109/><AGARI ba="0,1" hai="0,4,10,26,30,34,51,55,56,62,65,68,108,109" machi="109" ten="40,8000,1" yaku="1,1,2,1,52,2,53,1" doraHai="120" doraHaiUra="2" who="1" fromWho="2" sc="240,0,199,90,270,-80,281,0" /><INIT seed="3,0,0,3,0,74" ten="240,289,190,281" oya="3" hai0="112,109,34,54,61,2,37,97,94,7,69,24,95" hai1="35,28,73,10,124,11,134,63,17,21,113,29,120" hai2="83,20,78,125,16,127,121,87,98,26,80,13,58" hai3="92,79,39,84,51,15,103,77,99,115,93,53,56"/><W104/><G115/><T36/><D112/><U116/><E113/><V111/><F111/><W129/><G39/><T100/><D109/><U67/><E120/><V45/><F121/><W62/><G129/><T44/><D7/><U90/><E116/><V40/><F98/><W126/><G126/><N who="2" m="48137" /><F58/><W96/><G84/><T107/><D2/><U4/><E124/><V133/><F133/><W70/><G104/><T19/><D37/><U68/><E134/><V52/><F83/><W110/><G110/><T105/><D105/><U66/><E66/><V101/><F101/><N who="3" m="60551" /><G70/><T22/><D34/><U75/><E35/><V89/><F40/><W31/><G31/><T25/><D25/><U102/><E102/><V123/><F123/><W18/><G62/><T82/><D69/><U33/><E33/><V85/><F26/><W128/><G128/><T114/><D114/><U42/><E42/><V132/><F132/><W76/><G76/><T108/><D108/><U106/><E106/><V91/><F85/><W131/><G131/><T30/><D30/><U55/><E73/><V48/><AGARI ba="0,0" hai="13,16,20,45,48,52,78,80,87,89,91" m="48137" machi="48" ten="30,7900,0" yaku="18,1,52,1,54,2" doraHai="74" who="2" fromWho="2" sc="240,-20,289,-20,190,79,281,-39" /><INIT seed="4,0,0,2,1,91" ten="220,269,269,242" oya="0" hai0="20,10,99,127,109,46,117,56,114,64,37,4,23" hai1="102,101,9,79,57,82,131,3,113,7,65,125,6" hai2="51,58,17,8,5,39,118,34,129,25,87,90,74" hai3="89,86,115,121,116,88,95,45,103,108,62,47,83"/><T124/><D117/><U84/><E7/><V28/><F129/><W98/><G108/><T49/><D109/><U97/><E131/><V22/><F118/><W111/><G116/><T29/><D114/><U126/><E113/><V31/><F39/><W81/><G111/><T27/><D20/><U72/><E72/><V104/><F104/><W61/><G115/><T133/><D133/><U19/><E19/><V43/><F74/><W1/><G1/><T92/><D37/><U80/><E80/><V13/><F58/><W128/><G128/><T0/><D46/><N who="3" m="17417" /><G121/><T105/><D105/><U119/><E119/><V110/><F110/><W132/><G132/><T112/><D112/><U38/><E38/><V100/><F100/><W107/><G107/><T36/><D36/><U41/><E41/><V33/><F43/><W122/><G122/><T77/><D77/><U85/><E85/><AGARI ba="0,0" hai="61,62,81,83,85,86,88,89,95,98,103" m="17417" machi="85" ten="30,3900,0" yaku="8,1,52,1,54,1" doraHai="91" who="3" fromWho="1" sc="220,0,269,-39,269,0,242,39" /><INIT seed="5,0,0,3,2,86" ten="220,230,269,281" oya="1" hai0="64,18,125,78,49,121,98,97,89,90,93,128,56" hai1="76,105,70,94,99,24,35,34,91,82,16,19,52" hai2="102,30,101,79,11,47,5,95,38,1,84,4,45" hai3="67,33,119,60,21,43,17,2,75,25,3,127,81"/><U130/><E70/><V14/><F30/><W54/><G127/><T116/><D116/><U110/><E105/><V61/><F61/><W126/><G126/><T20/><D125/><U6/><E6/><V87/><F38/><W109/><G109/><T131/><D78/><U88/><E110/><V8/><F95/><W68/><G119/><T135/><D135/><U9/><E130/><N who="0" m="49705" /><D121/><U111/><E111/><V96/><F96/><N who="0" m="36970" /><D93/><U83/><E35/><V122/><F79/><W26/><G43/><T72/><D72/><U36/><E36/><V63/><F63/><W31/><G54/><N who="0" m="31823" /><D64/><U123/><E123/><V118/><F122/><W117/><G117/><T29/><D29/><U0/><E34/><V132/><F118/><W12/><G75/><T40/><D40/><U39/><E39/><V53/><F132/><W50/><G50/><T51/><D51/><U108/><E108/><V22/><F1/><W113/><G2/><T42/><D42/><U71/><E76/><V57/><F53/><W58/><G3/><T65/><D65/><U134/><E134/><V10/><F10/><W23/><G68/><T59/><D59/><U32/><E71/><V73/><F57/><W28/><G81/><T129/><N who="0" m="49713" /><T92/><DORA hai="120" /><D92/><U85/><E83/><V48/><F48/><W77/><G77/><T66/><D66/><U37/><E37/><V74/><F14/><AGARI ba="0,0" hai="14,18,20,89,90" m="31823,36970,49713" machi="14" ten="40,5200,0" yaku="19,1,52,2" doraHai="86,120" who="0" fromWho="2" sc="220,52,230,0,269,-52,281,0" /><INIT seed="6,0,0,3,0,10" ten="272,230,217,281" oya="2" hai0="17,107,132,84,110,7,109,24,98,117,78,21,63" hai1="16,85,90,5,55,100,3,46,14,59,77,65,95" hai2="121,20,38,67,129,108,60,12,124,112,92,97,130" hai3="64,31,87,114,47,82,81,36,43,48,51,26,126"/><V101/><F121/><W27/><G126/><T76/><D132/><U96/><E3/><V106/><F124/><W18/><G64/><T56/><D7/><U99/><E5/><V29/><F112/><W68/><G68/><T127/><D127/><U23/><E77/><V13/><F38/><W135/><G135/><T73/><D73/><U32/><E32/><V133/><F133/><W88/><G114/><T19/><D117/><U9/><E65/><V134/><F134/><W0/><G0/><T66/><D84/><U40/><E9/><V41/><F41/><W94/><G36/><T61/><D61/><N who="1" m="36095" /><E100/><V128/><F106/><W22/><G51/><AGARI ba="0,0" hai="14,16,23,40,46,51,85,90,95,96,99" m="36095" machi="51" ten="30,3900,0" yaku="8,1,52,1,54,1" doraHai="10" who="1" fromWho="3" sc="272,0,230,39,217,0,281,-39" /><INIT seed="7,0,0,5,4,15" ten="272,269,217,242" oya="3" hai0="51,38,86,128,79,99,39,76,110,67,49,72,121" hai1="108,43,6,96,22,71,114,105,85,113,54,94,93" hai2="53,32,21,65,91,109,37,42,50,41,14,61,57" hai3="80,124,52,98,116,87,48,89,132,66,24,26,45"/><W34/><G116/><T135/><D110/><U10/><E108/><V117/><F109/><W64/><G124/><T78/><D121/><U123/><E123/><V25/><F117/><W133/><G98/><T103/><D72/><U62/><E43/><V75/><F75/><W46/><G46/><T23/><D67/><N who="3" m="25641" /><G34/><T58/><D128/><U2/><E71/><V1/><F1/><W125/><G125/><T111/><D135/><AGARI ba="0,0" hai="24,26,45,48,52,80,87,89,132,133,135" m="25641" machi="135" ten="30,2900,0" yaku="20,1,54,1" doraHai="15" who="3" fromWho="0" sc="272,-29,269,0,217,0,242,29" /><INIT seed="7,1,0,3,2,60" ten="243,269,217,271" oya="3" hai0="126,124,35,67,77,19,22,103,49,39,46,108,122" hai1="133,71,76,89,94,134,23,44,101,95,47,79,6" hai2="100,111,12,14,75,34,127,20,84,112,85,81,58" hai3="123,61,5,26,42,135,59,9,54,57,16,96,11"/><W36/><G123/><T86/><D35/><U115/><E115/><V15/><F111/><W102/><G135/><N who="1" m="51722" /><E6/><V82/><F34/><W72/><G72/><T41/><D108/><U51/><E71/><V43/><F127/><N who="0" m="48682" /><D103/><U24/><E101/><V17/><F112/><W88/><G42/><T25/><D122/><U56/><E56/><V118/><F118/><W92/><G36/><T33/><D33/><U27/><E95/><V37/><F100/><W120/><G120/><T132/><D132/><U125/><E125/><V65/><F37/><W28/><G59/><T38/><D67/><U18/><E27/><V116/><F116/><W0/><G11/><T68/><D68/><U97/><E47/><V55/><F43/><AGARI ba="1,0" hai="18,23,24,43,44,51,76,79,89,94,97" m="51722" machi="43" ten="30,1000,0" yaku="20,1" doraHai="60" who="1" fromWho="2" sc="243,0,269,13,217,-13,271,0" /><INIT seed="8,0,0,0,2,104" ten="243,282,204,271" oya="0" hai0="54,77,124,25,10,76,31,101,105,55,72,45,32" hai1="24,44,30,62,82,58,119,106,98,132,33,134,100" hai2="60,65,28,64,131,90,86,135,26,34,16,22,17" hai3="39,74,97,23,130,48,125,2,116,127,59,114,122"/><T41/><D124/><N who="3" m="47689" /><G2/><T121/><D121/><U63/><E119/><V129/><F135/><N who="1" m="51753" /><E44/><V9/><F9/><W103/><G39/><T38/><D77/><U6/><E6/><V75/><F75/><W67/><G116/><T112/><D112/><U95/><E82/><N who="2" m="49495" /><F34/><W69/><G69/><T96/><D10/><U19/><E19/><N who="2" m="7243" /><F60/><N who="1" m="23081" /><E58/><V80/><F80/><W21/><G122/><T36/><D36/><U4/><E4/><V85/><F85/><W11/><G74/><T73/><D76/><U92/><AGARI ba="0,0" hai="24,30,33,92,95,98,100,106" m="23081,51753" machi="92" ten="30,1100,0" yaku="20,1" doraHai="104" who="1" fromWho="1" sc="243,-5,282,11,204,-3,271,-3" /><INIT seed="9,0,0,1,2,132" ten="238,293,201,268" oya="1" hai0="24,128,5,99,25,51,57,46,62,56,49,102,68" hai1="14,85,4,36,40,53,29,9,92,34,130,86,6" hai2="125,31,77,76,131,115,111,8,88,127,2,13,20" hai3="84,110,78,7,75,43,74,89,91,119,118,61,133"/><U116/><E116/><N who="3" m="44586" /><G7/><T54/><D128/><U121/><E121/><V83/><F111/><W38/><G38/><T0/><D68/><U63/><E34/><V21/><F115/><W35/><G35/><T55/><D5/><U98/><E36/><V33/><F2/><W87/><G43/><T96/><D0/><U10/><E29/><V126/><F131/><W27/><G27/><T109/><D109/><U97/><E40/><V81/><F33/><W107/><G61/><T11/><D11/><U93/><E93/><V95/><F77/><W50/><G50/><T42/><D96/><N who="1" m="36971" /><E92/><AGARI ba="0,0" hai="24,25,42,46,49,51,54,55,56,57,62,92,99,102" machi="92" ten="30,2000,0" yaku="7,1,8,1" doraHai="132" who="0" fromWho="1" sc="238,20,293,-20,201,0,268,0" /><INIT seed="10,0,0,5,5,21" ten="258,273,201,268" oya="2" hai0="51,116,111,90,65,25,1,123,57,92,98,55,53" hai1="31,11,6,105,124,121,33,133,94,109,74,29,86" hai2="8,62,56,41,73,58,32,16,2,44,39,115,47" hai3="78,45,96,64,127,93,27,69,97,77,52,37,18"/><V46/><F32/><W7/><G7/><T3/><D123/><U35/><E74/><V54/><F115/><W75/><G75/><T20/><D111/><U107/><E109/><V66/><F73/><W26/><G127/><T19/><D65/><U85/><E94/><V9/><F2/><W17/><G64/><T36/><D36/><U82/><E82/><V68/><F16/><N who="3" m="6251" /><G69/><T91/><D116/><U83/><E83/><V106/><F106/><W40/><G40/><T60/><D91/><U72/><E72/><V104/><F9/><W30/><G37/><T80/><D80/><U126/><E11/><V95/><F95/><W22/><G26/><T13/><D13/><U114/><E6/><V84/><F8/><W101/><G97/><T87/><D87/><U129/><E121/><V79/><F104/><W130/><G130/><T113/><D113/><U71/><E114/><V102/><F102/><W23/><G23/><T125/><D125/><U89/><E71/><V63/><REACH who="2" step="1"/><F68/><REACH who="2" ten="258,273,191,268" step="2"/><W61/><G93/><T34/><D34/><U5/><E5/><V122/><F122/><W59/><G101/><T135/><D135/><U131/><E133/><V15/><F15/><W134/><G134/><T49/><D49/><U43/><E89/><V48/><F48/><N who="3" m="28687" /><G96/><T99/><D99/><U108/><E108/><V118/><F118/><W42/><G22/><T28/><D28/><U112/><E112/><V76/><F76/><W38/><G78/><T67/><D51/><U120/><E120/><V119/><F119/><W88/><G77/><T10/><D10/><U110/><E110/><RYUUKYOKU ba="0,1" sc="258,10,273,10,191,10,268,-30" hai0="1,3,19,20,25,53,55,57,60,67,90,92,98" hai1="29,31,33,35,43,85,86,105,107,124,126,129,131" hai2="39,41,44,46,47,54,56,58,62,63,66,79,84" /><INIT seed="10,1,1,4,4,85" ten="268,283,201,238" oya="2" hai0="94,65,102,61,105,124,75,71,100,128,118,122,87" hai1="68,133,14,45,22,125,106,112,81,74,44,17,34" hai2="25,7,60,26,31,72,5,54,95,77,36,129,119" hai3="3,86,13,113,27,88,64,55,121,46,38,89,80"/><V0/><F119/><W109/><G109/><T73/><D122/><U56/><E68/><V97/><F36/><W83/><G3/><T115/><D115/><U127/><E34/><V58/><F129/><W1/><G1/><T91/><D128/><U111/><E111/><V4/><F0/><W49/><G121/><T98/><D102/><U8/><E112/><V103/><REACH who="2" step="1"/><F31/><REACH who="2" ten="268,283,191,238" step="2"/><W41/><G113/><T101/><D118/><U43/><E127/><V92/><F92/><W48/><G38/><T33/><D124/><U40/><E125/><V114/><F114/><W108/><G108/><T16/><D94/><U19/><E106/><V96/><F96/><W130/><G130/><T110/><D98/><U35/><E133/><V15/><F15/><W39/><G39/><T66/><D105/><U123/><E123/><V84/><F84/><N who="3" m="50183" /><G13/><T30/><D30/><U18/><E14/><V69/><F69/><W107/><G107/><T21/><D71/><U10/><E74/><V12/><F12/><W51/><G27/><T24/><D75/><U53/><E10/><V99/><F99/><W20/><G20/><T67/><D73/><U93/><E22/><V23/><F23/><W6/><G6/><T132/><D132/><U37/><E8/><V42/><F42/><W52/><G41/><T126/><D126/><U78/><E93/><V28/><F28/><W116/><G116/><T135/><D135/><U62/><E35/><V90/><F90/><W82/><G89/><T50/><D33/><U117/><E117/><V76/><F76/><W104/><G104/><T47/><D110/><RYUUKYOKU ba="1,2" sc="268,-10,283,-10,191,30,238,-10" hai2="4,5,7,25,26,54,58,60,72,77,95,97,103" /><INIT seed="10,2,2,1,5,115" ten="258,273,221,228" oya="2" hai0="17,6,44,10,43,7,104,63,35,91,70,20,28" hai1="114,40,86,25,33,101,84,27,87,39,79,71,127" hai2="85,94,72,8,16,49,78,23,11,12,97,69,59" hai3="60,52,56,74,83,92,64,117,90,0,133,108,4"/><V30/><F69/><W124/><G108/><T42/><D104/><U107/><E114/><V53/><F72/><W130/><G124/><T76/><D76/><U106/><E79/><V36/><F36/><W80/><G130/><T19/><D35/><U98/><E127/><V128/><F128/><W96/><G133/><T105/><D105/><U68/><E106/><V110/><F110/><W9/><G74/><T93/><D63/><U66/><E68/><V103/><F30/><W73/><G73/><T123/><D123/><U118/><E118/><V134/><F134/><W135/><G117/><T5/><D70/><U46/><E33/><V95/><F94/><W125/><G125/><T48/><D42/><U113/><E113/><V102/><REACH who="2" step="1"/><F103/><REACH who="2" ten="258,273,211,228" step="2"/><W29/><G135/><T15/><D28/><U119/><E119/><V129/><F129/><W45/><G29/><T99/><D17/><U116/><E116/><V109/><F109/><W67/><G83/><AGARI ba="2,3" hai="8,11,12,16,23,49,53,59,78,83,85,95,97,102" machi="83" ten="40,7700,0" yaku="1,1,8,1,54,1,53,0" doraHai="115" doraHaiUra="61" who="2" fromWho="3" sc="258,0,273,0,211,113,228,-83" owari="258,-14.0,273,7.0,324,42.0,145,-35.0" /></mjloggm>