<mjloggm ver="2.3"><GO type="169" lobby="0"/><UN n0="%6D%69%6C%6C%72%65%65%66" n1="%6E%65%6F%40%75%6E%69" n2="%73%61%6C%74%79%64%6F%67" n3="%EF%BC%A0%E4%B8%AD%E6%9D%91%E8%B1%AA" dan="17,17,16,17" rate="2185.47,2151.84,2016.99,2160.72" sx="M,M,M,M"/><TAIKYOKU oya="0"/><INIT seed="0,0,0,0,1,106" ten="250,250,250,250" oya="0" hai0="69,71,14,23,11,75,49,95,84,83,4,50,123" hai1="43,68,93,96,47,131,90,121,15,24,114,74,44" hai2="101,86,102,36,100,116,9,113,51,98,110,129,45" hai3="17,111,35,97,99,107,105,28,20,78,127,65,66"/><T30/><D123/><U92/><E121/><V117/><F113/><W32/><G111/><T46/><D50/><U76/><E68/><V13/><F36/><W55/><G127/><T56/><D56/><U0/><E0/><V81/><F110/><W18/><G20/><T134/><D134/><U64/><E64/><V67/><F67/><W122/><G78/><T85/><D85/><U16/><E114/><V72/><F72/><W115/><G122/><T34/><D34/><U27/><E131/><V120/><F120/><W59/><G59/><T126/><D126/><U53/><E93/><V21/><F129/><W38/><G28/><T60/><D60/><U2/><E2/><V37/><F37/><W54/><REACH who="3" step="1"/><G38/><REACH who="3" ten="250,250,250,240" step="2"/><T22/><D71/><U57/><E76/><N who="2" m="46375" /><F116/><W19/><G19/><T133/><D69/><U52/><E74/><V25/><F117/><W108/><G108/><T80/><D75/><U62/><E43/><N who="2" m="25023" /><F21/><N who="0" m="7690" /><D30/><U10/><E53/><V48/><F25/><AGARI ba="0,1" hai="10,15,16,24,25,27,44,47,52,57,62,90,92,96" machi="25" ten="40,5200,0" yaku="8,1,54,2" doraHai="106" who="1" fromWho="2" sc="250,0,250,62,250,-52,240,0" /><INIT seed="1,0,0,3,3,45" ten="250,312,198,240" oya="1" hai0="57,8,95,127,85,84,46,102,107,48,110,130,116" hai1="17,73,90,28,97,44,100,23,64,112,54,101,115" hai2="83,94,103,113,66,119,51,88,52,4,47,124,56" hai3="55,53,59,80,37,34,91,81,19,82,87,71,118"/><U62/><E73/><V38/><F119/><W41/><G71/><T133/><D116/><U35/><E35/><V7/><F124/><W68/><G34/><T70/><D70/><U42/><E28/><V5/><F113/><W31/><G68/><T79/><D107/><U3/><E3/><V77/><F38/><W67/><G31/><T36/><D127/><U60/><E54/><N who="2" m="30079" /><F66/><W121/><G118/><T104/><D104/><U2/><E2/><V24/><F24/><W72/><G121/><T106/><D106/><U15/><E115/><V9/><F103/><N who="1" m="39497" /><E112/><V135/><F135/><W18/><G72/><T25/><D133/><U99/><E90/><V16/><F83/><N who="3" m="31819" /><G41/><N who="0" m="24655" /><D36/><U89/><E89/><V0/><F77/><W6/><G6/><T63/><D79/><U40/><E44/><V11/><F0/><W108/><G108/><T123/><D110/><U105/><E105/><V33/><F33/><W10/><G37/><T58/><D123/><U76/><E76/><V49/><F16/><N who="3" m="6187" /><G10/><T122/><D122/><U22/><E22/><V27/><F27/><W120/><G120/><T111/><D111/><U132/><E132/><V78/><F78/><W131/><G131/><T65/><D130/><U92/><E92/><V21/><F21/><W134/><G134/><T20/><D8/><U1/><E1/><V43/><F43/><W29/><G29/><N who="0" m="17575" /><D58/><N who="1" m="36887" /><E42/><V125/><F125/><W32/><G32/><T86/><D102/><U93/><E40/><V126/><F126/><W30/><G30/><T75/><D75/><U39/><E39/><V61/><F61/><AGARI ba="0,0" hai="53,55,59,61,67,82,87,91" m="6187,31819" machi="61" ten="30,2000,0" yaku="8,1,54,1" doraHai="45" who="3" fromWho="2" sc="250,0,312,0,198,-20,240,20" /><INIT seed="2,0,0,2,5,98" ten="250,312,178,260" oya="2" hai0="50,124,58,102,63,52,66,17,44,130,16,56,62" hai1="81,23,37,29,1,36,97,100,116,8,38,113,49" hai2="134,22,73,111,31,60,53,80,126,93,123,6,15" hai3="30,96,83,35,54,43,129,133,82,128,92,122,132"/><V42/><F123/><W3/><G3/><T67/><D130/><N who="3" m="50281" /><G43/><T21/><D124/><U88/><E116/><V105/><F105/><W77/><G30/><T34/><D34/><U125/><E125/><V33/><F126/><W87/><G35/><T40/><D102/><U117/><E117/><V69/><F33/><W91/><G54/><T18/><REACH who="0" step="1"/><D40/><REACH who="0" ten="240,312,178,260" step="2"/><U90/><E100/><V99/><F42/><W115/><G122/><T0/><D0/><U14/><E1/><V109/><F134/><N who="3" m="51819" /><G83/><T119/><D119/><U95/><E81/><V68/><F80/><W5/><G5/><T32/><D32/><U106/><E38/><V2/><F6/><W4/><G4/><T118/><D118/><U20/><E37/><V19/><F2/><W12/><G12/><AGARI ba="0,1" hai="12,16,17,18,21,44,50,52,56,58,62,63,66,67" machi="12" ten="30,12000,2" yaku="1,1,7,1,9,1,8,1,54,2,53,0" doraHai="98" doraHaiUra="85" who="0" fromWho="3" sc="240,130,312,0,178,0,260,-120" /><INIT seed="3,0,0,3,2,124" ten="370,312,178,140" oya="3" hai0="91,112,3,77,61,28,76,23,52,31,105,94,26" hai1="27,48,29,20,119,120,0,93,72,86,97,15,19" hai2="126,108,25,89,1,68,35,113,81,38,98,101,90" hai3="102,32,129,117,107,99,54,41,62,43,131,2,84"/><W56/><G117/><T45/><D105/><U8/><E72/><V92/><F113/><W5/><G32/><T79/><D3/><U55/><E119/><V122/><F68/><W65/><G84/><N who="0" m="52583" /><D112/><U106/><E120/><V134/><F1/><W114/><G114/><T87/><D31/><U132/><E132/><V67/><F67/><W85/><G85/><T39/><D39/><U123/><E123/><V11/><F38/><W22/><G22/><T133/><D133/><U73/><E73/><V40/><F122/><W103/><G103/><T36/><D36/><U58/><E106/><V83/><F40/><W64/><G5/><T13/><D13/><U96/><E0/><V71/><F134/><W4/><G4/><T17/><D28/><U75/><E75/><V116/><F71/><W44/><G2/><T69/><D69/><U14/><E14/><V118/><F35/><W95/><G107/><T128/><D87/><U125/><E125/><V21/><F11/><W74/><G74/><T60/><D128/><N who="3" m="49225" /><G43/><T34/><D34/><U78/><E78/><V82/><F126/><W18/><G18/><T100/><D100/><U66/><E86/><N who="2" m="50399" /><F116/><W16/><G16/><T63/><D79/><U70/><E93/><N who="2" m="58575" /><F118/><W104/><G104/><T110/><D77/><U111/><E19/><N who="2" m="12479" /><F108/><W121/><G121/><T50/><D76/><U7/><E111/><V135/><F135/><W37/><AGARI ba="0,0" hai="37,41,44,54,56,62,64,65,95,99,102" m="49225" machi="37" ten="30,11700,0" yaku="19,1,52,3" doraHai="124" who="3" fromWho="3" sc="370,-39,312,-39,178,-39,140,117" /><INIT seed="3,1,0,0,3,110" ten="331,273,139,257" oya="3" hai0="31,96,26,130,46,43,71,57,112,64,81,66,25" hai1="22,124,5,50,122,70,101,82,93,76,45,84,6" hai2="4,14,127,94,2,87,80,1,51,48,11,30,21" hai3="67,118,12,37,65,102,120,132,86,60,10,107,52"/><W123/><G118/><T53/><D130/><U34/><E34/><V77/><F127/><W41/><G132/><T98/><D25/><U92/><E70/><V68/><F68/><W105/><G41/><T40/><D81/><U108/><E108/><V97/><F2/><W79/><G37/><T29/><D29/><U18/><E124/><V106/><F106/><W113/><G67/><T33/><D43/><N who="1" m="24895" /><E122/><V32/><F32/><W36/><G36/><T35/><D35/><U9/><E9/><V111/><F111/><W3/><G3/><T59/><D59/><U75/><E75/><V27/><REACH who="2" step="1"/><F1/><REACH who="2" ten="331,273,129,257" step="2"/><W100/><G105/><T116/><D71/><U115/><E115/><V125/><F125/><W19/><G107/><T95/><D116/><U78/><E78/><V42/><F42/><W54/><G113/><T121/><D112/><U16/><E101/><AGARI ba="1,1" hai="4,11,14,21,27,30,48,51,77,80,87,94,97,101" machi="101" ten="30,7700,0" yaku="1,1,7,1,8,1,53,1" doraHai="110" doraHaiUra="73" who="2" fromWho="1" sc="331,0,273,-80,129,90,257,0" /><INIT seed="4,0,0,5,4,34" ten="331,193,219,257" oya="0" hai0="19,9,122,104,24,66,60,80,59,70,119,69,93" hai1="86,28,124,95,20,39,127,31,109,132,75,100,48" hai2="91,36,73,16,7,54,90,63,72,17,29,38,15" hai3="116,77,26,6,78,42,118,65,117,18,40,11,46"/><T87/><D104/><U121/><E75/><V67/><F29/><W111/><G111/><T79/><D119/><U110/><E39/><V37/><F54/><W51/><G65/><T22/><D122/><U61/><E121/><V76/><F7/><W45/><G18/><T35/><D35/><U134/><E61/><V105/><F105/><W98/><G98/><T115/><D115/><U49/><E86/><V113/><F113/><W23/><G23/><T112/><D112/><U82/><E95/><V64/><F76/><W14/><REACH who="3" step="1"/><G26/><REACH who="3" ten="331,193,219,247" step="2"/><T128/><D128/><U85/><E20/><V81/><F67/><W53/><G53/><T4/><REACH who="0" step="1"/><D93/><REACH who="0" ten="321,193,219,247" step="2"/><U33/><E33/><V131/><F131/><W41/><G41/><T43/><D43/><U47/><E110/><V68/><F73/><W58/><G58/><T89/><D89/><U25/><E109/><V74/><F72/><W5/><G5/><T21/><D21/><U94/><E94/><V125/><F74/><W32/><G32/><T27/><D27/><U12/><E25/><V126/><F91/><W44/><G44/><T56/><D56/><U133/><E47/><V102/><F90/><W84/><G84/><T57/><D57/><U96/><E96/><V108/><F108/><W103/><G103/><T52/><D52/><U50/><E100/><V62/><F102/><W55/><G55/><T114/><D114/><U10/><E85/><V8/><F64/><W0/><G0/><AGARI ba="0,2" hai="0,4,9,19,22,24,59,60,66,69,70,79,80,87" machi="0" ten="30,5800,0" yaku="1,1,7,1,52,1,53,0" doraHai="34" doraHaiUra="92" who="0" fromWho="3" sc="321,78,193,0,219,0,247,-58" /><INIT seed="4,1,0,1,4,58" ten="399,193,219,189" oya="0" hai0="3,125,39,70,46,60,45,132,75,25,21,102,119" hai1="79,10,77,111,74,32,93,40,26,17,35,118,78" hai2="7,38,89,129,126,33,31,47,1,55,98,8,108" hai3="90,105,62,94,131,110,30,127,123,76,104,96,49"/><T88/><D3/><U23/><E111/><V67/><F108/><W65/><G110/><T92/><D75/><U27/><E118/><V107/><F129/><W97/><G131/><T13/><D119/><U84/><E74/><V82/><F126/><W101/><G127/><T116/><D116/><U0/><E40/><V73/><F55/><W41/><G123/><T120/><D120/><U59/><E27/><N who="2" m="18687" /><F89/><W19/><G76/><T48/><D39/><U37/><E37/><V106/><F67/><W133/><G133/><T56/><D70/><U80/><E93/><V4/><F7/><W63/><G30/><N who="0" m="17711" /><D132/><U12/><E59/><V91/><F91/><W53/><G41/><T130/><D130/><U5/><REACH who="1" step="1"/><E0/><REACH who="1" ten="399,183,219,189" step="2"/><V68/><F68/><W54/><G105/><T34/><D125/><U72/><E72/><V128/><F128/><W100/><G100/><T81/><D102/><U20/><E20/><V14/><F107/><W36/><G36/><T83/><D34/><AGARI ba="1,1" hai="5,10,12,17,23,26,32,34,35,77,78,79,80,84" machi="34" ten="40,2600,0" yaku="1,1,53,1" doraHai="58" doraHaiUra="6" who="1" fromWho="0" sc="399,-29,183,39,219,0,189,0" /><INIT seed="5,0,0,4,3,127" ten="370,222,219,189" oya="1" hai0="16,43,71,48,12,113,20,8,92,128,76,97,82" hai1="73,67,64,10,88,114,21,59,0,93,30,101,49" hai2="55,98,115,74,100,56,19,95,135,54,72,117,9" hai3="40,112,34,57,106,130,105,116,47,4,123,102,78"/><U126/><E73/><V87/><F117/><W66/><G123/><T121/><D71/><U120/><E120/><V7/><F135/><W118/><G34/><T41/><D121/><U50/><E126/><V42/><F42/><W90/><G112/><T110/><D110/><U70/><E114/><V62/><F115/><W109/><G109/><T75/><D113/><U14/><E101/><V107/><F19/><W119/><G78/><T26/><D48/><N who="1" m="18539" /><E59/><V17/><F17/><W28/><G28/><T134/><D134/><U104/><E104/><V6/><F7/><W96/><G4/><T24/><D24/><N who="1" m="16655" /><E70/><V53/><F74/><W60/><G90/><T111/><D111/><U18/><E0/><V124/><F72/><W103/><G103/><T77/><D75/><U79/><E79/><V51/><F124/><W91/><G91/><T69/><D69/><U37/><E37/><V31/><F31/><W58/><G58/><T65/><D77/><U23/><E23/><V84/><F107/><W83/><G83/><T132/><D76/><U46/><E46/><N who="2" m="27895" /><F54/><W15/><G15/><AGARI ba="0,0" hai="6,9,15,55,56,62,84,87,95,98,100" m="27895" machi="15" ten="30,1000,0" yaku="8,1" doraHai="127" who="2" fromWho="3" sc="370,0,222,0,219,10,189,-10" /><INIT seed="6,0,0,3,3,119" ten="370,222,229,179" oya="2" hai0="108,18,73,107,69,85,79,96,41,86,37,72,62" hai1="100,66,63,88,64,46,0,3,78,27,116,113,30" hai2="11,34,6,112,17,97,117,135,89,56,133,20,15" hai3="131,16,95,120,43,8,127,104,13,40,90,39,1"/><V71/><F71/><W105/><G131/><T26/><D41/><U28/><E116/><V124/><F117/><W75/><G75/><T32/><D37/><U47/><E113/><V58/><F97/><W10/><G127/><T128/><D18/><U76/><E63/><V21/><F89/><W22/><G120/><T9/><D9/><U54/><E27/><V111/><F112/><W38/><G38/><T65/><D108/><U67/><E88/><V114/><F114/><W12/><G1/><T118/><D128/><U101/><E64/><V59/><F111/><W125/><G125/><T81/><D85/><U74/><E54/><V123/><F124/><W94/><G39/><T130/><D130/><U87/><E87/><V84/><F84/><W14/><G104/><T42/><D42/><N who="3" m="15913" /><G105/><T93/><D118/><U52/><E52/><V31/><F34/><W7/><G90/><T49/><D49/><U129/><E129/><V103/><F103/><W98/><G98/><T70/><D70/><U23/><E23/><N who="2" m="8779" /><F31/><W35/><G35/><T4/><D107/><U2/><REACH who="1" step="1"/><E3/><REACH who="1" ten="370,212,229,179" step="2"/><V5/><F59/><W134/><G134/><N who="2" m="51209" /><F58/><W109/><G109/><T45/><D86/><U36/><E36/><V50/><F56/><W53/><G53/><T44/><D44/><U83/><E83/><V24/><F50/><W77/><G77/><T80/><D80/><U132/><E132/><V110/><F110/><W61/><G61/><T29/><D81/><U68/><E68/><V92/><F24/><W115/><G115/><T33/><D69/><U25/><E25/><V57/><F57/><RYUUKYOKU ba="0,1" sc="370,-15,212,15,229,-15,179,15" hai1="0,2,28,30,46,47,66,67,74,76,78,100,101" hai3="7,8,10,12,13,14,16,22,94,95" /><INIT seed="7,1,1,2,2,102" ten="355,227,214,194" oya="3" hai0="38,53,112,33,87,128,135,83,3,131,67,71,58" hai1="28,78,114,75,79,64,11,68,121,70,74,8,77" hai2="60,93,72,31,16,127,1,88,27,130,61,125,30" hai3="101,7,29,56,50,123,62,111,5,100,52,40,13"/><W6/><G123/><T113/><D33/><U46/><E46/><V84/><F72/><N who="1" m="27689" /><E64/><V122/><F122/><W24/><G111/><T19/><D3/><U34/><E28/><N who="2" m="10795" /><F1/><W134/><G134/><T104/><D104/><U66/><E66/><V108/><F108/><W119/><G13/><T9/><D135/><U116/><E34/><V106/><F106/><W117/><G117/><T57/><D38/><U25/><E25/><V26/><F130/><N who="0" m="49706" /><D71/><N who="1" m="27179" /><E121/><V47/><F47/><N who="3" m="25959" /><G119/><T18/><D67/><U32/><E32/><V118/><F118/><W80/><G80/><T10/><D10/><N who="1" m="3627" /><E116/><V85/><F84/><W48/><G48/><N who="0" m="30887" /><D58/><U23/><E23/><AGARI ba="1,1" hai="5,6,7,23,24,29,52,56,62,100,101" m="25959" machi="23" ten="30,2900,0" yaku="8,1,54,1" doraHai="102" who="3" fromWho="1" sc="355,0,227,-32,214,0,194,42" /><INIT seed="7,2,0,5,4,26" ten="355,195,214,236" oya="3" hai0="0,13,109,43,64,90,100,105,36,121,122,77,113" hai1="68,62,18,135,33,70,7,83,17,39,130,123,66" hai2="82,129,57,30,84,114,10,89,94,1,116,88,110" hai3="22,55,133,31,37,8,124,69,65,11,117,44,99"/><W25/><G117/><T24/><D0/><U67/><E123/><V111/><F116/><W15/><G133/><T45/><D109/><U56/><E135/><V125/><F129/><W54/><G124/><T16/><D77/><U87/><E130/><V119/><F119/><W80/><G8/><T60/><D24/><U126/><E126/><V101/><F125/><W71/><G65/><T61/><D61/><U12/><E39/><V91/><F114/><W81/><G99/><T112/><D90/><U120/><E33/><V127/><F127/><W47/><G71/><N who="0" m="42375" /><D16/><N who="1" m="6251" /><E68/><V102/><F111/><W85/><G69/><T9/><D13/><U20/><E70/><V107/><F110/><W27/><G27/><T103/><D9/><N who="1" m="4159" /><E120/><N who="0" m="46185" /><D103/><U48/><E20/><V134/><F134/><W34/><G34/><T52/><D100/><U58/><E66/><V97/><F102/><W106/><G37/><T29/><D105/><U128/><E128/><V115/><F107/><W74/><G106/><T42/><D36/><U19/><N who="1" m="6259" /><U95/><DORA hai="21" /><E95/><V93/><F101/><W76/><G22/><T4/><D113/><U35/><E35/><V6/><F115/><W3/><G15/><T46/><D112/><U104/><E104/><V75/><F97/><W50/><G3/><T59/><D4/><U79/><E58/><V5/><F5/><W131/><G131/><T72/><D59/><U32/><E32/><V63/><F94/><W2/><G2/><T23/><D23/><U86/><E86/><N who="2" m="52407" /><F91/><W118/><G118/><T96/><D72/><U51/><AGARI ba="2,0" hai="48,51,56,62,67,79,83,87" m="4159,6259" machi="51" ten="40,2700,0" yaku="8,1,54,1" doraHai="26,21" who="1" fromWho="1" sc="355,-9,195,33,214,-9,236,-15" owari="346,44.0,228,3.0,205,-29.0,221,-18.0" /></mjloggm>