<mjloggm ver="2.3"><GO type="169" lobby="0"/><UN n0="%6E%69%6A%69" n1="%E3%82%88%E3%81%97%E3%81%9E%E3%83%BC" n2="%68%69%72%6F%70%65%6E" n3="%E3%83%AD%E3%83%83%E3%83%86%E9%9B%80%EF%BC%84%E6%94%B9" dan="17,16,17,16" rate="2171.52,2068.30,2110.60,2149.78" sx="M,M,M,M"/><TAIKYOKU oya="0"/><INIT seed="0,0,0,5,0,129" ten="250,250,250,250" oya="0" hai0="52,83,133,85,102,75,78,125,96,108,124,50,115" hai1="26,64,101,25,68,57,74,0,31,131,91,33,92" hai2="93,127,37,128,61,22,135,120,63,48,38,10,77" hai3="28,30,90,109,35,132,113,42,104,66,15,72,24"/><T95/><D115/><U111/><E131/><V18/><F120/><W123/><G109/><T6/><D108/><U19/><E111/><V62/><F128/><W29/><G104/><T59/><D6/><U47/><E68/><V119/><F127/><N who="0" m="48714" /><D75/><U107/><E74/><V39/><F119/><W46/><G72/><T49/><D49/><U110/><E0/><V60/><F135/><AGARI ba="0,0" hai="50,52,59,78,83,85,95,96,102,133,135" m="48714" machi="135" ten="30,11600,0" yaku="18,1,52,2,54,1" doraHai="129" who="0" fromWho="2" sc="250,116,250,0,250,-116,250,0" /><INIT seed="0,1,0,5,0,76" ten="366,250,134,250" oya="0" hai0="88,17,94,29,1,37,35,15,31,110,121,75,100" hai1="74,23,89,27,84,126,73,9,71,106,12,64,70" hai2="36,114,63,21,3,81,130,109,79,115,124,68,22" hai3="105,90,93,11,135,45,38,69,48,41,122,67,108"/><T117/><D1/><U129/><E106/><V120/><F3/><W40/><G108/><T53/><D37/><U132/><E132/><V116/><F36/><W8/><G135/><T32/><D75/><U57/><E129/><V101/><F120/><W0/><G105/><T49/><D100/><U56/><E126/><V82/><F124/><W26/><G122/><T111/><D117/><U59/><E74/><V92/><F109/><N who="0" m="41482" /><D121/><U25/><E73/><V133/><F133/><W65/><G26/><T62/><D62/><U55/><E64/><V24/><F130/><W99/><G69/><T83/><D29/><U80/><E55/><V13/><F116/><W18/><G0/><T118/><D31/><U33/><E33/><V54/><F63/><W47/><G18/><T86/><D94/><U112/><E112/><V39/><F68/><W44/><G38/><T43/><D43/><N who="3" m="16457" /><G48/><T46/><D118/><U5/><REACH who="1" step="1"/><E27/><REACH who="1" ten="366,240,134,250" step="2"/><V103/><F24/><W30/><G67/><T134/><D134/><U123/><E123/><V91/><F114/><W61/><G65/><T28/><D28/><AGARI ba="1,1" hai="5,9,12,23,25,28,56,57,59,70,71,80,84,89" machi="28" ten="40,2600,0" yaku="1,1,52,1,53,0" doraHai="76" doraHaiUra="34" who="1" fromWho="0" sc="366,-29,240,39,134,0,250,0" /><INIT seed="1,0,0,3,5,21" ten="337,279,134,250" oya="1" hai0="92,77,59,88,0,105,117,84,69,124,110,14,11" hai1="85,42,25,100,5,57,67,127,66,33,123,131,45" hai2="22,126,34,79,90,115,76,60,111,98,31,80,116" hai3="7,89,40,71,64,68,99,55,87,49,12,94,2"/><U81/><E123/><V114/><F116/><W27/><G2/><T133/><D69/><U120/><E120/><V53/><F111/><W23/><G40/><T83/><D105/><U26/><E33/><V35/><F126/><W72/><G72/><T125/><D0/><U108/><E127/><V18/><F31/><W112/><G112/><N who="2" m="43049" /><F76/><W78/><G64/><T74/><D110/><U103/><E108/><V73/><F90/><W3/><G3/><T93/><D117/><U95/><E131/><V13/><F98/><W20/><G20/><T30/><D133/><U63/><E67/><V86/><F73/><W58/><G12/><T121/><D121/><U54/><E5/><V102/><F102/><N who="1" m="38953" /><E95/><V41/><F41/><W109/><G7/><T135/><D92/><U39/><E39/><V29/><F29/><W48/><G109/><T128/><D135/><U75/><E75/><V9/><F9/><W17/><REACH who="3" step="1"/><G49/><REACH who="3" ten="337,279,134,240" step="2"/><T37/><D124/><U134/><E42/><V119/><F119/><W104/><G104/><T19/><D125/><U36/><E36/><V101/><F101/><W6/><G6/><T52/><D37/><U51/><E134/><V82/><F34/><W122/><G122/><T118/><D118/><U132/><E132/><V46/><F35/><W97/><G97/><T65/><D65/><U50/><E50/><N who="2" m="28887" /><F60/><W24/><G24/><T91/><D74/><U96/><E96/><V56/><F56/><W62/><G62/><T8/><D59/><U4/><E4/><V1/><F1/><W28/><G28/><T43/><D30/><U107/><E107/><RYUUKYOKU ba="0,1" sc="337,-30,279,10,134,10,240,10" hai1="25,26,45,51,54,57,63,66,81,85" hai2="13,18,22,79,80,82,86" hai3="17,23,27,48,55,58,68,71,78,87,89,94,99" /><INIT seed="1,1,1,3,5,122" ten="307,289,144,250" oya="1" hai0="66,5,129,7,123,6,14,22,24,102,88,126,117" hai1="63,43,101,64,51,34,76,29,132,96,21,16,82" hai2="44,2,85,49,128,103,98,55,32,8,130,100,95" hai3="10,0,62,69,125,40,13,1,53,25,71,107,33"/><U37/><E37/><V108/><F32/><W92/><G107/><T12/><D117/><U84/><E132/><V19/><F108/><W35/><G125/><T72/><D72/><U54/><E43/><V77/><F103/><W67/><G71/><T124/><D123/><U75/><E34/><V28/><F28/><W114/><G114/><T39/><D39/><U89/><E29/><V56/><F44/><W111/><G111/><T42/><D42/><U106/><E54/><V52/><F55/><W97/><G40/><T11/><D102/><U73/><E51/><V57/><F57/><W59/><G25/><T47/><D47/><U58/><REACH who="1" step="1"/><E76/><REACH who="1" ten="307,279,144,250" step="2"/><V38/><F38/><W46/><G35/><T134/><D134/><U74/><E74/><V109/><F109/><W27/><G33/><T121/><D124/><U86/><E86/><V26/><F85/><W41/><G41/><T135/><D126/><U133/><E133/><V36/><F77/><W3/><G53/><T70/><D135/><U94/><E94/><V118/><F36/><W30/><G92/><T83/><D121/><U87/><E87/><V79/><F79/><W91/><G30/><T48/><D48/><U115/><E115/><V116/><F116/><W17/><G97/><T45/><D83/><U78/><E78/><V105/><F95/><W61/><G67/><T15/><D66/><U60/><E60/><V20/><F118/><W112/><G62/><T104/><D104/><U99/><E99/><V80/><F80/><W18/><G61/><T120/><D120/><U31/><E31/><V131/><F131/><RYUUKYOKU ba="1,2" sc="307,-15,279,15,144,15,250,-15" hai1="16,21,58,63,64,73,75,82,84,89,96,101,106" hai2="2,8,19,20,26,49,52,56,98,100,105,128,130" /><INIT seed="1,2,2,0,4,56" ten="292,294,159,235" oya="1" hai0="83,2,46,76,123,55,87,65,135,111,97,81,102" hai1="69,113,37,36,103,23,61,22,16,106,94,20,49" hai2="54,44,120,128,35,126,17,86,15,88,125,133,90" hai3="66,11,100,59,75,80,42,24,74,64,107,26,1"/><U43/><E113/><V89/><F120/><W99/><G42/><T4/><D123/><U117/><E117/><V5/><F35/><W52/><G66/><T109/><D65/><U118/><E106/><V30/><F128/><W134/><G64/><T73/><D135/><U129/><E118/><V112/><F133/><W38/><G38/><T6/><D2/><U57/><E69/><V82/><F30/><W9/><G134/><T25/><D25/><U48/><E129/><V71/><F5/><W96/><G96/><T0/><D55/><N who="1" m="33983" /><E37/><V63/><F112/><W84/><G75/><T13/><D46/><N who="1" m="25695" /><E36/><V60/><F71/><W72/><G72/><T47/><D47/><U127/><E49/><N who="2" m="28967" /><F126/><W115/><G115/><T40/><D40/><U95/><E127/><V68/><F68/><W110/><G74/><T19/><D0/><U92/><E103/><V12/><F125/><W18/><G110/><N who="0" m="41995" /><D73/><U8/><E8/><N who="2" m="6279" /><F15/><AGARI ba="2,2" hai="15,16,20,22,23,92,94,95" m="25695,33983" machi="15" ten="30,5800,0" yaku="8,1,52,1,54,1" doraHai="56" who="1" fromWho="2" sc="292,0,294,84,159,-64,235,0" /><INIT seed="1,3,0,1,2,21" ten="292,378,95,235" oya="1" hai0="22,132,67,60,115,69,0,41,108,135,16,48,101" hai1="97,28,55,99,4,81,61,46,112,79,36,130,106" hai2="24,74,124,111,68,14,29,27,7,84,12,31,80" hai3="47,100,63,30,88,13,19,123,64,133,91,82,122"/><U25/><E112/><V93/><F68/><W87/><G133/><N who="0" m="51275" /><D0/><U23/><E130/><V43/><F111/><W131/><G131/><T40/><D108/><U109/><E109/><V11/><F124/><W1/><G1/><T49/><D101/><U75/><E106/><V102/><F43/><N who="0" m="16458" /><D115/><U9/><E36/><V15/><F74/><W71/><G47/><T57/><D69/><U33/><E33/><V107/><F107/><W35/><G100/><T127/><D127/><U73/><E73/><V58/><F58/><W37/><G37/><T18/><D18/><U126/><E126/><V92/><F11/><W113/><G113/><T32/><D32/><U44/><E44/><V51/><F51/><W3/><G3/><T20/><D20/><U128/><E128/><V62/><F62/><W103/><G103/><T129/><D129/><U5/><E5/><V104/><F7/><W54/><G54/><T10/><D10/><U94/><E46/><V42/><F42/><W86/><G30/><N who="2" m="11273" /><F104/><W56/><G35/><T39/><D39/><U45/><E45/><V118/><F118/><W110/><G71/><T2/><D2/><U17/><E4/><V96/><F92/><W77/><G110/><T95/><D95/><U134/><E94/><V78/><AGARI ba="3,0" hai="12,14,15,24,27,78,80,84,93,96,102" m="11273" machi="78" ten="30,4000,0" yaku="8,1,52,2" doraHai="21" who="2" fromWho="2" sc="292,-13,378,-23,95,49,235,-13" /><INIT seed="2,0,0,4,0,34" ten="279,355,144,222" oya="2" hai0="113,123,46,53,3,47,120,58,122,5,99,86,98" hai1="23,29,49,42,64,26,111,63,16,114,13,37,132" hai2="112,87,127,76,115,78,45,82,129,133,28,56,60" hai3="38,57,51,43,110,21,50,91,104,131,67,85,128"/><V106/><F106/><W1/><G110/><T24/><D113/><U77/><E114/><V97/><F127/><W75/><G75/><T74/><D74/><U7/><E111/><V70/><F129/><N who="3" m="49739" /><G104/><T66/><D66/><U32/><E37/><V100/><F133/><W19/><G1/><T126/><D126/><U125/><E132/><V69/><F76/><W121/><G121/><T124/><D124/><U107/><E107/><V80/><F80/><N who="3" m="49575" /><G38/><T109/><D109/><U88/><E77/><V44/><F112/><W71/><G71/><T61/><D86/><U103/><E103/><V95/><F115/><W39/><G39/><T9/><REACH who="0" step="1"/><D24/><REACH who="0" ten="269,355,144,222" step="2"/><U0/><E125/><V81/><F69/><W33/><G67/><T2/><D2/><U35/><E0/><V17/><F70/><W130/><G130/><T15/><D15/><U90/><E64/><V96/><F81/><W65/><G65/><T105/><D105/><U55/><E13/><V22/><F96/><AGARI ba="0,1" hai="3,5,9,46,47,53,58,61,96,98,99,120,122,123" machi="96" ten="40,2600,0" yaku="1,1,52,1,53,0" doraHai="34" doraHaiUra="108" who="0" fromWho="2" sc="269,36,355,0,144,-26,222,0" /><INIT seed="3,0,0,5,4,49" ten="305,355,118,222" oya="3" hai0="73,31,110,19,130,129,86,126,125,0,61,100,16" hai1="68,75,30,56,112,17,87,11,91,23,41,101,43" hai2="25,9,2,79,50,10,114,108,22,109,59,94,37" hai3="51,90,39,54,131,64,45,24,34,115,93,98,27"/><W97/><G131/><N who="0" m="50187" /><D73/><U119/><E112/><V120/><F37/><W21/><G115/><T52/><D0/><U80/><E68/><V117/><F114/><W124/><G124/><N who="0" m="47723" /><D110/><N who="2" m="42602" /><F117/><W7/><G39/><T55/><D100/><U121/><E119/><V13/><F120/><W20/><G64/><T81/><D31/><U18/><E121/><V28/><F79/><W104/><G7/><T62/><D62/><U70/><E70/><V116/><F116/><W12/><G34/><T15/><D61/><U77/><E101/><V74/><F74/><W128/><G128/><T102/><D102/><U118/><E118/><V133/><F94/><N who="3" m="56535" /><G104/><T63/><D63/><U71/><E71/><V35/><F35/><W36/><G36/><T58/><D58/><U83/><E56/><V88/><F2/><W14/><G24/><T92/><D92/><U48/><E30/><V66/><F28/><N who="3" m="17511" /><G21/><N who="0" m="11423" /><D19/><U89/><E18/><V72/><F72/><W103/><AGARI ba="0,0" hai="12,14,45,51,54,93,98,103" m="17511,56535" machi="103" ten="30,3000,0" yaku="8,1,52,1" doraHai="49" who="3" fromWho="3" sc="305,-10,355,-10,118,-10,222,30" /><INIT seed="3,1,0,5,1,127" ten="295,345,108,252" oya="3" hai0="48,4,64,90,66,1,29,101,77,17,44,31,67" hai1="57,118,104,25,81,10,8,53,46,16,111,91,130" hai2="114,19,23,50,56,21,43,113,106,132,120,129,112" hai3="20,85,37,63,54,94,6,78,134,125,39,3,115"/><W103/><G125/><T121/><D121/><U51/><E104/><V55/><F120/><W2/><G115/><T34/><D101/><U96/><E118/><V58/><F132/><W41/><G134/><T35/><D77/><U36/><E111/><V92/><F106/><W24/><G78/><T75/><D75/><U73/><E73/><V42/><F129/><W97/><G85/><T124/><D124/><U9/><E130/><V15/><F92/><W126/><G126/><T61/><D61/><U27/><E36/><V76/><F76/><W117/><G117/><T123/><D123/><U102/><E57/><V71/><F71/><W88/><G103/><T100/><D100/><U135/><E135/><V68/><F68/><W22/><G22/><T38/><D38/><N who="3" m="14345" /><G6/><T70/><D70/><U131/><E131/><V89/><F89/><W0/><G41/><T47/><D4/><U13/><E102/><V108/><F108/><W119/><G119/><T45/><D48/><U87/><E96/><V62/><REACH who="2" step="1"/><F21/><AGARI ba="1,0" hai="8,9,10,13,16,21,25,27,46,51,53,81,87,91" machi="21" ten="40,2600,0" yaku="8,1,54,1" doraHai="127" who="1" fromWho="2" sc="295,0,345,29,108,-29,252,0" /><INIT seed="4,0,0,5,2,63" ten="295,374,79,252" oya="0" hai0="90,70,129,43,9,98,88,55,52,24,103,111,35" hai1="61,39,56,26,4,64,74,79,58,101,109,1,120" hai2="76,71,107,116,16,32,102,50,131,47,105,124,62" hai3="54,118,113,128,19,119,20,122,27,14,91,34,53"/><T21/><D35/><U41/><E109/><V33/><F124/><W104/><G128/><T42/><D129/><U106/><E120/><V66/><F131/><W46/><G113/><T112/><D70/><U77/><E74/><V83/><F116/><W28/><G122/><T11/><D112/><U49/><E39/><V115/><F115/><W45/><G104/><T127/><D127/><U0/><E106/><V132/><F132/><W6/><G91/><N who="0" m="34859" /><D98/><U57/><E101/><V117/><F117/><W7/><G119/><T31/><D103/><U38/><E38/><V78/><F107/><W18/><G118/><T68/><D68/><U96/><E96/><V37/><F37/><W23/><G46/><T44/><D111/><U97/><E97/><V30/><F30/><W8/><G45/><T17/><D9/><U5/><E41/><N who="0" m="15369" /><D44/><U86/><E49/><V99/><F16/><W81/><G81/><T123/><D123/><U108/><E108/><V65/><F76/><W36/><G36/><T114/><D114/><U40/><E40/><V110/><F110/><W121/><G121/><T82/><D82/><U135/><E79/><V89/><F89/><W69/><G69/><T87/><D87/><U51/><E86/><V59/><F83/><W3/><REACH who="3" step="1"/><G7/><REACH who="3" ten="295,374,79,242" step="2"/><T80/><D80/><U85/><E5/><V92/><F105/><W67/><G67/><T60/><D60/><U13/><E61/><N who="2" m="38079" /><F78/><W94/><G94/><T134/><D134/><U48/><E135/><V84/><F84/><W100/><G100/><T2/><D2/><U75/><E85/><V10/><F71/><RYUUKYOKU ba="0,1" sc="295,15,374,-15,79,-15,242,15" hai0="11,17,21,24,31,52,55" hai3="3,6,8,14,18,19,20,23,27,28,34,53,54" /><INIT seed="4,1,1,4,1,23" ten="310,359,64,257" oya="0" hai0="85,19,97,44,63,26,20,125,1,123,92,101,36" hai1="2,99,39,72,82,116,133,98,111,94,58,13,114" hai2="71,52,48,7,6,126,95,102,109,62,80,53,112" hai3="38,130,51,104,83,37,103,110,78,42,30,24,124"/><T57/><D1/><U135/><E2/><V40/><F109/><W21/><G110/><T61/><D123/><U46/><E111/><V5/><F112/><W87/><G130/><T90/><D125/><U17/><E116/><V3/><F3/><W45/><REACH who="3" step="1"/><G124/><REACH who="3" ten="310,359,64,247" step="2"/><T22/><D36/><U131/><E131/><V91/><F126/><W31/><G31/><N who="0" m="17879" /><D44/><U120/><E46/><V11/><F6/><W49/><G49/><T128/><D128/><U56/><E39/><V79/><F5/><W65/><G65/><T4/><D4/><U113/><E120/><V74/><F48/><W86/><G86/><T59/><D63/><U105/><E114/><V75/><F62/><W0/><G0/><T118/><D61/><U54/><E113/><V106/><F74/><W88/><G88/><N who="0" m="55431" /><D118/><U93/><E72/><V69/><F7/><W115/><G115/><T66/><D66/><U12/><E99/><AGARI ba="1,2" hai="21,24,30,37,38,42,45,51,78,83,87,99,103,104" machi="99" ten="40,5200,0" yaku="1,1,52,1,53,1" doraHai="23" doraHaiUra="43" who="3" fromWho="1" sc="310,0,359,-55,64,0,247,75" /><INIT seed="5,0,0,4,3,39" ten="310,304,64,322" oya="1" hai0="117,12,14,113,3,107,44,134,34,100,28,122,0" hai1="33,4,35,80,86,124,19,103,118,85,79,104,24" hai2="48,116,109,49,115,37,135,114,30,129,70,90,62" hai3="112,97,17,95,125,74,60,108,84,132,89,57,127"/><U93/><E118/><V36/><F30/><W78/><G108/><T53/><D100/><U69/><E124/><N who="3" m="47690" /><G112/><N who="2" m="43049" /><F90/><W43/><G43/><T56/><D107/><U42/><E104/><V68/><F116/><W16/><G132/><T7/><D28/><U40/><E69/><N who="2" m="26731" /><F109/><W63/><G74/><T51/><D117/><U8/><E35/><V64/><F135/><W83/><G63/><T82/><D34/><U111/><E111/><V133/><F133/><W72/><G72/><T101/><D134/><U81/><E33/><V106/><F106/><W110/><G110/><T73/><D113/><U23/><E93/><V25/><F25/><W76/><G76/><T11/><D73/><U77/><E103/><V87/><F87/><W91/><G91/><T18/><D101/><U32/><E32/><V99/><F99/><W6/><G6/><T10/><D7/><U38/><E38/><N who="2" m="14955" /><F129/><W98/><G98/><T46/><D18/><U102/><E102/><V47/><F47/><W13/><G13/><AGARI ba="0,0" hai="4,8,13,19,23,24,40,42,77,79,80,81,85,86" machi="13" ten="30,12000,1" yaku="7,1,9,1,8,1,52,2" doraHai="39" who="1" fromWho="3" sc="310,0,304,120,64,0,322,-120" /><INIT seed="5,1,0,1,4,121" ten="310,424,64,202" oya="1" hai0="72,31,64,2,104,124,0,131,81,73,78,119,37" hai1="60,115,63,14,48,42,46,130,33,107,57,19,18" hai2="134,12,10,30,59,103,21,71,44,17,35,28,36" hai3="106,92,129,113,85,43,11,41,38,4,108,105,1"/><U84/><E115/><V54/><F71/><W53/><G108/><T123/><D72/><U91/><E107/><V20/><F134/><W86/><G113/><T88/><D88/><U40/><E130/><V77/><F103/><W99/><G129/><T29/><D29/><U52/><E33/><V111/><F111/><W25/><G106/><T116/><D131/><U55/><E63/><V74/><F74/><W15/><G105/><T66/><D66/><U50/><E60/><V3/><F77/><W6/><G53/><T67/><D67/><U128/><E128/><V97/><F97/><W5/><G25/><T120/><D64/><U45/><E57/><V62/><F3/><W16/><G1/><T94/><D94/><U89/><E14/><V135/><F135/><W132/><G132/><T125/><D31/><N who="2" m="11818" /><F35/><W118/><G118/><N who="0" m="45099" /><D37/><U70/><REACH who="1" step="1"/><E84/><REACH who="1" ten="310,414,64,202" step="2"/><V110/><F110/><W51/><G86/><T26/><D104/><U58/><E58/><V98/><F98/><W133/><G85/><T23/><D0/><U9/><E9/><V95/><F62/><W96/><G96/><T82/><D2/><U109/><E109/><V49/><F95/><W34/><G92/><T39/><D73/><U24/><E24/><V69/><F69/><AGARI ba="1,1" hai="18,19,40,42,45,46,48,50,52,55,69,70,89,91" machi="69" ten="25,9600,0" yaku="1,1,22,2,54,1,53,0" doraHai="121" doraHaiUra="83" who="1" fromWho="2" sc="310,0,414,109,64,-99,202,0" owari="310,11.0,523,63.0,-35,-54.0,202,-20.0" /></mjloggm>