<mjloggm ver="2.3"><GO type="169" lobby="0"/><UN n0="%E3%81%9F%E3%81%BE%E3%81%AD%E3%81%8E%E5%89%A3%E5%A3%AB" n1="%4E%4F%42%55%53%48%49" n2="%E3%81%BE%E3%81%8A%E3%82%89%E3%82%93" n3="%E3%82%89%E3%81%8F%E3%81%A0%EF%BC%90%EF%BC%91%EF%BC%90%EF%BC%99" dan="16,17,17,16" rate="2052.60,2162.27,2158.89,2133.75" sx="M,M,F,M"/><TAIKYOKU oya="0"/><INIT seed="0,0,0,5,2,40" ten="250,250,250,250" oya="0" hai0="67,70,13,37,123,20,100,129,35,114,122,106,119" hai1="107,134,101,15,36,93,49,32,8,74,0,86,104" hai2="2,83,131,62,84,80,41,7,75,61,132,42,115" hai3="127,4,109,89,98,82,57,88,97,111,76,10,14"/><T73/><RYUUKYOKU type="yao9" ba="0,0" sc="250,0,250,0,250,0,250,0" hai0="13,20,35,37,67,70,73,100,106,114,119,122,123,129" /><INIT seed="0,1,0,5,2,50" ten="250,250,250,250" oya="0" hai0="8,71,28,49,72,109,51,77,89,74,58,123,23" hai1="90,97,40,99,96,131,94,17,54,81,1,76,7" hai2="26,29,122,105,103,124,31,67,62,91,15,13,111" hai3="83,126,55,2,98,63,120,106,42,35,5,45,113"/><T112/><D112/><U133/><E131/><V104/><F122/><W80/><G120/><T33/><D71/><U46/><E133/><V52/><F124/><W38/><G35/><T64/><D33/><U47/><E17/><V128/><F128/><W82/><G113/><T132/><D123/><U125/><E125/><V135/><F135/><W4/><G126/><T114/><D114/><U119/><E119/><V43/><F43/><W61/><G2/><T84/><D64/><U22/><E22/><V9/><F31/><W56/><REACH who="3" step="1"/><G63/><REACH who="3" ten="250,250,250,240" step="2"/><T57/><D132/><U21/><E1/><V39/><F62/><W0/><G0/><T115/><D115/><U69/><E69/><V100/><F111/><W134/><G134/><T107/><D109/><U12/><E40/><V3/><F3/><W60/><G60/><T16/><D58/><U53/><E47/><V18/><F67/><W73/><G73/><T24/><D72/><U65/><E46/><V27/><F39/><W36/><G36/><T95/><D57/><U110/><E65/><V10/><F104/><W116/><G116/><T66/><D107/><U93/><E110/><V68/><F105/><W59/><G59/><T70/><D66/><U85/><E76/><V101/><F68/><W87/><G87/><N who="0" m="52671" /><D70/><U78/><E99/><V44/><F44/><W14/><G14/><N who="0" m="7239" /><D74/><U25/><E12/><V127/><F127/><W20/><G20/><T102/><D77/><U86/><E21/><V117/><F117/><W32/><G32/><T19/><D84/><U41/><E86/><V30/><F15/><W108/><G108/><RYUUKYOKU ba="1,1" sc="250,-10,250,-10,250,-10,240,30" hai3="4,5,38,42,45,55,56,61,80,82,83,98,106" /><INIT seed="1,2,1,2,1,46" ten="240,240,240,270" oya="1" hai0="111,57,50,51,81,129,0,108,97,110,26,124,16" hai1="22,36,85,58,90,99,112,61,104,10,12,20,132" hai2="56,70,84,125,75,53,118,80,86,134,101,71,65" hai3="38,82,54,28,31,98,52,74,5,103,40,78,69"/><U19/><E36/><V117/><F75/><W11/><G69/><T128/><D124/><U42/><E112/><V62/><F125/><W67/><G67/><T115/><D115/><U45/><E132/><V44/><F134/><W121/><G121/><T122/><D122/><U23/><E104/><V107/><F71/><W91/><G91/><T127/><D0/><U33/><E33/><V63/><F86/><W105/><G28/><T116/><D127/><U100/><E100/><V6/><F6/><W37/><G31/><T55/><D116/><U114/><E99/><V29/><F29/><W43/><G43/><T93/><D81/><U32/><E32/><V41/><F101/><W76/><G76/><T18/><D26/><U3/><E3/><V17/><F17/><W48/><G40/><T102/><D50/><N who="1" m="26935" /><E114/><V14/><F107/><W106/><G106/><T77/><D77/><U92/><E10/><V60/><F63/><W27/><G27/><T66/><REACH who="0" step="1"/><D66/><AGARI ba="2,1" hai="12,19,20,22,23,58,61,66,85,90,92" m="26935" machi="66" ten="30,2900,0" yaku="8,1,52,1" doraHai="46" who="1" fromWho="0" sc="240,-35,240,45,240,0,270,0" /><INIT seed="1,3,0,3,5,14" ten="205,285,240,270" oya="1" hai0="5,134,65,51,44,121,25,88,126,77,78,52,53" hai1="97,94,38,61,2,68,45,95,81,72,37,96,84" hai2="57,62,6,89,43,39,115,127,118,0,132,15,125" hai3="29,69,130,32,30,80,60,31,49,102,79,28,103"/><U12/><E2/><V27/><F0/><W40/><G130/><T46/><D126/><N who="2" m="48138" /><F118/><W131/><G131/><T41/><D134/><U48/><E72/><V18/><F132/><W54/><G40/><T58/><D121/><U67/><E12/><V109/><F115/><W133/><G133/><T105/><D105/><U116/><E116/><V24/><F6/><W114/><G114/><T107/><D107/><U135/><E135/><V22/><F109/><W9/><G32/><T122/><D122/><U19/><E19/><V63/><F89/><W55/><G55/><T56/><D5/><U33/><E33/><V83/><F83/><W108/><G108/><T11/><D11/><U112/><E112/><V20/><F57/><W73/><N who="3" m="7168" /><DORA hai="47" /><W104/><G104/><T111/><D111/><U59/><E68/><V4/><F4/><W86/><G73/><T64/><D25/><N who="2" m="9802" /><F22/><W42/><G42/><T71/><D71/><U106/><E106/><V75/><F75/><W13/><G69/><T85/><D46/><AGARI ba="3,0" hai="15,18,20,39,43,46,62,63" m="9802,48138" machi="46" ten="30,2000,0" yaku="18,1,52,1" doraHai="14,47" who="2" fromWho="0" sc="205,-29,285,0,240,29,270,0" /><INIT seed="2,0,0,1,0,75" ten="176,285,269,270" oya="2" hai0="70,66,50,130,120,89,100,29,21,90,123,55,23" hai1="25,73,4,78,126,6,31,13,102,30,93,44,61" hai2="59,24,117,3,41,106,12,115,125,77,118,132,10" hai3="76,88,7,122,99,96,69,85,37,127,56,34,112"/><V81/><F106/><W82/><G69/><T39/><D39/><U111/><E126/><V87/><F115/><W17/><G37/><T54/><D100/><U116/><E116/><V63/><F3/><W57/><G34/><T110/><D130/><U133/><E133/><V64/><F125/><W98/><G122/><T67/><D70/><U114/><E114/><V16/><F132/><W124/><G112/><T33/><D50/><U135/><E135/><V0/><F0/><W80/><G7/><T86/><D86/><U40/><E111/><V48/><F24/><W71/><G71/><T38/><D38/><U2/><E2/><V15/><F41/><W121/><G121/><T101/><D101/><U128/><E128/><V74/><F48/><W36/><G36/><T105/><D33/><U18/><E31/><V42/><F42/><W58/><REACH who="3" step="1"/><G17/><REACH who="3" ten="176,285,269,260" step="2"/><T35/><D35/><U129/><E18/><V119/><REACH who="2" step="1"/><F15/><REACH who="2" ten="176,285,259,260" step="2"/><W108/><G108/><T79/><D110/><U43/><E13/><V19/><F19/><W27/><G27/><T45/><D29/><U49/><E129/><V9/><F9/><W32/><G32/><T53/><D23/><U109/><E6/><V22/><F22/><W94/><G94/><T131/><D21/><U134/><E4/><V46/><F46/><W26/><G26/><T72/><D131/><U104/><E109/><V1/><F1/><W92/><G92/><T103/><D105/><U107/><E93/><V84/><AGARI ba="0,2" hai="10,12,16,59,63,64,74,77,81,84,87,117,118,119" machi="84" ten="40,12000,1" yaku="1,1,0,1,52,1,54,1,53,0" doraHai="75" doraHaiUra="47" who="2" fromWho="2" sc="176,-40,285,-40,259,140,260,-40" /><INIT seed="2,1,0,1,0,11" ten="136,245,399,220" oya="2" hai0="15,97,79,31,30,77,20,64,33,125,127,3,126" hai1="7,111,54,60,124,48,51,35,100,114,5,130,92" hai2="74,57,8,112,40,58,23,62,82,123,65,59,99" hai3="61,108,93,105,117,119,104,56,128,0,103,85,95"/><V76/><F112/><W25/><G0/><T90/><D3/><U72/><E72/><V44/><F123/><W66/><G108/><T115/><D115/><U37/><E37/><V50/><F8/><W2/><G2/><T96/><D64/><U86/><E114/><V68/><F23/><W69/><G128/><T13/><D33/><U120/><E35/><V32/><F32/><W101/><G69/><T42/><D42/><U81/><E120/><V45/><F45/><W1/><G1/><T87/><D87/><U70/><E111/><V63/><REACH who="2" step="1"/><F99/><REACH who="2" ten="136,245,389,220" step="2"/><W67/><G117/><T16/><D97/><U133/><E130/><V116/><F116/><W9/><G119/><T129/><D129/><U75/><E5/><V53/><AGARI ba="1,1" hai="40,44,50,53,57,58,59,62,63,65,68,74,76,82" machi="53" ten="20,7800,0" yaku="1,1,0,1,7,1,53,1" doraHai="11" doraHaiUra="39" who="2" fromWho="2" sc="136,-27,245,-27,389,91,220,-27" /><INIT seed="2,2,0,0,2,129" ten="109,218,480,193" oya="2" hai0="70,0,90,109,74,78,113,84,121,16,128,53,93" hai1="112,33,96,127,47,26,131,1,101,56,31,40,15" hai2="133,8,34,71,39,108,41,79,35,29,65,12,18" hai3="30,116,7,49,86,58,38,59,61,46,10,66,25"/><V99/><F79/><W98/><G116/><T103/><D121/><U57/><E1/><V77/><F77/><W118/><G118/><T21/><D128/><U107/><E112/><V94/><F41/><W135/><G135/><T42/><D0/><U89/><E131/><V63/><F39/><W85/><G98/><T37/><D113/><U48/><E127/><V97/><F133/><W106/><G106/><T122/><D122/><U125/><E125/><V9/><F99/><W67/><G38/><T54/><D109/><U83/><E15/><V102/><F108/><W73/><G73/><T64/><D103/><U13/><E13/><V45/><F45/><W88/><G67/><T132/><D132/><U110/><E110/><V134/><F134/><W44/><G59/><T55/><D37/><U4/><E4/><V124/><F124/><W3/><G49/><T19/><D42/><U68/><E68/><V32/><REACH who="2" step="1"/><F8/><REACH who="2" ten="109,218,470,193" step="2"/><W126/><G126/><T76/><D74/><U50/><E96/><V114/><F114/><W22/><G85/><T24/><D76/><U92/><E107/><V52/><F52/><W105/><G105/><T82/><D78/><U115/><E40/><V14/><F14/><W2/><G2/><T119/><D119/><U5/><E47/><V43/><F43/><W120/><G120/><T81/><D55/><U23/><E115/><V87/><F87/><W75/><G75/><T11/><D54/><U117/><E117/><V62/><F62/><W69/><G69/><T100/><D53/><U91/><E57/><V123/><F123/><W6/><G6/><RYUUKYOKU ba="2,1" sc="109,-15,218,-15,470,15,193,15" hai2="9,12,18,29,32,34,35,63,65,71,94,97,102" hai3="3,7,10,22,25,30,44,46,58,61,66,86,88" /><INIT seed="2,3,1,0,0,98" ten="94,203,485,208" oya="2" hai0="124,118,66,9,17,50,12,19,121,51,10,47,94" hai1="59,91,93,135,14,22,103,63,95,60,8,107,115" hai2="4,73,48,113,54,88,82,131,133,6,42,90,27" hai3="34,65,106,129,16,120,85,1,100,101,49,46,74"/><V127/><F113/><W25/><G120/><T70/><D121/><U56/><E115/><V57/><F127/><W24/><G74/><T53/><D124/><U81/><E135/><V112/><F112/><W102/><G1/><T0/><D118/><U55/><E107/><V83/><F133/><W11/><G106/><T36/><D36/><U128/><E128/><V18/><F42/><N who="3" m="24791" /><G129/><T71/><D66/><U33/><E33/><V109/><F131/><W35/><G35/><T92/><D71/><U15/><E81/><N who="2" m="30731" /><F73/><W20/><G34/><T97/><D70/><U68/><E68/><V3/><F3/><W52/><G65/><T114/><D114/><U130/><E130/><V28/><F28/><W21/><G85/><T45/><D97/><N who="1" m="59839" /><E22/><N who="3" m="8810" /><G52/><T77/><D0/><U78/><E78/><V61/><F54/><W111/><G111/><T104/><D77/><U80/><E80/><V96/><F109/><W39/><G39/><T72/><D104/><U132/><E132/><V87/><F87/><W108/><G108/><T32/><D72/><U44/><E44/><V89/><F57/><N who="1" m="22089" /><E55/><V125/><F125/><W30/><G30/><T134/><D32/><U64/><E64/><V79/><F79/><W62/><G62/><N who="1" m="23594" /><E8/><V2/><F61/><W126/><G126/><T29/><D134/><U117/><E117/><V86/><F2/><W5/><G5/><T105/><D105/><U119/><E119/><V40/><F6/><W38/><G38/><T58/><D29/><U26/><E26/><V7/><F4/><W123/><G123/><T37/><D37/><U75/><E75/><RYUUKYOKU ba="3,1" sc="94,-15,203,15,485,-15,208,15" hai1="14,15,91,93" hai3="11,16,24,25,100,101,102" /><INIT seed="3,4,1,4,2,37" ten="79,218,470,223" oya="3" hai0="128,86,59,77,72,92,18,67,3,1,45,123,14" hai1="111,121,122,33,112,39,24,96,68,26,73,41,70" hai2="117,102,89,54,87,114,83,97,98,5,134,22,105" hai3="62,38,56,107,46,104,16,71,84,29,80,85,42"/><W61/><G71/><T60/><D123/><U65/><E73/><V31/><F114/><W118/><G29/><T51/><D128/><U10/><E111/><V15/><F117/><W133/><G133/><T94/><D72/><U132/><E132/><V115/><F115/><W63/><G118/><T91/><D77/><U79/><E79/><V23/><F98/><W13/><G56/><T64/><D64/><U82/><E82/><V126/><F31/><W52/><G52/><T58/><D58/><U119/><E119/><V48/><F134/><W44/><G44/><T57/><D57/><U116/><E116/><V53/><F53/><W109/><G109/><T11/><REACH who="0" step="1"/><D94/><REACH who="0" ten="69,218,470,223" step="2"/><U35/><E121/><V9/><F126/><W125/><G125/><T27/><D27/><U55/><E26/><V74/><F74/><W78/><REACH who="3" step="1"/><G84/><REACH who="3" ten="69,218,470,213" step="2"/><T69/><D69/><U0/><E70/><V17/><F87/><W7/><G7/><T28/><D28/><U131/><E68/><V19/><F5/><W47/><G47/><T50/><D50/><U21/><E112/><V4/><F48/><W75/><G75/><T100/><D100/><U99/><E122/><V135/><F54/><AGARI ba="4,3" hai="1,3,11,14,18,45,51,54,59,60,67,86,91,92" machi="54" ten="30,2000,0" yaku="1,1,7,1,53,0" doraHai="37" doraHaiUra="120" who="0" fromWho="2" sc="69,62,218,0,470,-32,213,0" /><INIT seed="4,0,0,2,2,108" ten="131,218,438,213" oya="0" hai0="107,44,120,33,125,72,66,116,100,61,17,84,123" hai1="70,110,11,53,34,97,115,58,117,78,51,35,24" hai2="10,54,8,28,73,60,91,6,98,94,75,109,122" hai3="126,4,76,59,2,134,80,21,102,112,25,129,89"/><T64/><D72/><U18/><E70/><V83/><F122/><W82/><G112/><T3/><D116/><U5/><E110/><V86/><F28/><W85/><G129/><T45/><D3/><U55/><E78/><V56/><F10/><W7/><G126/><T14/><D33/><U15/><E117/><V111/><F75/><W77/><G134/><T127/><D107/><U131/><E131/><V37/><F37/><W104/><G2/><T0/><D0/><U42/><E42/><V106/><F106/><W79/><G104/><T41/><D100/><U81/><E115/><V22/><F22/><W103/><G59/><T95/><D95/><U20/><E81/><V26/><F26/><W57/><G57/><N who="0" m="36911" /><D84/><U118/><E118/><V121/><F73/><W46/><G46/><N who="0" m="18027" /><D66/><U96/><E55/><V43/><F43/><W38/><G38/><T16/><BYE who="3" /><D41/><U92/><E97/><V63/><F121/><N who="0" m="46666" /><D14/><U114/><E114/><V69/><F109/><UN n3="%E3%82%89%E3%81%8F%E3%81%A0%EF%BC%90%EF%BC%91%EF%BC%90%EF%BC%99" /><W52/><G52/><T71/><D71/><U40/><E40/><V27/><F27/><W36/><G36/><T19/><D19/><U50/><E50/><N who="2" m="30807" /><F69/><W99/><G99/><T9/><D9/><U133/><E133/><V13/><F111/><W130/><G130/><T132/><D132/><U74/><E74/><V135/><F135/><W105/><G105/><T67/><D67/><U119/><E119/><V30/><F30/><N who="3" m="17711" /><G82/><T87/><D87/><U23/><E23/><V124/><F124/><W39/><G39/><T128/><D128/><U88/><AGARI ba="0,0" hai="5,11,15,18,20,24,34,35,51,53,58,88,92,96" machi="88" ten="20,2700,0" yaku="0,1,7,1,54,1" doraHai="108" who="1" fromWho="1" sc="131,-13,218,27,438,-7,213,-7" /><INIT seed="5,0,0,0,3,43" ten="118,245,431,206" oya="1" hai0="50,58,48,77,125,32,68,45,106,49,8,12,128" hai1="129,117,105,41,35,127,94,65,53,123,96,11,86" hai2="103,120,92,46,115,40,113,18,101,64,78,119,66" hai3="84,61,89,80,63,134,104,42,81,88,121,7,116"/><U112/><E35/><V27/><F78/><W14/><G104/><T57/><D68/><U91/><E123/><V17/><F120/><W56/><G121/><T16/><D106/><U54/><E117/><V97/><F103/><W9/><G116/><T124/><D32/><U22/><E112/><N who="2" m="43083" /><F119/><W39/><G134/><T82/><D128/><U122/><E122/><V131/><F131/><W133/><G133/><T21/><D125/><U34/><E53/><V0/><F0/><W74/><G74/><T6/><D124/><U111/><E11/><V31/><F18/><W44/><G56/><T114/><D114/><U75/><E65/><V52/><F52/><W25/><G25/><T87/><D58/><U109/><E34/><N who="2" m="20863" /><F17/><W23/><G23/><T51/><D57/><U107/><E107/><V10/><F10/><W5/><G5/><T135/><D135/><U29/><E105/><V19/><F19/><W102/><G102/><T85/><D51/><AGARI ba="0,0" hai="40,46,51,64,66,92,97,101" m="20863,43083" machi="51" ten="30,3900,0" yaku="15,1,11,1,52,1" doraHai="43" who="2" fromWho="0" sc="118,-39,245,0,431,39,206,0" /><INIT seed="6,0,0,4,0,37" ten="79,245,470,206" oya="2" hai0="103,89,88,26,41,86,69,108,132,28,11,80,83" hai1="46,58,100,23,119,59,76,116,75,8,31,114,94" hai2="48,60,63,92,121,27,61,64,36,62,17,12,128" hai3="55,135,125,43,93,122,90,98,30,65,104,66,77"/><V115/><F36/><W78/><G122/><T110/><D108/><U35/><E35/><V85/><F121/><W124/><G135/><T20/><D110/><U39/><E114/><V53/><F27/><W105/><G30/><T74/><D132/><U82/><E116/><V54/><F115/><W49/><G43/><T134/><D134/><U0/><E119/><V107/><F107/><W38/><G38/><T16/><D69/><U5/><E23/><V117/><F117/><W130/><G130/><T73/><D103/><U7/><E7/><V52/><F128/><W25/><G25/><T24/><D11/><U1/><E31/><V127/><F127/><N who="3" m="48715" /><G105/><T79/><D83/><U9/><E9/><V56/><F92/><W21/><G104/><T71/><D71/><U47/><E47/><N who="2" m="27679" /><F85/><W2/><G2/><T6/><D6/><U118/><E0/><V44/><F44/><N who="3" m="28071" /><G21/><AGARI ba="0,0" hai="12,17,21,53,54,56,60,61,62,63,64" m="27679" machi="21" ten="30,2900,0" yaku="8,1,54,1" doraHai="37" who="2" fromWho="3" sc="79,0,245,0,470,29,206,-29" /><INIT seed="6,1,0,0,0,21" ten="79,245,499,177" oya="2" hai0="102,96,95,26,59,97,16,87,67,78,32,33,90" hai1="41,104,124,62,88,71,92,63,38,15,54,45,10" hai2="82,11,34,133,4,64,76,73,42,46,20,111,28" hai3="30,128,48,134,0,23,81,6,50,44,113,79,77"/><V131/><F20/><W91/><G113/><T129/><D129/><U109/><E104/><V7/><F7/><W120/><G120/><T94/><D67/><U135/><E109/><V98/><F98/><W60/><G134/><T117/><D117/><U24/><E135/><V58/><F58/><W13/><G128/><T99/><D59/><U51/><E124/><V75/><F64/><W101/><G101/><T49/><D49/><U14/><E24/><V40/><F40/><W74/><G74/><T57/><D57/><U93/><E93/><V122/><F75/><W5/><G60/><T53/><D53/><U107/><E107/><V37/><F131/><W12/><G0/><T116/><D116/><U3/><E3/><N who="2" m="415" /><F133/><W66/><G66/><T65/><D65/><U61/><E71/><V55/><F55/><W72/><G72/><T126/><D126/><U106/><E106/><V25/><F122/><W110/><G110/><AGARI ba="1,0" hai="25,28,34,37,42,46,73,76,82,110,111" m="415" machi="110" ten="30,5800,0" yaku="25,1,23,1,52,1" doraHai="21" who="2" fromWho="3" sc="79,0,245,0,499,61,177,-61" /><INIT seed="6,2,0,3,5,59" ten="79,245,560,116" oya="2" hai0="74,92,61,72,26,33,85,71,37,120,29,65,51" hai1="126,89,96,58,42,27,97,111,73,129,38,117,112" hai2="46,135,131,132,22,94,48,102,14,91,23,64,70" hai3="53,69,67,110,3,75,77,36,21,63,16,79,9"/><V15/><F102/><W78/><G110/><T133/><D37/><U116/><E73/><V31/><F131/><W90/><G36/><T83/><D120/><U82/><E38/><V122/><F122/><W98/><G53/><T57/><D133/><U49/><E42/><V5/><F5/><W41/><G41/><T30/><D30/><U62/><E111/><V60/><F23/><W125/><G125/><T101/><D71/><U10/><E129/><V119/><F31/><W25/><G3/><T45/><D92/><U109/><E126/><V1/><F1/><W81/><G9/><T55/><REACH who="0" step="1"/><D101/><REACH who="0" ten="69,245,560,116" step="2"/><U84/><E109/><V2/><F119/><W7/><G7/><T88/><AGARI ba="2,1" hai="26,29,33,45,51,55,57,61,65,72,74,83,85,88" machi="88" ten="20,12000,2" yaku="1,1,2,1,0,1,7,1,52,1,54,1,53,0" doraHai="59" doraHaiUra="17" who="0" fromWho="0" sc="69,136,245,-32,560,-62,116,-32" /><INIT seed="7,0,0,4,3,70" ten="205,213,498,84" oya="3" hai0="91,88,86,39,84,109,128,74,9,17,15,63,18" hai1="115,116,49,43,111,123,54,121,119,85,33,87,96" hai2="81,2,59,127,24,69,58,13,29,89,124,114,11" hai3="5,133,1,99,104,83,101,135,131,12,78,65,118"/><W108/><G118/><N who="1" m="45098" /><E33/><V61/><F69/><W45/><G131/><T6/><D74/><U134/><E111/><V57/><F2/><W107/><G107/><T46/><D109/><U125/><E125/><N who="2" m="48203" /><F89/><N who="0" m="34378" /><D39/><U52/><E96/><V117/><F81/><W36/><G108/><T110/><D110/><U80/><E134/><N who="3" m="51210" /><G65/><T105/><D105/><U26/><E26/><V130/><F130/><W48/><G36/><T113/><D128/><U30/><E30/><V56/><F114/><W20/><G1/><T62/><D113/><U120/><E115/><V122/><F122/><W28/><G28/><T42/><D46/><N who="1" m="25823" /><E87/><N who="0" m="33321" /><D42/><U50/><E50/><V75/><F75/><N who="3" m="43487" /><G5/><T71/><D71/><U132/><E132/><V92/><F117/><W41/><G12/><N who="0" m="5175" /><D18/><U97/><E97/><V34/><F13/><W3/><G3/><T77/><D77/><AGARI ba="0,0" hai="52,54,77,80,85,120,121,123" m="25823,45098" machi="77" ten="40,2600,0" yaku="12,1,54,1" doraHai="70" who="1" fromWho="0" sc="205,-26,213,26,498,0,84,0" owari="179,-22.0,239,4.0,498,60.0,84,-42.0" /></mjloggm>