<mjloggm ver="2.3"><GO type="169" lobby="0"/><UN n0="%E3%83%A1%E3%82%AB%E3%82%BC%E3%83%83%E3%83%88%E3%83%B3" n1="%E9%BE%8D%E9%96%80%E6%B8%95%E9%80%8F%E8%8A%B1" n2="%E3%81%92%E3%82%93%E3%81%9F%E3%82%8D%E3%81%AE%E3%81%8B%E3%81%91%E3%82%89" n3="%E3%82%86%E3%81%BF%E2%98%86%E3%83%9F" dan="16,16,16,16" rate="2129.66,2131.27,2108.08,2095.78" sx="M,M,M,F"/><TAIKYOKU oya="0"/><INIT seed="0,0,0,1,4,60" ten="250,250,250,250" oya="0" hai0="112,64,12,54,49,14,95,116,89,86,118,122,9" hai1="127,23,6,36,0,84,22,51,72,29,92,131,46" hai2="57,16,39,129,48,24,34,79,99,103,28,124,109" hai3="100,47,130,17,19,18,33,27,107,41,67,62,87"/><T52/><D112/><U73/><E36/><V101/><F109/><W58/><G87/><T37/><D37/><U117/><E117/><V94/><F39/><W66/><G130/><T31/><D122/><U77/><E131/><V98/><F129/><W108/><G108/><T4/><D31/><U85/><E127/><V76/><F124/><W134/><G134/><T13/><D64/><U82/><E0/><V111/><F111/><W35/><G107/><T42/><D42/><U7/><E73/><V97/><F97/><W80/><G100/><T2/><REACH who="0" step="1"/><D54/><REACH who="0" ten="240,250,250,250" step="2"/><U53/><E53/><V25/><F28/><W10/><G67/><T121/><D121/><U126/><E29/><V133/><F133/><W75/><G35/><T30/><D30/><U132/><E132/><V128/><F34/><W71/><G33/><T70/><D70/><U56/><E126/><V45/><F128/><W55/><G55/><T93/><D93/><U1/><E92/><V40/><F94/><W120/><G71/><T74/><D74/><U15/><E72/><V61/><F103/><W90/><G120/><T110/><D110/><U69/><E69/><V38/><F101/><W8/><G75/><T125/><D125/><U21/><E82/><V115/><F38/><W32/><G32/><T105/><D105/><U102/><E84/><V59/><F115/><W135/><G135/><T106/><D106/><U83/><E85/><V96/><F96/><W43/><G43/><T44/><AGARI ba="0,1" hai="2,4,9,12,13,14,44,49,52,86,89,95,116,118" machi="44" ten="30,12000,1" yaku="1,1,0,1,54,1,53,2" doraHai="60" doraHaiUra="114" who="0" fromWho="0" sc="240,130,250,-40,250,-40,250,-40" /><INIT seed="0,1,0,2,3,104" ten="370,210,210,210" oya="0" hai0="63,88,83,59,97,22,3,26,20,118,85,31,40" hai1="41,19,135,29,15,12,115,75,2,34,49,48,87" hai2="116,27,77,131,64,45,58,78,114,125,43,86,107" hai3="134,39,95,84,90,8,133,103,129,102,37,110,6"/><T47/><D3/><U126/><E2/><V67/><F114/><W68/><G68/><T119/><D20/><U105/><E105/><V132/><F107/><W46/><G110/><T117/><D97/><U109/><E109/><V23/><F125/><W93/><G129/><T54/><REACH who="0" step="1"/><D119/><REACH who="0" ten="360,210,210,210" step="2"/><U52/><E126/><V7/><F116/><W1/><G134/><T127/><D127/><U73/><E135/><V98/><F132/><W44/><G133/><T65/><D65/><U108/><E108/><V72/><F98/><W112/><G112/><T32/><D32/><U28/><E34/><V76/><F67/><W50/><G103/><T55/><D55/><U33/><E33/><V81/><F64/><W17/><G102/><T96/><D96/><U56/><E52/><V10/><F23/><W13/><G1/><T123/><D123/><U74/><E115/><V18/><F131/><W53/><G53/><T128/><D128/><U36/><E41/><V82/><F43/><W91/><G6/><T121/><D121/><U51/><E29/><V92/><F7/><W62/><G8/><T106/><D106/><U11/><E28/><V57/><F10/><W130/><G130/><T61/><D61/><U111/><E11/><V69/><F18/><W16/><G62/><T71/><D71/><U4/><E19/><V35/><F69/><W25/><G17/><T99/><D99/><U120/><E4/><V42/><F35/><W38/><G16/><T80/><D80/><U21/><E111/><V14/><F81/><W5/><G5/><T30/><D30/><U113/><E120/><RYUUKYOKU ba="1,1" sc="360,30,210,-10,210,-10,210,-10" hai0="22,26,31,40,47,54,59,63,83,85,88,117,118" /><INIT seed="0,2,1,2,1,111" ten="390,200,200,200" oya="0" hai0="79,68,77,29,8,49,44,82,125,100,107,47,35" hai1="52,14,112,21,19,132,36,114,104,57,116,20,129" hai2="89,134,54,94,22,56,15,23,117,5,130,40,4" hai3="32,24,99,80,91,42,13,90,81,31,46,17,39"/><T6/><D68/><U97/><E116/><V26/><F130/><W123/><G123/><T85/><D125/><U95/><E36/><V110/><F110/><W38/><G38/><T75/><D29/><U113/><E104/><V51/><F134/><W30/><G30/><T120/><D35/><U28/><E129/><V66/><F117/><W1/><G1/><T64/><D64/><U70/><E70/><V74/><F74/><W59/><G59/><T67/><D67/><U2/><E2/><V78/><F78/><W69/><G69/><T9/><D120/><U103/><E132/><V119/><F119/><W7/><G7/><T61/><D61/><N who="1" m="36007" /><E28/><N who="2" m="17495" /><F66/><W41/><G41/><T43/><D44/><U128/><E128/><V12/><F40/><W127/><G127/><T71/><D71/><U133/><E133/><V105/><F105/><W72/><G72/><T55/><D55/><U58/><E58/><V131/><F131/><W106/><G106/><T16/><D6/><N who="2" m="2666" /><F23/><AGARI ba="2,1" hai="14,19,20,21,23,95,97,103,112,113,114" m="36007" machi="23" ten="30,8000,1" yaku="11,1,52,3,54,1" doraHai="111" who="1" fromWho="2" sc="390,0,200,96,200,-86,200,0" /><INIT seed="1,0,0,3,3,105" ten="390,296,114,200" oya="1" hai0="24,126,74,108,92,40,132,22,46,81,112,98,128" hai1="52,71,41,79,109,87,61,48,13,84,3,21,18" hai2="57,67,58,50,130,62,75,76,19,80,15,5,37" hai3="45,51,66,53,33,103,114,0,31,83,27,64,69"/><U100/><E3/><V49/><F37/><W72/><G114/><T1/><D112/><U10/><E109/><V63/><F130/><W16/><G0/><T73/><D1/><U20/><E100/><V38/><F38/><W70/><G103/><T133/><D128/><U111/><E111/><V30/><F5/><W7/><G7/><T93/><D108/><U104/><E104/><V102/><F30/><W129/><G129/><T121/><D121/><U89/><E41/><V43/><F43/><W117/><G117/><T42/><D126/><U123/><E123/><V17/><F102/><W90/><G90/><T23/><D81/><N who="1" m="47167" /><E61/><V113/><F113/><W47/><G47/><T25/><D46/><N who="1" m="27671" /><E71/><V11/><REACH who="2" step="1"/><F19/><REACH who="2" ten="390,296,104,200" step="2"/><W34/><G16/><T2/><D2/><U99/><E99/><AGARI ba="0,1" hai="22,23,24,25,40,42,73,74,92,93,98,99,132,133" machi="99" ten="25,6400,0" yaku="22,2,52,2" doraHai="105" who="0" fromWho="1" sc="390,74,296,-64,104,0,200,0" /><INIT seed="2,0,0,2,1,81" ten="464,232,104,200" oya="2" hai0="7,125,65,100,28,88,86,83,54,91,127,67,5" hai1="64,106,39,134,50,15,56,46,129,43,72,122,36" hai2="95,19,48,13,69,24,132,128,98,61,34,29,57" hai3="73,6,30,49,40,60,75,20,23,63,117,108,79"/><V118/><F118/><W44/><G117/><T84/><D100/><U94/><E106/><V77/><F128/><W96/><G108/><T45/><D28/><U109/><E72/><V76/><F132/><W52/><G6/><T17/><D17/><U21/><E109/><V25/><F48/><W85/><G96/><T70/><D54/><U12/><E129/><V10/><F69/><W121/><G121/><T66/><D45/><U14/><E134/><V87/><F24/><W124/><G124/><N who="0" m="47691" /><D70/><U42/><E122/><V126/><F126/><W130/><G130/><T90/><D90/><U16/><E43/><V101/><REACH who="2" step="1"/><F87/><REACH who="2" ten="464,232,94,200" step="2"/><W99/><G99/><T103/><D103/><U9/><E36/><V51/><F51/><W1/><G49/><T62/><D62/><N who="1" m="37959" /><E39/><V110/><F110/><W18/><G63/><T31/><D31/><U74/><E74/><V104/><F104/><W97/><G60/><T89/><D89/><U2/><E50/><V58/><F58/><W27/><G97/><T113/><D113/><U102/><E46/><V11/><F11/><W32/><G75/><T3/><D3/><U4/><E42/><V133/><F133/><W115/><G1/><T8/><D8/><U82/><E2/><V112/><F112/><W119/><G40/><T59/><D59/><U111/><E111/><V68/><F68/><W131/><G115/><T41/><D41/><U135/><E135/><V80/><F80/><AGARI ba="0,1" hai="5,7,65,66,67,80,83,84,86,88,91" m="47691" machi="80" ten="30,7700,0" yaku="18,1,52,2,54,1" doraHai="81" who="0" fromWho="2" sc="464,87,232,0,94,-77,200,0" /><INIT seed="3,0,0,1,4,115" ten="551,232,17,200" oya="3" hai0="20,52,43,93,51,78,9,110,60,57,68,82,127" hai1="73,32,25,72,86,130,79,94,119,98,39,71,58" hai2="10,47,66,121,8,42,61,106,97,53,134,83,105" hai3="28,76,99,48,44,27,85,101,118,49,95,125,6"/><W67/><G125/><T109/><D127/><U108/><E71/><V59/><F134/><W107/><G67/><N who="0" m="41063" /><D43/><U111/><E39/><V88/><F121/><W124/><G124/><T84/><D20/><U1/><E1/><V18/><F66/><W116/><G6/><T91/><D9/><U24/><E130/><V33/><F33/><W0/><G0/><T77/><D93/><U45/><E45/><V7/><F18/><W81/><G49/><T120/><D120/><U21/><E119/><V75/><F10/><W132/><G132/><T41/><D41/><U54/><E32/><V30/><F30/><W92/><G92/><T34/><D34/><U19/><E25/><V100/><F106/><W4/><G4/><T80/><D80/><N who="1" m="47391" /><E94/><V104/><F104/><W133/><G133/><T113/><D113/><U38/><E38/><V96/><F105/><W15/><G15/><T2/><D2/><U103/><E98/><V3/><F100/><W26/><G107/><T56/><D56/><U11/><E11/><V135/><F135/><W50/><G50/><T122/><D122/><U131/><E103/><V114/><F114/><W36/><G36/><T17/><D17/><U89/><E89/><V117/><F117/><W62/><G62/><T90/><D90/><U29/><E19/><V46/><F46/><W74/><G85/><T55/><D55/><U112/><E112/><V65/><F53/><N who="3" m="29831" /><G28/><T40/><D40/><U69/><E69/><V16/><F16/><W63/><G63/><T123/><D123/><U126/><E126/><V23/><F42/><W31/><G31/><RYUUKYOKU ba="0,0" sc="551,15,232,-15,17,-15,200,15" hai0="51,52,57,77,78,82,84,91,109,110" hai3="26,27,74,76,81,95,99,101,116,118" /><INIT seed="3,1,0,5,4,65" ten="566,217,2,215" oya="3" hai0="66,11,8,41,115,71,60,73,32,133,34,22,48" hai1="56,106,63,5,96,69,74,97,107,23,128,78,29" hai2="86,45,15,99,120,124,76,80,47,135,83,126,53" hai3="95,2,37,9,46,98,50,13,36,4,6,119,39"/><W58/><G119/><T85/><D73/><U16/><E128/><V35/><F35/><W90/><G58/><T64/><D64/><U93/><E5/><V57/><F135/><W18/><REACH who="3" step="1"/><G2/><REACH who="3" ten="566,217,2,205" step="2"/><T30/><D133/><U26/><E56/><V112/><F120/><W3/><G3/><T1/><D1/><U49/><E106/><V127/><F112/><W19/><G19/><T131/><D115/><U33/><E107/><V75/><F99/><W121/><G121/><T114/><D114/><U113/><E113/><V132/><F132/><W94/><G94/><T17/><D131/><U105/><E93/><V14/><F47/><W92/><G92/><T20/><D17/><U28/><E105/><V7/><F45/><W91/><G91/><T103/><D103/><U134/><E134/><V87/><F7/><W81/><G81/><T129/><D129/><U72/><E16/><V12/><F83/><W109/><G109/><T44/><D30/><U100/><E28/><V62/><AGARI ba="1,1" hai="12,14,15,53,57,62,75,76,80,86,87,124,126,127" machi="62" ten="40,2700,0" yaku="0,1,18,1" doraHai="65" who="2" fromWho="2" sc="566,-8,217,-8,2,40,205,-14" /><INIT seed="4,0,0,3,5,16" ten="558,209,42,191" oya="0" hai0="79,52,40,57,1,63,72,0,84,18,89,50,132" hai1="25,35,9,78,112,131,86,118,109,5,31,56,129" hai2="121,64,38,13,27,55,37,46,102,23,76,3,53" hai3="4,26,67,71,24,68,60,120,99,22,70,14,130"/><T28/><D28/><U133/><E109/><V21/><F121/><W105/><G120/><T95/><D132/><U85/><E118/><V47/><F3/><W42/><G42/><T98/><D72/><U104/><E104/><V7/><F64/><W94/><G105/><T110/><D110/><U65/><E133/><V77/><F102/><W113/><G113/><T44/><D79/><N who="2" m="30282" /><F13/><W54/><G54/><N who="2" m="20489" /><F27/><W91/><G130/><N who="1" m="49674" /><E78/><V90/><F90/><W97/><G97/><T10/><D98/><U66/><E112/><V58/><F58/><W82/><G82/><T11/><REACH who="0" step="1"/><D11/><REACH who="0" ten="548,209,42,191" step="2"/><U96/><E96/><V49/><F7/><W30/><G26/><T61/><D61/><N who="1" m="38055" /><E66/><V93/><F93/><W34/><G4/><T92/><D92/><U69/><E69/><V100/><F100/><W117/><G117/><T126/><D126/><U12/><AGARI ba="0,1" hai="5,9,12,25,31,35,85,86" m="38055,49674" machi="12" ten="30,1100,0" yaku="19,1" doraHai="16" who="1" fromWho="1" sc="548,-5,209,21,42,-3,191,-3" /><INIT seed="5,0,0,2,4,103" ten="543,230,39,188" oya="1" hai0="117,44,48,67,81,104,130,25,57,1,15,20,134" hai1="12,77,90,41,64,8,83,108,47,106,114,113,63" hai2="102,71,128,13,115,118,86,110,58,39,99,36,37" hai3="31,94,76,126,3,98,132,92,68,129,49,62,70"/><U121/><E121/><V24/><F110/><W30/><G3/><T16/><D1/><U11/><E90/><V116/><F71/><W97/><G76/><T34/><D117/><U0/><E0/><V35/><F128/><W23/><G129/><T9/><D130/><U87/><E106/><V6/><F86/><W5/><G23/><T95/><D104/><U73/><E73/><V105/><F115/><N who="1" m="44041" /><E12/><V80/><F80/><W53/><G5/><T72/><D134/><U120/><E120/><V109/><F109/><W33/><G132/><T89/><D34/><U10/><E108/><V66/><F66/><W119/><G33/><T14/><D81/><U124/><E124/><V101/><F58/><W22/><G22/><T52/><D72/><U19/><E19/><V131/><F131/><W122/><G122/><T18/><D67/><U74/><E74/><V2/><F13/><W51/><G126/><T60/><D14/><U111/><E111/><V45/><F45/><W46/><G46/><T26/><D26/><U50/><E11/><N who="2" m="2519" /><F102/><W59/><G59/><AGARI ba="0,0" hai="8,10,41,47,50,59,63,64,77,83,87" m="44041" machi="59" ten="30,1500,0" yaku="15,1" doraHai="103" who="1" fromWho="3" sc="543,0,230,15,39,0,188,-15" /><INIT seed="5,1,0,3,0,22" ten="543,245,39,173" oya="1" hai0="21,57,80,62,119,110,98,102,3,60,124,86,75" hai1="101,13,37,10,73,48,90,16,132,47,128,123,107" hai2="5,81,64,114,1,4,70,8,51,6,34,28,27" hai3="32,49,112,92,33,129,78,126,59,99,121,71,113"/><U29/><E123/><V104/><F51/><W55/><G121/><T87/><D75/><U120/><E120/><V26/><F81/><W46/><G71/><T125/><D3/><U108/><E73/><V2/><F104/><W116/><G116/><T131/><D119/><U38/><E128/><V133/><F64/><W0/><G0/><N who="2" m="105" /><F70/><W77/><G126/><N who="0" m="48747" /><D110/><U82/><E132/><V111/><F111/><W65/><G129/><T36/><D36/><U118/><E118/><V58/><F58/><W89/><G65/><T63/><D131/><U68/><E68/><V83/><F83/><W56/><G56/><T7/><D7/><N who="2" m="2634" /><F133/><W84/><G59/><T74/><D21/><U69/><E69/><V135/><F135/><W11/><G99/><T14/><D74/><U45/><E45/><V41/><F41/><W85/><G85/><T117/><D117/><U97/><E108/><V54/><F54/><W96/><G96/><T66/><D80/><U105/><E105/><V44/><F44/><W134/><G134/><T23/><D86/><N who="1" m="50519" /><E29/><N who="2" m="19767" /><F114/><N who="3" m="44139" /><G78/><T103/><D87/><U24/><E38/><V53/><F53/><W39/><G77/><T106/><D103/><U30/><E37/><V127/><F127/><W130/><G39/><T91/><D91/><U122/><E122/><V88/><F88/><W17/><G130/><T12/><D57/><U9/><E48/><V67/><F67/><W79/><G79/><T76/><D76/><U109/><E47/><V93/><F93/><W72/><G72/><T31/><D66/><U115/><E109/><V95/><F95/><W52/><G55/><RYUUKYOKU ba="1,0" sc="543,15,245,-15,39,-15,173,15" hai0="12,14,23,31,60,62,63,98,102,106" hai3="11,17,32,33,46,49,52,84,89,92" /><INIT seed="6,2,0,5,1,85" ten="558,230,24,188" oya="2" hai0="39,37,57,119,108,105,116,59,135,49,84,6,42" hai1="115,63,48,67,64,8,103,54,113,52,26,91,109" hai2="125,15,46,99,70,111,132,62,97,33,14,120,82" hai3="10,73,24,98,100,1,112,123,121,76,43,81,44"/><V23/><F120/><W41/><G41/><T30/><D105/><U60/><E109/><V89/><F33/><W16/><G112/><N who="1" m="43082" /><E103/><V122/><F122/><W7/><G24/><T77/><D30/><U58/><E26/><V9/><F111/><W40/><G40/><T65/><D108/><U13/><E91/><V134/><F125/><W130/><G130/><T74/><D74/><U66/><E13/><V92/><F46/><W20/><G20/><T114/><D84/><U95/><E95/><V93/><F82/><W107/><REACH who="3" step="1"/><G16/><REACH who="3" ten="558,230,24,178" step="2"/><T104/><D42/><U50/><E8/><V22/><F9/><W31/><G31/><T45/><D114/><U55/><E55/><V101/><F62/><W71/><G71/><T88/><D119/><U38/><E38/><AGARI ba="2,1" hai="1,7,10,38,43,44,73,76,81,98,100,107,121,123" machi="38" ten="30,12000,2" yaku="1,1,7,1,25,2,23,2,53,0" doraHai="85" doraHaiUra="56" who="3" fromWho="1" sc="558,0,230,-126,24,0,178,136" /><INIT seed="7,0,0,0,3,127" ten="558,104,24,314" oya="3" hai0="84,18,14,36,83,103,108,122,117,31,64,86,67" hai1="101,99,74,109,34,25,112,66,56,125,57,48,90" hai2="106,6,131,46,111,26,8,102,45,100,5,10,19" hai3="85,16,62,134,80,72,42,65,55,77,23,81,79"/><W50/><G50/><T37/><D103/><N who="2" m="39466" /><F106/><W82/><G42/><T97/><D31/><U29/><E109/><V91/><F91/><W35/><G35/><T115/><D122/><U27/><E74/><V120/><F120/><W51/><G134/><T24/><D115/><U2/><E2/><V13/><F111/><W69/><G72/><T132/><D132/><U22/><E112/><V93/><F93/><W44/><REACH who="3" step="1"/><G79/><REACH who="3" ten="558,104,24,304" step="2"/><T20/><D117/><U110/><E34/><V43/><F43/><W58/><G58/><T12/><D37/><U9/><E56/><V17/><F26/><AGARI ba="0,1" hai="16,23,26,44,51,55,62,65,69,77,80,81,82,85" machi="26" ten="30,11600,0" yaku="1,1,7,1,54,1,53,1" doraHai="127" doraHaiUra="75" who="3" fromWho="2" sc="558,0,104,0,24,-116,304,126" owari="558,66.0,104,-30.0,-92,-59.0,430,23.0" /></mjloggm>