<mjloggm ver="2.3"><GO type="169" lobby="0"/><UN n0="%E3%81%BE%E3%82%8B%E3%81%99%E3%81%91" n1="%E6%B4%A5%E7%94%B0%E6%B2%BC%E3%81%A3%E5%AD%90" n2="%E5%B1%B1%E5%B9%B8%E5%95%86%E5%BA%97" n3="%52%6F%62%69%4E" dan="17,16,16,16" rate="2102.59,2090.75,2119.09,2132.18" sx="M,M,M,M"/><TAIKYOKU oya="0"/><INIT seed="0,0,0,5,0,64" ten="250,250,250,250" oya="0" hai0="93,133,124,50,79,73,37,102,121,33,72,11,80" hai1="68,92,135,76,3,17,97,8,118,100,7,86,84" hai2="99,39,113,4,134,58,114,51,26,90,9,94,132" hai3="27,53,49,67,77,60,35,36,21,61,30,108,25"/><T56/><D121/><U109/><E118/><V111/><F39/><W98/><G36/><T19/><D37/><U129/><E109/><V119/><F111/><W120/><G108/><T32/><D73/><U48/><E129/><V107/><F107/><W112/><G112/><T14/><D133/><N who="2" m="51306" /><F119/><W43/><G43/><T23/><D124/><U126/><E126/><V69/><F69/><W41/><G41/><T12/><D102/><U15/><E68/><V47/><F58/><W62/><G77/><T95/><D95/><U123/><E135/><V42/><F26/><W0/><G0/><AGARI ba="0,0" hai="0,4,9,42,47,51,90,94,99,113,114" m="51306" machi="0" ten="30,1000,0" yaku="20,1" doraHai="64" who="2" fromWho="3" sc="250,0,250,0,250,10,250,-10" /><INIT seed="1,0,0,4,4,125" ten="250,250,260,240" oya="1" hai0="79,89,87,75,102,67,78,30,11,124,32,116,48" hai1="35,129,86,40,90,132,53,133,93,58,94,38,84" hai2="122,43,20,34,130,39,61,42,96,19,70,107,117" hai3="71,13,111,27,74,119,126,82,99,23,66,109,88"/><U135/><E35/><V54/><F34/><W44/><G126/><T73/><D124/><U80/><E38/><V123/><F117/><W28/><G119/><T103/><D116/><U68/><E40/><V98/><F43/><W25/><G71/><T57/><D11/><U121/><E68/><V118/><F118/><W115/><G66/><T12/><D12/><U14/><E121/><V51/><F98/><W18/><G115/><T2/><D2/><U105/><E105/><V127/><F127/><W85/><G74/><T50/><D32/><U7/><E129/><V97/><F130/><W3/><G3/><T113/><D30/><U63/><REACH who="1" step="1"/><E86/><REACH who="1" ten="250,240,260,240" step="2"/><V21/><F107/><W41/><G41/><T17/><D75/><U83/><E83/><V91/><F123/><W77/><G82/><N who="0" m="49399" /><D73/><U92/><E92/><V108/><F122/><W26/><G85/><T81/><D81/><U110/><E110/><V37/><F108/><W76/><G111/><T47/><D113/><U104/><E104/><V114/><F114/><W62/><G109/><T59/><D79/><U101/><E101/><V29/><F42/><W64/><G77/><T112/><D78/><U15/><E15/><N who="2" m="9343" /><F91/><W120/><G76/><T65/><D112/><U22/><E22/><V4/><F39/><W72/><G120/><T49/><D103/><U36/><E36/><V106/><F37/><W1/><G72/><T6/><D102/><U55/><E55/><V10/><F106/><W56/><G88/><T69/><D69/><U0/><E0/><V100/><F100/><W134/><G1/><T45/><D67/><RYUUKYOKU ba="0,1" sc="250,-10,240,30,260,-10,240,-10" hai1="7,14,53,58,63,80,84,90,93,94,132,133,135" /><INIT seed="1,1,1,0,2,33" ten="240,270,250,230" oya="1" hai0="18,24,96,124,76,114,23,42,103,84,133,31,29" hai1="131,88,52,48,127,93,105,45,11,27,92,109,12" hai2="106,28,44,19,110,37,80,17,111,7,116,6,75" hai3="64,101,40,32,120,91,49,63,65,72,41,21,0"/><U85/><E105/><V108/><F106/><W3/><G72/><T15/><D114/><U22/><E127/><V73/><F28/><N who="0" m="10826" /><D124/><U83/><E131/><V59/><F59/><W77/><G32/><T81/><D133/><U25/><E109/><V1/><F7/><W10/><G120/><T135/><D135/><U123/><E123/><V62/><F62/><W87/><G77/><T94/><D42/><U69/><E69/><V121/><F121/><W102/><G49/><T128/><D128/><U51/><E51/><V107/><F107/><W67/><G63/><T70/><D70/><U68/><E68/><V8/><F116/><W112/><G112/><T46/><D46/><U38/><E38/><V89/><F89/><W86/><G10/><T100/><D100/><U30/><E27/><AGARI ba="1,1" hai="15,18,23,24,27,76,81,84,94,96,103" m="10826" machi="27" ten="30,1000,0" yaku="8,1" doraHai="33" who="0" fromWho="1" sc="240,23,270,-13,250,0,230,0" /><INIT seed="2,0,0,0,4,91" ten="263,257,250,230" oya="2" hai0="39,77,78,57,35,130,133,47,43,3,15,1,62" hai1="99,121,108,123,45,41,19,93,85,86,124,92,96" hai2="30,131,44,28,74,105,102,67,11,0,14,32,69" hai3="7,70,116,13,22,33,50,118,81,52,36,89,31"/><V111/><F30/><W9/><G36/><T48/><D35/><U27/><E108/><V100/><F100/><W115/><G70/><T120/><D120/><N who="1" m="46155" /><E19/><V76/><F44/><W65/><G33/><T68/><D133/><U98/><E27/><N who="2" m="18463" /><F14/><W113/><G65/><N who="0" m="41015" /><D15/><U128/><E128/><V10/><F131/><W26/><G81/><T56/><D56/><U49/><E124/><V72/><F76/><N who="0" m="29290" /><D130/><U38/><E38/><V12/><F12/><W109/><G109/><T4/><D4/><U5/><E5/><N who="2" m="1319" /><F11/><W126/><G126/><T134/><D134/><U97/><N who="1" m="24576" /><DORA hai="94" /><U59/><E59/><V132/><F132/><W55/><G113/><T106/><D106/><U90/><E86/><V101/><F101/><W103/><G103/><T84/><D84/><U21/><E21/><V61/><F102/><W20/><G20/><T16/><D16/><U75/><E75/><N who="2" m="28715" /><F111/><W135/><G135/><T73/><D73/><U107/><E107/><AGARI ba="0,0" hai="61,67,69,105,107" m="28715,1319,18463" machi="107" ten="30,2900,0" yaku="33,2" doraHai="91,94" who="2" fromWho="1" sc="263,0,257,-29,250,29,230,0" /><INIT seed="2,1,0,1,1,89" ten="263,228,279,230" oya="2" hai0="3,111,82,107,1,93,6,129,48,23,88,57,7" hai1="86,8,98,34,123,36,76,40,115,119,99,134,5" hai2="49,79,130,77,66,27,91,83,37,121,20,26,24" hai3="106,90,81,72,31,102,39,112,18,128,118,116,104"/><V105/><F37/><W11/><G39/><T29/><D107/><U9/><E34/><V63/><F105/><W92/><G31/><T42/><D111/><U44/><E119/><V78/><F121/><W131/><G11/><T124/><D124/><U75/><E115/><V14/><F130/><N who="3" m="49707" /><G18/><T71/><D129/><U33/><E33/><V85/><F49/><W53/><G53/><N who="0" m="31911" /><D71/><U0/><E123/><V35/><F35/><W96/><G112/><T117/><D117/><N who="3" m="45161" /><G102/><T58/><D1/><U43/><E43/><V12/><REACH who="2" step="1"/><F20/><REACH who="2" ten="263,228,269,230" step="2"/><W17/><G17/><T70/><D23/><U135/><E9/><V2/><F2/><W133/><G133/><T16/><D3/><U103/><E135/><V101/><F101/><W41/><G41/><T69/><D42/><U100/><E134/><V108/><F108/><W38/><G38/><T110/><D110/><U46/><E100/><V30/><F30/><W56/><G104/><T19/><D29/><U61/><E103/><V113/><F113/><W45/><G106/><T62/><D19/><U125/><E36/><V22/><F22/><W68/><G45/><T64/><D16/><U25/><E44/><V59/><AGARI ba="1,1" hai="12,14,24,26,27,59,63,66,77,78,79,83,85,91" machi="59" ten="30,6000,0" yaku="1,1,0,1,8,1,53,0" doraHai="89" doraHaiUra="114" who="2" fromWho="2" sc="263,-21,228,-21,269,73,230,-21" /><INIT seed="2,2,0,2,4,89" ten="242,207,342,209" oya="2" hai0="54,3,76,70,131,73,87,78,119,11,122,128,96" hai1="86,62,30,104,71,67,45,59,97,42,102,77,107" hai2="48,8,81,44,2,55,38,69,19,80,58,5,85" hai3="132,90,53,129,94,110,66,33,117,4,51,130,65"/><V0/><F69/><W9/><G33/><T23/><D70/><U7/><E107/><V14/><F38/><W21/><G117/><T127/><D122/><U82/><E7/><V37/><F37/><W16/><G110/><T134/><D119/><U28/><REACH who="1" step="1"/><E71/><REACH who="1" ten="242,197,342,209" step="2"/><V6/><F6/><W57/><G130/><T125/><D128/><U64/><E64/><V68/><F68/><W41/><G129/><T34/><D131/><U72/><E72/><V133/><F133/><W95/><G132/><T17/><D134/><U50/><AGARI ba="2,1" hai="28,30,42,45,50,59,62,67,77,82,86,97,102,104" machi="50" ten="20,2700,0" yaku="1,1,0,1,7,1,53,0" doraHai="89" doraHaiUra="135" who="1" fromWho="1" sc="242,-9,197,43,342,-15,209,-9" /><INIT seed="3,0,0,3,5,82" ten="233,240,327,200" oya="3" hai0="74,24,22,116,112,10,73,96,115,68,30,92,13" hai1="23,135,52,28,60,106,18,2,134,94,64,109,107" hai2="127,48,26,56,75,35,4,81,130,118,61,80,121" hai3="117,88,40,123,51,133,29,31,97,45,37,46,108"/><W79/><G117/><T69/><D116/><U103/><E2/><V41/><F4/><W21/><G123/><T90/><D73/><U129/><E129/><V3/><F130/><W114/><G114/><N who="0" m="43563" /><D74/><U70/><E28/><V44/><F3/><W59/><G79/><T95/><D95/><U32/><E32/><V120/><F127/><W8/><G133/><N who="1" m="50698" /><E109/><V132/><F132/><W39/><G108/><T83/><D83/><U93/><E52/><N who="2" m="33927" /><F75/><W7/><G39/><T43/><D43/><U78/><E78/><V122/><F118/><W66/><G37/><T16/><AGARI ba="0,0" hai="10,13,16,22,24,30,68,69,90,92,96" m="43563" machi="16" ten="30,2000,0" yaku="11,1,54,1" doraHai="82" who="0" fromWho="0" sc="233,20,240,-5,327,-5,200,-10" /><INIT seed="4,0,0,3,4,84" ten="253,235,322,190" oya="0" hai0="61,26,36,0,54,35,64,18,133,79,22,88,107" hai1="43,122,114,31,124,7,23,113,69,126,3,121,92" hai2="30,111,34,135,66,37,98,60,89,90,55,134,12" hai3="109,56,27,77,95,110,59,45,74,93,29,85,11"/><T6/><D36/><U1/><E69/><V91/><F111/><W48/><G74/><T44/><D107/><U16/><E31/><V104/><F55/><W19/><G109/><T47/><D79/><U46/><E46/><V71/><F12/><W65/><G110/><T63/><D133/><N who="2" m="50698" /><F37/><W99/><G65/><T15/><D0/><N who="1" m="75" /><E7/><V13/><F13/><W4/><G19/><T32/><D32/><U24/><E43/><V17/><F17/><W58/><G11/><N who="0" m="4599" /><D35/><U57/><E57/><V33/><F30/><W39/><G39/><T131/><D131/><U73/><E73/><V94/><F94/><W25/><G4/><T108/><D108/><U100/><E100/><AGARI ba="0,0" hai="33,34,60,66,71,89,90,91,98,100,104" m="50698" machi="100" ten="30,7700,0" yaku="20,1,52,3" doraHai="84" who="2" fromWho="1" sc="253,0,235,-77,322,77,190,0" /><INIT seed="5,0,0,2,2,69" ten="253,158,399,190" oya="1" hai0="76,27,8,41,71,45,133,22,130,43,112,94,85" hai1="44,11,93,105,65,131,49,82,0,68,109,64,63" hai2="107,77,33,39,54,14,122,17,20,67,23,115,95" hai3="16,79,35,72,103,101,62,106,50,40,57,70,36"/><U21/><E105/><V60/><F107/><W59/><G35/><T113/><D71/><U86/><E109/><V61/><F33/><W110/><G110/><T73/><D133/><U119/><E119/><V102/><F122/><W118/><G70/><T128/><D8/><U78/><E65/><V134/><F39/><W31/><G31/><N who="0" m="17911" /><D73/><U111/><E111/><V126/><F77/><W83/><G106/><T13/><D13/><U104/><E104/><V125/><F134/><W15/><G118/><T124/><D124/><N who="2" m="47722" /><F54/><W121/><G50/><N who="0" m="26927" /><D43/><U1/><E131/><N who="0" m="50217" /><D76/><U12/><E21/><V116/><F116/><W120/><G120/><T7/><D7/><U3/><E93/><V55/><F55/><W48/><G48/><T4/><D4/><U42/><REACH who="1" step="1"/><E0/><REACH who="1" ten="253,148,399,190" step="2"/><V28/><F95/><W2/><G2/><T32/><D32/><U47/><E47/><V5/><F67/><W46/><G121/><T51/><D113/><U108/><E108/><V75/><F115/><W29/><G59/><T98/><D112/><U81/><E81/><V92/><F75/><W26/><G57/><T88/><D94/><U99/><E99/><V53/><F92/><W56/><G56/><T9/><D98/><U18/><AGARI ba="0,1" hai="1,3,11,12,18,42,44,49,63,64,68,78,82,86" machi="18" ten="20,7800,0" yaku="1,1,0,1,7,1,53,1" doraHai="69" doraHaiUra="38" who="1" fromWho="1" sc="253,-26,148,88,399,-26,190,-26" /><INIT seed="5,1,0,0,2,19" ten="227,236,373,164" oya="1" hai0="56,82,42,109,88,107,97,67,32,47,133,7,51" hai1="72,101,108,20,122,36,49,124,114,111,24,78,64" hai2="103,31,83,12,93,91,1,119,134,113,62,118,28" hai3="37,41,63,14,11,105,123,2,29,77,57,68,130"/><U76/><E122/><V86/><F1/><W121/><G105/><T22/><D109/><N who="1" m="42059" /><E36/><V13/><F134/><W73/><G68/><T55/><D133/><U53/><E72/><V39/><F39/><W90/><G130/><T110/><D110/><U75/><E75/><V48/><F113/><W65/><G90/><T116/><D116/><U79/><E101/><V34/><F34/><W120/><G29/><N who="2" m="11337" /><F118/><W35/><G35/><T126/><D32/><U18/><E64/><V92/><F62/><W54/><G65/><T59/><D126/><U100/><E100/><V98/><F119/><W52/><G54/><T58/><D67/><U3/><E3/><V50/><F93/><W74/><G2/><T21/><D7/><U26/><E114/><V8/><F12/><W104/><G104/><T81/><D42/><U127/><E26/><V70/><F70/><W16/><REACH who="3" step="1"/><G77/><REACH who="3" ten="227,236,373,154" step="2"/><T38/><D107/><U40/><E40/><V102/><F103/><W106/><G106/><T125/><D125/><N who="1" m="48203" /><E79/><V30/><F102/><W135/><G135/><T6/><D38/><U5/><E5/><V4/><F91/><W25/><G25/><T80/><D6/><U45/><AGARI ba="1,1" hai="18,20,24,45,49,53,76,78" m="48203,42059" machi="45" ten="30,6000,0" yaku="10,1,18,1,52,1" doraHai="19" who="1" fromWho="1" sc="227,-21,236,73,373,-21,154,-21" /><INIT seed="5,2,0,5,1,70" ten="206,309,352,133" oya="1" hai0="10,131,39,125,74,44,59,15,117,30,77,86,56" hai1="122,7,116,76,113,115,75,109,85,64,5,29,110" hai2="97,58,26,102,82,83,43,108,118,105,106,121,25" hai3="3,36,35,0,38,92,114,101,16,88,107,9,129"/><U94/><E75/><V84/><F121/><W11/><G35/><T31/><D117/><U120/><E64/><V133/><F118/><W123/><G123/><N who="1" m="47146" /><E29/><V4/><F108/><N who="1" m="41577" /><E94/><V1/><F43/><W2/><G107/><T40/><D131/><U24/><E85/><V130/><F133/><W14/><G101/><T27/><D125/><U135/><E76/><V34/><F130/><W18/><G129/><T104/><D104/><U73/><E73/><V66/><F106/><W95/><G114/><N who="1" m="43530" /><E135/><V99/><F99/><W48/><G48/><T50/><D74/><U20/><E20/><V33/><F83/><W45/><G95/><T98/><D98/><U78/><E78/><V103/><F103/><W79/><G79/><T55/><D77/><U134/><E134/><V22/><F84/><W37/><G45/><T100/><D86/><U23/><E23/><V61/><F82/><W124/><G124/><T119/><D100/><U41/><E24/><V53/><F25/><W13/><G92/><T8/><D31/><U28/><E28/><V63/><F22/><W89/><AGARI ba="2,0" hai="0,2,3,9,11,13,14,16,18,36,37,38,88,89" machi="89" ten="40,12000,2" yaku="0,1,9,1,52,3,54,2" doraHai="70" who="3" fromWho="3" sc="206,-32,309,-62,352,-32,133,126" /><INIT seed="6,0,0,3,2,52" ten="174,247,320,259" oya="2" hai0="18,7,27,48,135,74,22,21,81,83,13,116,80" hai1="53,89,87,93,112,57,67,61,41,50,98,133,73" hai2="105,15,30,127,102,28,49,128,131,88,43,8,66" hai3="75,70,69,10,124,38,106,107,60,90,11,46,110"/><V39/><F39/><W35/><G110/><T71/><D135/><U76/><E133/><V58/><F102/><W132/><G35/><T99/><D116/><U118/><E112/><V72/><F72/><W95/><G132/><T78/><D71/><U26/><E118/><V109/><F105/><W6/><G75/><T29/><D7/><U94/><E41/><V119/><F119/><W12/><G124/><T2/><D2/><U104/><E104/><V55/><F43/><W0/><G70/><T32/><D32/><U77/><E26/><V97/><F66/><W51/><G38/><T129/><D129/><N who="2" m="49738" /><F127/><W114/><G106/><T14/><D14/><U63/><E73/><V33/><F33/><W123/><G107/><T9/><D22/><U85/><E63/><V91/><F109/><W59/><G69/><T103/><REACH who="0" step="1"/><D48/><REACH who="0" ten="164,247,320,259" step="2"/><U62/><E62/><V31/><F97/><W16/><G60/><T44/><D44/><U34/><E34/><V65/><F65/><W134/><G46/><T108/><D108/><U1/><E1/><V111/><F111/><W121/><G134/><T126/><D126/><U45/><REACH who="1" step="1"/><E85/><REACH who="1" ten="164,237,320,259" step="2"/><V42/><F42/><W86/><G0/><T23/><D23/><U3/><E3/><V101/><F49/><W120/><G51/><T68/><D68/><U113/><E113/><V19/><F55/><W82/><G114/><T84/><D84/><U20/><E20/><V125/><F125/><W96/><G86/><T115/><D115/><U47/><E47/><V92/><F8/><W17/><G11/><T36/><D36/><U56/><E56/><RYUUKYOKU ba="0,2" sc="164,15,237,15,320,-15,259,-15" hai0="9,13,18,21,27,29,74,78,80,81,83,99,103" hai1="45,50,53,57,61,67,76,77,87,89,93,94,98" /><INIT seed="7,1,2,4,1,15" ten="179,252,305,244" oya="3" hai0="133,66,123,45,72,51,118,29,39,112,42,100,93" hai1="82,130,21,59,8,41,103,131,67,12,114,3,30" hai2="110,87,80,36,64,20,81,76,109,94,62,24,99" hai3="135,117,19,26,106,125,28,25,31,46,69,89,48"/><W98/><G117/><T105/><D118/><U14/><E114/><V132/><F36/><W74/><G69/><T71/><D123/><U54/><E67/><V1/><F1/><W32/><G74/><T129/><D133/><U23/><E41/><V9/><F9/><W27/><G125/><T104/><D72/><U120/><E120/><V116/><F132/><W91/><G135/><T61/><D112/><U6/><E103/><N who="2" m="60919" /><F81/><W96/><G106/><T121/><D121/><U113/><E113/><V73/><F73/><W119/><G119/><T111/><D111/><U84/><E30/><N who="2" m="17671" /><F116/><W126/><G126/><T35/><D129/><N who="1" m="49163" /><E3/><V60/><F60/><W52/><G96/><T95/><D39/><U97/><E97/><V11/><F11/><W22/><REACH who="3" step="1"/><G98/><REACH who="3" ten="179,252,305,234" step="2"/><N who="0" m="61463" /><D105/><U92/><E92/><V70/><F110/><W101/><G101/><T55/><D93/><U50/><E12/><V65/><F109/><W7/><G7/><T88/><D95/><U122/><E122/><V86/><F86/><W79/><G79/><AGARI ba="1,3" hai="6,8,14,21,23,50,54,59,79,82,84" m="49163" machi="79" ten="30,1000,0" yaku="19,1" doraHai="15" who="1" fromWho="3" sc="179,0,252,43,305,0,234,-13" owari="179,-32.0,295,10.0,305,40.0,221,-18.0" /></mjloggm>