<mjloggm ver="2.3"><GO type="169" lobby="0"/><UN n0="%E3%82%A2%E3%82%AB%E2%98%86%E3%82%A6%E3%83%BC%E3%83%94%E3%83%B3" n1="%74%61%72%6F%6F" n2="%6E%61%6E%6E%61%6E%79%61" n3="%74%6E%66%73%68%32%30%34" dan="17,18,16,17" rate="2179.74,2156.71,2094.51,2158.67" sx="M,M,M,M"/><TAIKYOKU oya="0"/><INIT seed="0,0,0,1,3,54" ten="250,250,250,250" oya="0" hai0="105,64,68,48,110,87,80,27,12,39,15,133,5" hai1="6,107,46,108,81,106,42,117,62,116,51,130,33" hai2="135,26,53,123,37,30,19,28,74,76,17,34,99" hai3="49,118,57,125,115,121,58,88,35,84,98,43,129"/><T71/><D39/><U77/><E33/><V25/><F123/><W24/><G118/><T78/><D110/><U52/><E130/><V72/><F37/><W50/><G115/><T122/><D122/><U82/><E108/><V91/><F135/><W56/><G121/><T40/><D105/><U134/><E134/><V32/><F76/><W92/><G129/><T124/><D124/><U86/><E6/><V11/><F11/><W20/><G125/><T18/><D133/><U119/><E62/><V10/><F10/><W101/><G43/><T7/><D27/><U94/><E94/><V23/><F53/><W60/><G60/><T104/><D104/><U45/><REACH who="1" step="1"/><E81/><REACH who="1" ten="250,240,250,250" step="2"/><V47/><F32/><W73/><G35/><T4/><D4/><U67/><E67/><V109/><F109/><W113/><G113/><T114/><D5/><U9/><E9/><V111/><F111/><W59/><N who="3" m="14848" /><DORA hai="100" /><W75/><G73/><T55/><D7/><U38/><AGARI ba="0,1" hai="38,42,45,46,51,52,77,82,86,106,107,116,117,119" machi="38" ten="30,12000,2" yaku="1,1,0,1,52,2,54,1,53,2" doraHai="54,100" doraHaiUra="0,41" who="1" fromWho="1" sc="250,-60,240,130,250,-30,250,-30" /><INIT seed="1,0,0,1,5,48" ten="190,370,220,220" oya="1" hai0="84,104,71,79,62,66,107,53,58,40,82,11,45" hai1="50,96,49,133,14,132,20,110,37,76,135,28,25" hai2="87,34,65,60,39,126,32,123,119,46,54,129,64" hai3="77,55,113,36,101,8,59,128,4,42,131,125,13"/><U122/><E37/><V9/><F119/><W98/><G113/><T6/><D71/><U88/><E122/><V57/><F123/><W89/><G125/><T15/><REACH who="0" step="1"/><D66/><REACH who="0" ten="180,370,220,220" step="2"/><U127/><E127/><V23/><F126/><W121/><G121/><T44/><D44/><U86/><E110/><V0/><F65/><W73/><G128/><T97/><D97/><U41/><E96/><V120/><F129/><W69/><G131/><T108/><D108/><U35/><E76/><V47/><F120/><W18/><G69/><T17/><D17/><N who="1" m="10295" /><E41/><V74/><F64/><W90/><G18/><T67/><D67/><U75/><E75/><V134/><F74/><W3/><G77/><T22/><D22/><U94/><AGARI ba="0,1" hai="25,28,35,49,50,86,88,94,132,133,135" m="10295" machi="94" ten="30,3000,0" yaku="20,1,54,1" doraHai="48" who="1" fromWho="1" sc="180,-10,370,40,220,-10,220,-10" /><INIT seed="1,1,0,5,2,5" ten="170,410,210,210" oya="1" hai0="83,69,89,73,1,15,61,120,9,25,74,124,41" hai1="78,70,32,19,75,13,8,66,18,67,22,33,93" hai2="28,116,133,54,103,112,57,64,94,21,62,72,37" hai3="82,80,6,14,128,12,40,129,3,34,105,121,125"/><U108/><E108/><V60/><F116/><W65/><G121/><T50/><D124/><U81/><E93/><V131/><F133/><W20/><G34/><T0/><D120/><U59/><E70/><V96/><F131/><N who="3" m="50251" /><G125/><T95/><D25/><U135/><E135/><V46/><F72/><W113/><G113/><T115/><D115/><U87/><E75/><V24/><F112/><W53/><G65/><T134/><D134/><U77/><E77/><V91/><F37/><W16/><G40/><T101/><D101/><U99/><E99/><V119/><F119/><W26/><G53/><T23/><D23/><U85/><E85/><V68/><F46/><W90/><G105/><T7/><D61/><U29/><E29/><V88/><AGARI ba="1,0" hai="21,24,28,54,57,60,62,64,68,88,91,94,96,103" machi="88" ten="30,2000,0" yaku="0,1,54,1" doraHai="5" who="2" fromWho="2" sc="170,-6,410,-11,210,23,210,-6" /><INIT seed="2,0,0,5,4,28" ten="164,399,233,204" oya="2" hai0="83,31,114,52,43,22,12,14,35,109,87,131,117" hai1="99,78,123,102,11,94,122,124,68,73,41,33,118" hai2="104,127,15,24,72,92,105,71,110,27,62,98,126" hai3="113,16,20,54,40,51,0,2,1,30,47,32,21"/><V125/><F72/><W79/><G113/><T75/><D114/><U59/><E68/><V8/><F71/><W10/><G79/><T56/><D75/><U91/><E118/><V69/><F69/><W6/><G21/><T66/><D109/><U111/><E111/><V81/><F62/><W76/><G76/><T4/><D131/><U89/><E41/><V53/><F53/><W132/><G132/><T135/><D66/><U97/><E33/><V45/><F45/><W17/><G40/><T120/><D120/><N who="1" m="46123" /><E11/><V37/><F81/><W101/><G101/><T18/><D135/><U7/><E7/><N who="2" m="3487" /><F37/><W46/><G46/><T42/><D117/><U9/><E9/><V29/><F110/><W121/><G121/><T60/><D12/><U86/><E59/><V84/><F84/><W70/><G70/><T100/><D100/><N who="1" m="60471" /><E124/><V65/><F65/><W119/><G119/><T85/><D85/><U103/><E73/><V134/><F134/><W107/><G0/><T63/><D4/><U95/><E103/><N who="2" m="60871" /><F27/><W23/><G1/><T25/><REACH who="0" step="1"/><D63/><REACH who="0" ten="154,399,233,204" step="2"/><U36/><E36/><V48/><F126/><W82/><G2/><T38/><D38/><U50/><E50/><V39/><F48/><W58/><G51/><T64/><D64/><U90/><E78/><AGARI ba="0,1" hai="14,18,22,25,31,35,42,43,52,56,60,78,83,87" machi="78" ten="30,8000,1" yaku="1,1,7,1,52,1,54,1,53,1" doraHai="28" doraHaiUra="26" who="0" fromWho="1" sc="154,90,399,-80,233,0,204,0" /><INIT seed="3,0,0,3,0,118" ten="244,319,233,204" oya="3" hai0="59,57,17,76,55,20,12,128,37,15,18,13,31" hai1="78,38,130,92,115,107,22,98,71,41,34,61,46" hai2="89,42,105,132,64,24,99,27,63,77,85,93,47" hai3="114,19,102,120,67,79,10,51,2,49,127,6,110"/><W23/><G114/><T8/><D37/><U48/><E115/><V121/><F132/><W45/><G120/><T43/><D128/><U126/><E34/><V50/><F121/><W100/><G127/><T39/><D76/><U40/><E126/><V84/><F105/><W96/><G110/><T86/><D39/><U11/><E107/><V131/><F131/><W103/><G67/><T60/><D43/><U70/><E130/><V29/><F77/><W35/><G35/><T101/><D101/><U9/><E78/><V16/><F24/><W1/><G2/><T87/><D31/><U30/><E61/><V91/><F91/><W52/><G51/><T90/><D90/><U112/><E112/><V125/><F125/><W28/><G28/><T32/><D32/><U25/><E38/><V56/><F29/><W83/><G96/><T74/><D74/><U88/><REACH who="1" step="1"/><E40/><REACH who="1" ten="244,309,233,204" step="2"/><V68/><F68/><AGARI ba="0,1" hai="9,11,22,25,30,41,46,48,68,70,71,88,92,98" machi="68" ten="40,8000,1" yaku="1,1,2,1,54,1,53,1" doraHai="118" doraHaiUra="44" who="1" fromWho="2" sc="244,0,309,90,233,-80,204,0" /><INIT seed="4,0,0,1,2,3" ten="244,399,153,204" oya="0" hai0="103,107,81,12,41,116,75,132,89,86,105,73,100" hai1="21,108,79,97,22,49,33,121,62,101,2,104,88" hai2="40,0,65,35,111,68,61,17,112,74,13,93,4" hai3="92,30,42,76,37,51,90,15,115,67,55,20,9"/><T57/><D41/><U106/><E33/><V131/><F111/><W16/><G115/><T87/><D57/><U11/><E108/><V84/><F74/><N who="0" m="28170" /><D116/><U31/><E79/><V69/><F112/><W58/><G76/><N who="0" m="46375" /><D132/><U44/><E106/><N who="0" m="40457" /><D12/><U78/><E78/><V91/><F35/><W125/><G125/><T53/><D53/><U59/><E121/><V54/><F40/><W29/><G67/><T127/><D127/><U82/><E31/><V32/><F32/><W43/><G37/><T70/><D70/><U39/><E39/><V85/><F54/><W50/><G42/><T46/><D46/><U34/><E34/><V38/><F38/><W96/><G20/><T126/><D126/><U124/><E124/><V48/><F48/><W14/><G14/><T36/><D36/><U113/><E113/><V119/><F69/><W7/><G50/><T83/><AGARI ba="0,0" hai="83,87,89,100,103" m="40457,46375,28170" machi="83" ten="30,12000,1" yaku="35,5" doraHai="3" who="0" fromWho="0" sc="244,120,399,-40,153,-40,204,-40" /><INIT seed="4,1,0,5,5,49" ten="364,359,113,164" oya="0" hai0="31,54,58,28,133,45,78,123,61,50,127,130,56" hai1="59,40,43,108,33,63,132,62,23,97,111,66,38" hai2="37,125,100,101,114,115,113,82,53,48,25,91,29" hai3="85,39,8,116,24,103,122,87,81,92,7,86,19"/><T55/><D123/><U4/><E33/><V27/><F37/><W131/><G116/><T0/><D0/><U110/><E4/><V107/><F125/><W88/><G39/><T21/><D130/><U6/><E6/><V11/><F11/><W135/><G131/><T65/><D133/><U80/><E132/><V134/><F134/><W42/><G42/><T104/><D104/><U93/><E38/><V70/><F70/><W30/><G122/><T72/><D127/><U89/><E23/><V5/><F5/><W99/><G19/><T117/><D117/><U15/><E15/><V90/><F27/><W1/><REACH who="3" step="1"/><G135/><REACH who="3" ten="364,359,113,154" step="2"/><T75/><D28/><U109/><E109/><V124/><F124/><W36/><G36/><T46/><D31/><U60/><E110/><V18/><F18/><W121/><G121/><T112/><D112/><U105/><E111/><V17/><F17/><W79/><G79/><T84/><D78/><U68/><E108/><V98/><F29/><W14/><G14/><T2/><D2/><U16/><E16/><V94/><F25/><W12/><G12/><T74/><D21/><AGARI ba="1,1" hai="1,7,8,21,24,30,81,85,86,87,88,92,99,103" machi="21" ten="30,3900,0" yaku="1,1,7,1,54,1,53,0" doraHai="49" doraHaiUra="106" who="3" fromWho="0" sc="364,-42,359,0,113,0,154,52" /><INIT seed="5,0,0,1,4,70" ten="322,359,113,206" oya="1" hai0="13,52,65,73,114,80,84,79,25,2,55,109,75" hai1="49,26,122,43,124,57,69,31,3,81,86,77,130" hai2="78,101,91,85,24,64,102,42,89,16,18,6,132" hai3="90,21,63,112,92,111,36,51,123,4,87,41,37"/><U8/><E69/><V134/><F64/><W68/><G111/><T56/><D2/><U120/><E124/><V38/><F6/><W30/><G123/><T88/><D109/><U131/><E3/><V54/><F54/><N who="0" m="20522" /><D73/><U44/><E8/><V27/><F85/><W133/><G4/><T47/><D75/><U61/><E57/><V94/><F94/><W125/><G133/><T17/><D47/><U53/><E61/><V117/><F42/><W96/><G112/><T82/><D114/><U119/><E53/><V11/><F11/><W50/><G41/><T32/><D32/><U15/><E15/><V97/><F97/><W7/><G7/><T59/><D25/><U10/><E10/><V5/><F5/><W23/><G125/><T106/><D106/><U113/><E113/><V35/><F35/><W28/><G21/><N who="0" m="11439" /><D80/><U95/><E119/><V12/><F12/><W105/><G23/><T60/><D59/><U121/><E95/><V14/><F14/><W100/><G28/><T58/><D56/><U108/><E108/><V104/><F104/><W127/><G30/><T19/><D19/><U20/><AGARI ba="0,0" hai="20,26,31,43,44,49,77,81,86,120,121,122,130,131" machi="20" ten="40,2100,0" yaku="0,1" doraHai="70" who="1" fromWho="1" sc="322,-7,359,21,113,-7,206,-7" /><INIT seed="5,1,0,4,1,4" ten="315,380,106,199" oya="1" hai0="107,127,35,0,27,80,111,121,53,101,93,26,114" hai1="59,71,129,69,102,115,130,123,25,87,65,94,60" hai2="66,108,57,64,122,40,110,100,131,5,38,96,67" hai3="90,105,11,43,135,118,15,119,92,126,128,20,58"/><U86/><E123/><V83/><F122/><W24/><G105/><T85/><D0/><U16/><E115/><V8/><F131/><N who="1" m="50185" /><E102/><V125/><F125/><W73/><G128/><T12/><D35/><U133/><E133/><V45/><F57/><W44/><G135/><T52/><D12/><U54/><E94/><V97/><F83/><W9/><G15/><T117/><D26/><U88/><E54/><V124/><F124/><W113/><G58/><T6/><D27/><U48/><E48/><V37/><F37/><N who="3" m="21615" /><G73/><T63/><D53/><U36/><E36/><V120/><F120/><W55/><G55/><T2/><D52/><N who="1" m="33895" /><E87/><V82/><F82/><W98/><G126/><T81/><D85/><U91/><E65/><V31/><F31/><N who="3" m="17799" /><G113/><T1/><D114/><U106/><E106/><V7/><F7/><W42/><G42/><T62/><D107/><U18/><E25/><V22/><F97/><W49/><G49/><T104/><D104/><U39/><E39/><V84/><F84/><W23/><G23/><T10/><D121/><U79/><E79/><V50/><F38/><W72/><G72/><T46/><D127/><U132/><E132/><V68/><F68/><N who="1" m="26185" /><E86/><V30/><F96/><W34/><G34/><T17/><D93/><U70/><E70/><V28/><F100/><W75/><G75/><T29/><D101/><U112/><E112/><V109/><REACH who="2" step="1"/><F22/><REACH who="2" ten="315,380,96,199" step="2"/><W13/><G98/><T74/><D81/><U33/><E33/><V61/><F61/><W134/><G134/><T47/><D80/><U21/><E21/><V51/><F51/><W77/><G77/><RYUUKYOKU ba="1,1" sc="315,-15,380,15,96,15,199,-15" hai1="16,18,88,91" hai2="5,8,28,30,40,45,50,64,66,67,108,109,110" /><INIT seed="5,2,1,3,1,21" ten="300,395,111,184" oya="1" hai0="122,109,52,5,54,61,47,105,68,39,63,32,70" hai1="83,115,133,111,119,97,27,46,90,17,75,99,50" hai2="23,64,120,28,77,13,53,11,107,117,72,81,102" hai3="103,78,36,100,15,41,85,118,101,113,44,57,48"/><U93/><E119/><V110/><F117/><W96/><G118/><T3/><D105/><U91/><E111/><V121/><F110/><W127/><G113/><T129/><D109/><U112/><E133/><V74/><F72/><W87/><G127/><T51/><D5/><U67/><E67/><V2/><F2/><W20/><G96/><T89/><D32/><U69/><E69/><N who="0" m="26729" /><D3/><U42/><E75/><V35/><F35/><W37/><G57/><N who="0" m="34999" /><D89/><U98/><E83/><V114/><F64/><W9/><G20/><T45/><D129/><U26/><E17/><V34/><F114/><N who="1" m="43561" /><E91/><V14/><F34/><W135/><G135/><T134/><D122/><U92/><E92/><V29/><F102/><W71/><G71/><T31/><D134/><U4/><E4/><V80/><F107/><W128/><G128/><T104/><D31/><U25/><AGARI ba="2,1" hai="25,26,27,42,46,50,90,93,97,98,99" m="43561" machi="25" ten="30,11700,0" yaku="15,1,52,3" doraHai="21" who="1" fromWho="1" sc="300,-41,395,133,111,-41,184,-41" /><INIT seed="5,3,0,5,5,77" ten="259,528,70,143" oya="1" hai0="71,30,40,28,66,21,47,125,115,41,16,24,74" hai1="110,25,31,116,124,49,62,73,45,81,20,88,129" hai2="84,93,34,76,59,117,85,118,19,121,14,100,4" hai3="37,12,42,38,91,63,65,0,58,18,99,86,56"/><U90/><E116/><V114/><F121/><W82/><G0/><T128/><D74/><U107/><E107/><V2/><F34/><W103/><G42/><T132/><D115/><U1/><E1/><V70/><F70/><W22/><REACH who="3" step="1"/><G58/><REACH who="3" ten="259,528,70,133" step="2"/><T67/><D41/><U6/><E110/><V75/><F59/><W87/><G87/><T7/><D40/><U61/><E73/><V68/><F75/><W94/><AGARI ba="3,1" hai="12,18,22,37,38,56,63,65,82,86,91,94,99,103" machi="94" ten="20,8000,1" yaku="1,1,0,1,7,1,52,1,53,1" doraHai="77" doraHaiUra="60" who="3" fromWho="3" sc="259,-23,528,-43,70,-23,133,99" /><INIT seed="6,0,0,3,4,128" ten="236,485,47,232" oya="2" hai0="25,26,20,111,68,53,9,54,47,17,133,123,86" hai1="36,31,43,24,125,23,41,29,110,19,122,109,51" hai2="106,56,75,62,67,117,33,102,49,13,105,46,95" hai3="116,69,14,132,99,81,104,3,101,130,73,115,83"/><V96/><F75/><W120/><RYUUKYOKU type="yao9" ba="0,0" sc="236,0,485,0,47,0,232,0" hai3="3,14,69,73,81,83,99,101,104,115,116,120,130,132" /><INIT seed="6,1,0,1,3,65" ten="236,485,47,232" oya="2" hai0="121,119,64,1,44,103,19,77,13,29,97,45,50" hai1="31,92,107,117,78,86,25,118,51,104,62,54,93" hai2="129,81,47,76,94,27,20,33,49,132,43,42,102" hai3="125,35,122,24,114,109,98,53,3,26,82,96,111"/><V63/><F33/><W23/><G122/><T79/><D1/><U124/><E124/><V40/><F129/><W22/><G125/><T133/><D133/><U75/><E62/><V36/><F132/><W68/><G82/><T15/><D119/><U32/><E104/><V0/><F0/><W88/><G3/><T126/><D121/><U37/><E107/><V66/><F36/><W91/><G114/><T48/><D29/><U67/><E67/><V135/><F135/><W58/><G58/><T28/><D28/><U21/><E37/><V7/><F7/><W105/><G105/><T115/><D64/><U80/><E92/><V120/><F120/><W11/><G11/><N who="0" m="6591" /><D15/><U30/><E30/><N who="2" m="17767" /><F81/><W60/><G60/><T116/><D115/><U101/><E32/><V90/><F76/><W69/><G53/><N who="0" m="29831" /><D116/><U56/><E75/><V38/><F102/><W2/><G2/><T134/><D126/><U71/><E118/><V70/><F38/><W112/><G112/><T74/><D74/><U123/><E117/><V17/><F17/><W87/><G35/><T131/><D131/><U84/><E123/><V127/><F127/><W106/><G106/><N who="0" m="63855" /><D134/><U10/><E101/><V108/><F108/><W4/><G4/><T39/><D39/><U95/><E95/><V52/><F94/><W18/><G18/><T100/><D100/><U55/><E93/><V61/><F61/><W5/><G5/><T89/><D89/><U12/><E84/><AGARI ba="1,0" hai="22,23,24,26,68,69,84,87,88,91,96,98,109,111" machi="84" ten="25,8000,1" yaku="22,2,52,2,54,1" doraHai="65" who="3" fromWho="1" sc="236,0,485,-83,47,0,232,83" /><INIT seed="7,0,0,3,1,27" ten="236,402,47,315" oya="3" hai0="6,127,116,21,65,114,57,62,63,37,89,74,131" hai1="130,3,78,17,119,102,93,97,25,115,10,11,5" hai2="90,58,133,117,73,29,107,7,51,126,36,40,105" hai3="68,69,20,70,39,88,46,8,18,99,120,66,26"/><W125/><G120/><T94/><D116/><U106/><E119/><V135/><F117/><W128/><G128/><T35/><D74/><U84/><E130/><V4/><F73/><W56/><G125/><T53/><D35/><U109/><E109/><V19/><F126/><W95/><G8/><T14/><D37/><U110/><E110/><V13/><F36/><W54/><G66/><T38/><D38/><U122/><E122/><V76/><F51/><W101/><G101/><T85/><D114/><U31/><E115/><V55/><F13/><W12/><G12/><T15/><D131/><U92/><E11/><V59/><F19/><W71/><G71/><T22/><D127/><U134/><E17/><V111/><F111/><W50/><REACH who="3" step="1"/><G39/><REACH who="3" ten="236,402,47,305" step="2"/><T72/><D14/><U108/><E108/><V83/><F4/><W44/><AGARI ba="0,1" hai="18,20,26,44,46,50,54,56,68,69,70,88,95,99" machi="44" ten="40,12000,1" yaku="1,1,2,1,0,1,54,1,53,1" doraHai="27" doraHaiUra="86" who="3" fromWho="3" sc="236,-40,402,-40,47,-40,305,130" owari="196,-20.0,362,16.0,7,-49.0,435,53.0" /></mjloggm>