<mjloggm ver="2.3"><GO type="169" lobby="0"/><UN n0="%7A%6F%75%7A%6F%75" n1="%E3%81%82%E3%81%84%E3%81%82%E3%81%8A%E3%81%84" n2="%E3%83%81%E3%83%AD%E3%83%AD%E8%BB%8D%E6%9B%B9" n3="%68%61%79%61%74%6F%E2%98%86" dan="16,19,17,17" rate="2095.35,2267.32,2170.97,2180.37" sx="M,M,F,M"/><TAIKYOKU oya="0"/><INIT seed="0,0,0,3,0,88" ten="250,250,250,250" oya="0" hai0="133,130,52,124,71,15,116,57,2,118,41,70,127" hai1="106,111,68,12,94,92,56,135,74,39,3,126,54" hai2="90,120,20,128,80,76,108,0,21,19,42,48,82" hai3="107,13,46,1,47,30,100,32,78,75,98,93,114"/><T14/><D2/><U11/><E68/><N who="0" m="26153" /><D41/><U103/><E74/><V53/><F0/><W8/><G1/><T26/><D26/><U123/><E39/><V29/><F120/><W83/><G114/><T119/><D133/><U60/><E123/><V132/><F42/><W72/><G72/><T109/><D130/><U131/><E3/><V112/><F112/><W81/><G81/><T45/><D45/><U31/><E31/><V36/><F36/><W59/><G59/><T117/><D117/><U110/><E135/><V55/><F132/><W102/><G102/><T22/><D22/><U33/><E33/><V49/><F90/><W25/><REACH who="3" step="1"/><G107/><REACH who="3" ten="250,250,250,240" step="2"/><T18/><D119/><U64/><E131/><V95/><F128/><W27/><G27/><T28/><D118/><U91/><E64/><V4/><F76/><W89/><G89/><T65/><D116/><U44/><E91/><V129/><F129/><W61/><G61/><T34/><D65/><U84/><E44/><V104/><F104/><W6/><AGARI ba="0,1" hai="6,8,13,25,30,32,46,47,75,78,83,93,98,100" machi="6" ten="20,8000,1" yaku="1,1,0,1,7,1,52,1,53,1" doraHai="88" doraHaiUra="79" who="3" fromWho="3" sc="250,-40,250,-20,250,-20,240,90" /><INIT seed="1,0,0,2,4,123" ten="210,230,230,330" oya="1" hai0="94,79,49,13,112,9,85,76,5,125,104,47,10" hai1="28,8,6,83,41,4,32,95,18,69,26,36,88" hai2="78,31,91,113,62,120,15,117,102,29,105,20,37" hai3="118,17,108,34,134,63,121,110,124,56,35,48,50"/><U129/><E69/><V23/><F37/><W111/><G121/><T126/><D112/><U74/><E129/><V132/><F120/><W71/><G118/><T54/><D104/><U14/><E36/><V100/><F117/><W77/><G71/><T103/><D10/><U53/><E41/><V73/><F132/><W87/><G124/><T82/><REACH who="0" step="1"/><D79/><REACH who="0" ten="200,230,230,330" step="2"/><U40/><E40/><V133/><F105/><W38/><G134/><T127/><D127/><U60/><E53/><V2/><F78/><W86/><G38/><T89/><D89/><U58/><E83/><V98/><F91/><W135/><G135/><T90/><D90/><U44/><E44/><V101/><F113/><W39/><G39/><T24/><D24/><U52/><REACH who="1" step="1"/><E74/><REACH who="1" ten="200,220,230,330" step="2"/><V96/><F73/><W25/><G77/><T114/><D114/><U109/><E109/><V7/><F133/><W115/><G115/><T46/><D46/><U33/><E33/><V116/><F116/><W42/><G35/><T122/><D122/><U75/><E75/><V128/><F128/><W43/><G34/><T72/><D72/><U130/><E130/><V93/><F101/><W106/><G42/><T22/><D22/><U67/><E67/><V59/><F23/><N who="3" m="13551" /><G43/><T66/><D66/><U45/><E45/><V1/><F100/><W65/><G106/><T119/><D119/><U81/><E81/><V57/><F102/><W3/><G111/><T55/><D55/><U0/><E0/><V27/><F2/><W51/><G3/><T131/><D131/><U99/><AGARI ba="0,2" hai="4,6,8,14,18,26,28,32,52,58,60,88,95,99" machi="99" ten="20,18000,2" yaku="1,1,0,1,7,1,54,2,53,1" doraHai="123" doraHaiUra="30" who="1" fromWho="1" sc="200,-60,220,200,230,-60,330,-60" /><INIT seed="1,1,0,2,4,80" ten="140,420,170,270" oya="1" hai0="26,23,37,25,5,2,117,1,15,19,71,44,108" hai1="124,47,127,48,9,24,17,98,60,67,8,112,91" hai2="122,84,61,40,11,34,114,69,109,89,129,104,115" hai3="31,4,12,57,123,113,103,125,16,14,66,77,93"/><U76/><E112/><V59/><F69/><W102/><G123/><T83/><D71/><U68/><E76/><V13/><F34/><W96/><G113/><N who="2" m="43017" /><F104/><W70/><G70/><T6/><D83/><U63/><E63/><V54/><F40/><W116/><G125/><N who="1" m="48202" /><E98/><V33/><F33/><W134/><G134/><T10/><D44/><U101/><E101/><V62/><F109/><W82/><G31/><N who="0" m="17855" /><D37/><U118/><E118/><V73/><F73/><W53/><G66/><T90/><D90/><U75/><E75/><V110/><F110/><W7/><G12/><N who="0" m="5199" /><D117/><U42/><E91/><V121/><F129/><W107/><G103/><T111/><D111/><U45/><E45/><V52/><F61/><N who="3" m="36015" /><G107/><T30/><D108/><U58/><E68/><V28/><F28/><W35/><G35/><N who="0" m="20951" /><D6/><U74/><E74/><V100/><F100/><W46/><G46/><T72/><D72/><U99/><E99/><V64/><F54/><W27/><G116/><T65/><D65/><U88/><E88/><V56/><F56/><W55/><G55/><T32/><D32/><U78/><E78/><V132/><F64/><W133/><G133/><T3/><D3/><U130/><E130/><V95/><F132/><W38/><G38/><T131/><D131/><U85/><E58/><V106/><F106/><W94/><G77/><T126/><D126/><U128/><E60/><V81/><F81/><W18/><G82/><T87/><D87/><U39/><E128/><V79/><F79/><W120/><G102/><T97/><D97/><U50/><E67/><V92/><F92/><W105/><G94/><RYUUKYOKU ba="1,0" sc="140,15,420,-15,170,15,270,-15" hai0="1,2,15,19" hai2="11,13,52,59,62,84,89,95,121,122" /><INIT seed="2,2,0,0,4,122" ten="155,405,185,255" oya="2" hai0="30,114,67,7,133,78,74,11,82,29,119,124,21" hai1="41,94,61,98,111,19,40,50,22,95,43,9,18" hai2="28,57,38,104,131,52,55,110,1,121,33,45,17" hai3="49,12,64,73,0,87,5,79,69,108,59,14,63"/><V36/><F1/><W75/><G0/><T125/><D114/><U72/><E72/><V80/><F104/><W130/><G130/><T53/><D133/><U109/><E50/><V6/><F6/><W105/><G105/><T85/><D119/><U44/><E44/><V42/><F121/><W118/><G118/><T96/><D67/><U3/><E61/><V112/><F112/><W100/><G100/><T129/><D129/><U23/><E9/><V77/><F131/><W89/><G79/><T54/><D74/><U26/><E3/><V8/><F38/><W2/><G2/><N who="0" m="503" /><D96/><U39/><E39/><V126/><F126/><N who="0" m="48746" /><D21/><U103/><REACH who="1" step="1"/><E95/><REACH who="1" ten="155,395,185,255" step="2"/><V83/><F36/><W48/><G73/><T81/><D81/><U60/><E60/><V106/><F80/><W107/><G63/><T46/><D46/><U15/><AGARI ba="2,1" hai="15,18,19,22,23,26,40,41,43,94,98,103,109,111" machi="15" ten="30,7900,0" yaku="1,1,0,1,52,2,53,0" doraHai="122" doraHaiUra="4" who="1" fromWho="1" sc="155,-22,395,95,185,-41,255,-22" /><INIT seed="3,0,0,4,0,36" ten="133,490,144,233" oya="3" hai0="30,20,5,107,82,61,124,21,127,29,67,85,130" hai1="48,0,27,70,76,86,104,109,44,112,92,47,94" hai2="111,2,54,17,100,66,95,37,64,71,25,11,57" hai3="78,32,74,122,87,105,45,101,73,84,113,39,16"/><W55/><G122/><T65/><D107/><U13/><E0/><V40/><F111/><W98/><G32/><T116/><D116/><U62/><E104/><V134/><F134/><W26/><G113/><T52/><D130/><U120/><E109/><V88/><F100/><W96/><G55/><T97/><D97/><U119/><E112/><V60/><F66/><N who="0" m="25098" /><D5/><U93/><E120/><V22/><F11/><W135/><G135/><T114/><D114/><U99/><E70/><V1/><F37/><W79/><G26/><T38/><D38/><U91/><E62/><V128/><F40/><W108/><G108/><T77/><D124/><U117/><E13/><V4/><F4/><W68/><G68/><T106/><D106/><U56/><E27/><V102/><F102/><W6/><G6/><T9/><D9/><U69/><E69/><V110/><F128/><W35/><G35/><T28/><D127/><U123/><E123/><V90/><F110/><W33/><G33/><T132/><D132/><U10/><E10/><V53/><F53/><W24/><G24/><T18/><D18/><U75/><E75/><V14/><F25/><W43/><G16/><T51/><D61/><U42/><E117/><V103/><F103/><N who="3" m="62695" /><G73/><T89/><D77/><N who="3" m="29193" /><G74/><T80/><D80/><N who="1" m="47367" /><E119/><V8/><F8/><W31/><G31/><N who="0" m="7939" /><T126/><DORA hai="46" /><D126/><U131/><E131/><V121/><F121/><W23/><G23/><T50/><D52/><N who="1" m="31751" /><E47/><V83/><F83/><W12/><G12/><T59/><D59/><U7/><E7/><V129/><F129/><W41/><G41/><T63/><D63/><RYUUKYOKU ba="0,0" sc="133,10,490,10,144,-30,233,10" hai0="20,21,50,51,82,85,89" hai1="42,44,91,92,93,94,99" hai3="39,43,45,84,87,98,101" /><INIT seed="3,1,0,3,3,87" ten="143,500,114,243" oya="3" hai0="109,2,4,41,102,27,25,67,118,69,22,16,23" hai1="19,74,113,120,35,61,80,34,85,82,79,1,30" hai2="121,47,37,88,127,77,100,42,95,51,31,124,75" hai3="38,86,106,125,49,50,17,65,103,13,132,96,24"/><W110/><G38/><T12/><D118/><U104/><E104/><V133/><F31/><W92/><G125/><T40/><D109/><U56/><E1/><V60/><F100/><W114/><G114/><T20/><D2/><U44/><E113/><V90/><F133/><W116/><G116/><T78/><D69/><U135/><E120/><V126/><F95/><W28/><G132/><T72/><D72/><U48/><E19/><V63/><F121/><W105/><G110/><T131/><D131/><U10/><E10/><V73/><F37/><W58/><G106/><T119/><D119/><U33/><E30/><V112/><F112/><W129/><G129/><T83/><D102/><U55/><E135/><V36/><F36/><W52/><G65/><T5/><D67/><U11/><E11/><V94/><F94/><W8/><G86/><N who="0" m="48503" /><D23/><U117/><E117/><V101/><F101/><W45/><G105/><T71/><D71/><U26/><E26/><N who="0" m="9737" /><D22/><U53/><E34/><V81/><F75/><W122/><G122/><T91/><D91/><AGARI ba="1,0" hai="33,35,44,48,53,55,56,61,74,79,80,82,85,91" machi="91" ten="30,2000,0" yaku="7,1,52,1" doraHai="87" who="1" fromWho="0" sc="143,-23,500,23,114,0,243,0" /><AGARI ba="1,0" hai="42,47,51,60,63,73,77,81,88,90,91,124,126,127" machi="91" ten="40,8000,1" yaku="18,1,52,3,54,1" doraHai="87" who="2" fromWho="0" sc="120,-80,523,0,114,80,243,0" /><INIT seed="4,0,0,5,2,72" ten="40,523,194,243" oya="0" hai0="115,107,19,32,30,112,100,51,95,33,69,63,23" hai1="75,4,130,12,44,55,68,92,78,82,41,57,39" hai2="93,21,46,81,74,59,3,113,77,98,14,94,26" hai3="84,45,31,85,124,102,76,52,24,25,49,43,103"/><T13/><D95/><U118/><E130/><V58/><F3/><W135/><G124/><T105/><D51/><U66/><E118/><V83/><F113/><N who="0" m="43594" /><D63/><U106/><E106/><N who="0" m="40457" /><D100/><N who="3" m="38441" /><G135/><T127/><D127/><U20/><E92/><V128/><F128/><W0/><G0/><T89/><D69/><U48/><E20/><V65/><F14/><W34/><G34/><N who="0" m="13419" /><D30/><U111/><E12/><V90/><F46/><W8/><G8/><T122/><D89/><U133/><E4/><V40/><F40/><W56/><G31/><T134/><D134/><U22/><E133/><V104/><F104/><W91/><G91/><T2/><D2/><U36/><E22/><V86/><F65/><W67/><G67/><T15/><D122/><U119/><E66/><V64/><F64/><W120/><G120/><T96/><D96/><U37/><E68/><V18/><REACH who="2" step="1"/><F94/><REACH who="2" ten="40,523,184,243" step="2"/><W9/><G45/><T50/><D50/><U132/><E48/><V27/><F27/><AGARI ba="0,1" hai="13,15,19,23,27" m="13419,40457,43594" machi="27" ten="40,2000,0" yaku="15,1" doraHai="72" who="0" fromWho="2" sc="40,30,523,0,184,-20,243,0" /><INIT seed="4,1,0,5,1,88" ten="70,523,164,243" oya="0" hai0="98,134,45,130,74,114,117,75,46,90,127,122,23" hai1="37,42,66,82,89,91,24,67,94,102,77,84,32" hai2="2,86,112,59,48,10,16,95,78,5,52,29,38" hai3="0,6,11,58,60,96,41,4,51,40,22,92,120"/><T115/><D122/><U31/><E102/><V15/><F38/><W105/><G105/><T135/><D117/><U109/><E109/><V83/><F112/><N who="0" m="43050" /><D127/><U26/><E26/><V62/><F29/><W17/><G120/><T124/><D124/><U129/><E129/><V19/><F2/><W118/><G51/><T70/><D70/><U56/><E56/><N who="2" m="32775" /><F95/><W80/><G80/><T27/><D130/><U93/><E42/><V100/><F100/><W79/><G79/><T21/><D98/><U28/><E37/><V99/><F99/><W125/><G118/><T36/><D90/><U54/><E54/><AGARI ba="1,0" hai="5,10,15,16,19,54,59,62,78,83,86" m="32775" machi="54" ten="30,3900,0" yaku="8,1,54,2" doraHai="88" who="2" fromWho="1" sc="70,0,523,-42,164,42,243,0" /><INIT seed="5,0,0,2,4,105" ten="70,481,206,243" oya="1" hai0="40,88,14,20,104,13,103,11,7,73,9,135,100" hai1="41,81,130,77,111,31,62,134,15,107,52,110,125" hai2="53,63,91,25,75,72,19,115,42,8,51,129,37" hai3="36,80,119,76,92,55,16,2,78,65,96,126,124"/><U123/><E107/><V74/><F129/><W18/><G36/><T49/><D104/><U30/><E123/><V120/><F120/><W0/><G65/><T26/><D135/><U66/><E41/><V47/><F115/><W108/><G119/><T84/><D73/><U12/><E134/><V82/><F63/><W1/><G108/><N who="1" m="41514" /><E125/><N who="3" m="48234" /><G55/><T83/><D49/><U33/><E130/><V70/><F70/><W87/><G78/><T121/><D40/><U10/><E33/><V112/><F112/><W90/><AGARI ba="0,0" hai="0,1,2,16,18,76,80,87,90,92,96" m="48234" machi="90" ten="40,2700,0" yaku="18,1,54,1" doraHai="105" who="3" fromWho="3" sc="70,-7,481,-13,206,-7,243,27" /><INIT seed="6,0,0,1,2,15" ten="63,468,199,270" oya="2" hai0="72,54,58,135,97,9,52,103,132,101,133,0,91" hai1="86,109,24,23,41,85,92,25,42,102,84,94,10" hai2="104,98,131,1,99,112,120,127,83,87,49,121,29" hai3="2,124,38,37,55,65,119,30,8,6,57,78,95"/><V59/><F1/><W64/><G119/><T21/><D72/><U68/><E68/><V79/><F29/><W39/><G78/><T61/><D0/><U106/><E106/><V18/><F112/><W43/><G124/><T111/><D111/><U80/><E109/><V76/><F131/><W33/><G43/><N who="1" m="16394" /><E80/><V16/><F127/><W44/><G44/><T93/><D9/><U14/><E102/><V130/><F130/><W34/><G95/><N who="1" m="36394" /><E23/><V62/><F49/><W75/><G75/><T56/><REACH who="0" step="1"/><D21/><REACH who="0" ten="53,468,199,270" step="2"/><U50/><E50/><AGARI ba="0,1" hai="50,52,54,56,58,61,91,93,97,101,103,132,133,135" machi="50" ten="40,8000,1" yaku="1,1,2,1,20,1,54,1,53,0" doraHai="15" doraHaiUra="31" who="0" fromWho="1" sc="53,90,468,-80,199,0,270,0" /><INIT seed="7,0,0,5,2,53" ten="143,388,199,270" oya="3" hai0="61,64,38,54,87,102,91,110,6,18,42,17,130" hai1="108,7,21,99,71,25,121,75,104,14,88,92,118" hai2="32,36,33,72,126,49,70,37,67,40,4,112,77" hai3="94,85,135,106,82,129,60,113,107,22,56,35,10"/><W46/><G113/><T93/><D110/><U68/><E75/><V116/><F116/><W128/><G35/><T0/><D130/><N who="3" m="50281" /><G94/><T80/><D38/><U47/><E108/><V2/><F49/><W51/><G135/><T16/><D42/><U132/><E121/><V124/><F112/><W31/><G10/><T13/><D0/><U66/><E66/><V45/><F37/><W115/><G115/><T95/><D54/><U79/><E79/><V29/><F29/><W26/><G85/><T30/><D30/><U122/><E122/><V89/><F89/><W55/><G82/><T86/><D102/><U12/><E132/><V1/><F124/><W24/><G24/><T131/><D131/><U28/><E104/><V59/><F126/><W120/><G120/><T43/><D43/><AGARI ba="0,0" hai="22,26,31,43,46,51,55,56,60,106,107" m="50281" machi="43" ten="30,2900,0" yaku="19,1,52,1" doraHai="53" who="3" fromWho="0" sc="143,-29,388,0,199,0,270,29" /><INIT seed="7,1,0,2,0,29" ten="114,388,199,299" oya="3" hai0="11,56,94,95,1,21,88,13,31,57,110,135,121" hai1="69,37,93,111,108,47,130,105,119,84,99,91,127" hai2="77,45,126,78,65,52,39,71,124,75,41,106,100" hai3="14,49,74,72,97,0,116,28,132,42,134,60,10"/><W8/><G28/><T118/><D110/><U35/><E69/><V16/><F75/><W50/><G116/><T23/><D118/><U22/><E119/><V73/><F73/><W40/><G60/><T64/><D135/><U32/><E37/><V59/><F100/><W81/><G14/><T6/><D1/><U113/><E47/><V33/><F106/><W15/><G15/><T25/><D121/><U125/><E113/><V44/><F44/><W89/><G81/><T114/><D114/><U101/><E22/><V98/><F98/><W19/><G19/><T5/><D5/><U90/><E130/><V66/><F33/><N who="1" m="12873" /><E91/><V43/><F43/><W122/><G89/><T7/><D23/><U107/><E105/><V123/><F123/><W48/><G97/><T34/><D7/><U103/><E103/><V96/><F96/><W128/><G49/><T133/><D133/><U17/><E17/><V9/><F78/><W67/><G67/><T61/><D57/><U24/><E24/><V115/><F77/><W76/><G76/><T62/><D62/><U82/><E107/><V92/><F92/><W2/><REACH who="3" step="1"/><G128/><REACH who="3" ten="114,388,199,289" step="2"/><T4/><D4/><U36/><E36/><N who="2" m="21671" /><F66/><W12/><G12/><T104/><D104/><U85/><E85/><V68/><F39/><W53/><G53/><T102/><D102/><U3/><E3/><V46/><F65/><W112/><G112/><T30/><REACH who="0" step="1"/><D88/><REACH who="0" ten="104,388,199,289" step="2"/><U63/><E63/><N who="2" m="36327" /><F68/><W54/><G54/><T20/><D20/><U109/><E111/><V79/><F71/><W26/><G26/><T70/><D70/><U86/><E86/><RYUUKYOKU ba="1,2" sc="104,10,388,10,199,-30,289,10" hai0="6,11,13,21,25,30,31,34,56,61,64,94,95" hai1="82,84,90,93,99,101,108,109,125,127" hai3="0,2,8,10,40,42,48,50,72,74,122,132,134" /><INIT seed="7,2,2,4,5,104" ten="114,398,169,299" oya="3" hai0="26,98,62,70,3,28,42,116,106,101,117,105,40" hai1="123,112,10,108,39,97,0,37,115,60,44,127,21" hai2="126,11,52,128,88,102,73,87,77,82,133,93,130" hai3="64,15,125,78,38,18,113,85,47,14,1,32,94"/><W111/><G1/><T61/><D3/><U56/><E108/><V53/><F126/><W2/><G2/><T45/><D62/><U103/><E123/><V49/><F133/><W33/><G125/><T69/><D105/><U72/><E72/><V132/><F132/><W114/><G64/><T119/><D42/><U8/><E127/><V29/><F29/><W54/><G111/><T66/><D69/><U81/><E81/><V50/><F11/><N who="1" m="4137" /><E21/><V96/><F50/><N who="3" m="29023" /><G38/><T24/><D24/><U22/><E22/><V57/><REACH who="2" step="1"/><F53/><REACH who="2" ten="114,398,159,299" step="2"/><W84/><G114/><T48/><REACH who="0" step="1"/><D119/><REACH who="0" ten="104,398,159,299" step="2"/><U86/><E112/><V131/><F131/><W118/><G113/><T121/><D121/><U19/><E115/><V34/><F34/><AGARI ba="2,4" hai="26,28,34,40,45,48,61,66,70,98,101,106,116,117" machi="34" ten="30,7700,0" yaku="1,1,7,1,25,2,53,0" doraHai="104" doraHaiUra="129" who="0" fromWho="2" sc="104,123,398,0,159,-83,299,0" owari="227,-17.0,398,49.0,76,-42.0,299,10.0" /></mjloggm>