<mjloggm ver="2.3"><GO type="169" lobby="0"/><UN n0="%33%33%62%6C%61%63%6B" n1="%6E%69%6A%69" n2="%62%6F%6F%6B%6B%65%65%70" n3="%73%61%77%6C%79" dan="16,17,16,17" rate="2071.96,2186.62,2117.18,2220.35" sx="M,M,M,M"/><TAIKYOKU oya="0"/><INIT seed="0,0,0,2,4,111" ten="250,250,250,250" oya="0" hai0="92,32,110,112,45,89,40,125,5,59,98,13,52" hai1="71,6,81,134,68,33,85,48,132,23,47,18,133" hai2="67,82,11,66,120,126,8,115,124,60,117,78,87" hai3="122,61,80,77,108,25,56,15,116,43,106,119,49"/><T127/><D32/><U94/><E94/><V29/><F120/><W16/><G106/><T63/><D110/><U35/><E6/><V121/><F115/><W51/><G108/><T26/><D112/><U21/><E33/><V103/><F121/><W44/><G122/><T107/><D107/><U76/><E35/><V74/><F29/><W54/><G25/><T9/><REACH who="0" step="1"/><D26/><REACH who="0" ten="240,250,250,250" step="2"/><N who="1" m="14647" /><E23/><V12/><F124/><W96/><G119/><T100/><D100/><U79/><E79/><V83/><F103/><W75/><G116/><T0/><D0/><U131/><E131/><V129/><F129/><W101/><G101/><T58/><D58/><U19/><E19/><V28/><F117/><W73/><G73/><T104/><D104/><U86/><E86/><V36/><F126/><W114/><G114/><T38/><AGARI ba="0,1" hai="5,9,13,38,40,45,52,59,63,89,92,98,125,127" machi="38" ten="30,6000,0" yaku="1,1,0,1,54,1,53,0" doraHai="111" doraHaiUra="102" who="0" fromWho="0" sc="240,70,250,-20,250,-20,250,-20" /><INIT seed="0,1,0,0,0,27" ten="310,230,230,230" oya="0" hai0="40,37,84,75,107,104,113,39,105,100,50,2,116" hai1="115,78,22,90,99,106,123,114,21,63,131,67,11" hai2="53,17,89,65,32,7,1,112,126,28,56,110,3" hai3="93,35,101,127,23,133,125,25,34,26,31,58,77"/><T73/><D113/><N who="1" m="43019" /><E123/><V12/><F112/><W74/><G74/><T72/><D116/><U108/><E108/><V86/><F65/><W121/><G121/><T47/><D84/><U92/><E131/><V117/><F110/><W135/><G77/><T4/><REACH who="0" step="1"/><D100/><REACH who="0" ten="300,230,230,230" step="2"/><N who="1" m="62751" /><E78/><V10/><F117/><W124/><G101/><T70/><D70/><N who="1" m="42367" /><E11/><AGARI ba="1,1" hai="2,4,11,37,39,40,47,50,72,73,75,104,105,107" machi="11" ten="50,2400,0" yaku="1,1,53,0" doraHai="27" doraHaiUra="83" who="0" fromWho="1" sc="300,37,230,-27,230,0,230,0" /><INIT seed="0,2,0,2,4,68" ten="337,203,230,230" oya="0" hai0="118,63,6,20,24,100,46,94,77,87,32,41,33" hai1="117,111,89,72,28,86,119,17,11,129,75,78,47" hai2="123,43,62,30,130,98,120,85,8,50,59,116,12" hai3="95,126,27,14,19,54,35,76,133,128,40,110,69"/><T80/><D118/><U10/><E28/><V121/><F116/><W21/><G110/><T103/><D63/><U37/><E111/><V15/><F130/><W5/><G69/><T45/><D6/><U44/><E129/><V74/><F74/><W13/><G128/><T93/><D33/><U67/><E67/><V26/><F85/><W92/><G35/><T88/><D32/><U4/><E17/><V38/><F98/><W1/><G133/><T83/><D80/><U104/><E104/><V91/><F91/><W18/><G126/><T48/><D46/><U79/><E86/><V0/><F0/><W42/><G76/><T81/><D81/><U112/><E89/><V106/><F106/><W73/><G73/><T66/><D66/><U101/><E4/><V84/><F84/><W127/><G127/><T108/><D108/><U16/><E16/><V51/><F26/><W105/><G105/><T90/><D90/><U65/><E65/><V109/><F30/><W132/><G132/><T49/><D49/><BYE who="0" /><N who="2" m="18442" /><F109/><W115/><G115/><T3/><D3/><U114/><E101/><UN n0="%33%33%62%6C%61%63%6B" /><V25/><F25/><W22/><G1/><T99/><D93/><U64/><E64/><N who="2" m="39007" /><F8/><W134/><G134/><T113/><D113/><U58/><E58/><V70/><F70/><W36/><G5/><T96/><D96/><U23/><E23/><V60/><F60/><W52/><G27/><T9/><D9/><U97/><E97/><V56/><F56/><W71/><G71/><T31/><AGARI ba="2,0" hai="20,24,31,41,45,48,77,83,87,88,94,99,100,103" machi="31" ten="20,7800,0" yaku="0,1,7,1,8,1,54,1" doraHai="68" who="0" fromWho="0" sc="337,84,203,-28,230,-28,230,-28" /><INIT seed="0,3,0,0,2,104" ten="421,175,202,202" oya="0" hai0="100,18,69,11,96,128,84,80,21,54,118,89,111" hai1="64,50,56,107,126,91,127,117,102,75,14,46,19" hai2="79,44,116,133,20,82,51,66,10,42,55,22,129" hai3="97,119,130,131,135,48,25,26,61,101,78,8,90"/><T33/><D33/><U86/><E117/><V17/><F129/><W27/><G119/><T106/><D118/><U134/><E134/><V32/><F133/><W12/><G135/><T58/><D69/><U30/><E30/><V0/><F116/><W52/><G78/><T29/><D128/><N who="3" m="49193" /><G61/><T41/><D41/><U49/><E102/><V24/><F66/><W6/><G90/><T28/><D11/><U85/><E107/><V93/><F93/><N who="3" m="58543" /><G26/><T71/><D71/><U113/><E91/><V9/><F0/><W98/><G98/><T34/><D34/><U53/><E64/><V109/><F32/><W15/><G15/><T63/><D111/><U94/><E113/><V112/><F109/><W37/><G37/><T1/><D1/><U92/><E85/><V115/><F112/><W68/><G68/><T132/><D132/><U122/><E86/><V31/><F115/><W67/><G67/><T123/><D123/><U114/><E122/><V121/><F121/><W23/><G23/><T43/><D43/><N who="1" m="24799" /><E114/><V99/><F99/><W124/><G124/><N who="1" m="47658" /><E75/><V5/><F42/><W62/><G62/><T38/><D38/><U105/><E105/><V36/><F36/><W65/><G65/><T39/><D39/><U47/><E56/><AGARI ba="3,0" hai="6,8,12,25,27,48,52,56" m="58543,49193" machi="56" ten="30,2000,0" yaku="19,1,54,1" doraHai="104" who="3" fromWho="1" sc="421,0,175,-29,202,0,202,29" /><INIT seed="1,0,0,3,2,35" ten="421,146,202,231" oya="1" hai0="0,135,74,72,17,52,36,64,28,66,121,84,79" hai1="14,126,131,38,24,22,57,134,61,18,69,97,118" hai2="124,90,91,67,44,93,27,110,87,99,46,41,129" hai3="23,107,12,81,78,73,25,19,56,4,101,39,43"/><U31/><E118/><V80/><F110/><W127/><G127/><T86/><D36/><U15/><E38/><V108/><F108/><W112/><G112/><T85/><D28/><U63/><E69/><V115/><F124/><W117/><G117/><T37/><D37/><U42/><E126/><V47/><F115/><W83/><G107/><T113/><D113/><U105/><E131/><V116/><F129/><W51/><G101/><T70/><D70/><U119/><E119/><V89/><F116/><W53/><G81/><T114/><D114/><U30/><E134/><V76/><F67/><W59/><G39/><T132/><D121/><U130/><E42/><V120/><F120/><W77/><G77/><T21/><D0/><U58/><E130/><V125/><F125/><W94/><G43/><T98/><D98/><U9/><E97/><V82/><F41/><W106/><G106/><T111/><D111/><U49/><E49/><V55/><F55/><W8/><G94/><T102/><D102/><U13/><E105/><V20/><F80/><W109/><G109/><T5/><D79/><U133/><E133/><N who="0" m="51273" /><D5/><U104/><E104/><V122/><F122/><W6/><REACH who="3" step="1"/><G59/><REACH who="3" ten="421,146,202,221" step="2"/><T75/><D75/><U68/><E68/><V1/><F93/><W33/><G33/><T95/><D74/><U123/><E123/><V34/><F34/><W48/><G48/><T71/><D95/><U10/><E57/><V62/><F82/><W65/><G65/><T32/><D66/><N who="1" m="39223" /><E63/><V26/><F62/><W2/><G2/><T29/><D64/><U40/><E40/><V92/><F1/><RYUUKYOKU ba="0,1" sc="421,-15,146,15,202,-15,221,15" hai1="9,10,13,14,15,18,22,24,30,31" hai3="4,6,8,12,19,23,25,51,53,56,73,78,83" /><INIT seed="1,1,1,4,4,97" ten="406,161,187,236" oya="1" hai0="122,125,94,72,31,14,50,67,61,2,40,53,56" hai1="114,77,104,36,118,107,13,64,17,90,69,0,46" hai2="120,51,7,26,126,37,132,103,112,71,55,27,68" hai3="63,108,127,74,29,34,49,6,10,32,83,58,85"/><U18/><E0/><V133/><F37/><W113/><G113/><T78/><D2/><U92/><E77/><V45/><F120/><W79/><G108/><T11/><D31/><U16/><E114/><V70/><F112/><W35/><G127/><T82/><D125/><U1/><E1/><V89/><F126/><W20/><G49/><T8/><D122/><U96/><E118/><V102/><F7/><W110/><G110/><T111/><D111/><U91/><E13/><V93/><F26/><W121/><G121/><T42/><D94/><U116/><E116/><V128/><F27/><W105/><G105/><T39/><D39/><U131/><E131/><V38/><F38/><W100/><G100/><T101/><D101/><U134/><E134/><N who="2" m="51819" /><F128/><W84/><G20/><T88/><D88/><U117/><E117/><V106/><F106/><W115/><G115/><T87/><D72/><U22/><E91/><V5/><F5/><W109/><G29/><T81/><D81/><U57/><E22/><V52/><F55/><W59/><G109/><T95/><D95/><U48/><E36/><V66/><F66/><W44/><G44/><N who="0" m="27847" /><D8/><U76/><E76/><V60/><F60/><W43/><G43/><T65/><D65/><U73/><E107/><V98/><AGARI ba="1,1" hai="45,51,52,68,70,71,89,93,98,102,103" m="51819" machi="98" ten="40,8000,1" yaku="20,1,52,2,54,1" doraHai="97" who="2" fromWho="2" sc="406,-21,161,-41,187,93,236,-21" /><INIT seed="2,0,0,3,4,121" ten="385,120,280,215" oya="2" hai0="122,132,18,87,41,52,119,53,36,115,14,116,94" hai1="48,69,47,90,99,54,124,59,129,135,80,43,4" hai2="81,77,92,68,7,13,107,65,74,20,84,120,91" hai3="39,24,131,35,102,49,83,9,38,114,113,62,86"/><V8/><F120/><W104/><G131/><T1/><D122/><U6/><E69/><V67/><F68/><W70/><G102/><T21/><D115/><N who="3" m="44041" /><G104/><T110/><D1/><U46/><E129/><V103/><REACH who="2" step="1"/><F20/><REACH who="2" ten="385,120,270,215" step="2"/><W37/><G70/><T108/><D132/><U64/><E135/><V117/><F117/><N who="0" m="45130" /><D36/><U23/><E23/><V45/><F45/><W40/><G39/><T5/><D41/><U28/><E124/><V0/><F0/><W22/><G38/><T12/><D5/><U11/><E46/><V25/><F25/><W15/><G37/><T127/><D14/><U134/><E134/><V51/><F51/><W79/><G49/><T27/><D12/><U31/><E4/><V130/><F130/><W42/><G22/><T76/><D127/><U34/><E6/><V82/><F82/><W16/><G83/><N who="0" m="47591" /><D94/><U88/><E48/><V75/><F75/><W44/><G44/><T78/><D78/><U32/><E47/><V126/><F126/><W61/><G24/><T29/><D29/><U85/><E31/><V133/><F133/><W72/><G72/><T2/><D2/><U98/><E28/><V109/><F109/><AGARI ba="0,1" hai="18,21,27,52,53,108,109,110" m="47591,45130" machi="109" ten="30,12000,2" yaku="14,1,12,1,52,3,54,1" doraHai="121" who="0" fromWho="2" sc="385,130,120,0,270,-120,215,0" /><INIT seed="3,0,0,0,2,16" ten="515,120,150,215" oya="3" hai0="121,88,92,81,5,32,95,24,120,93,53,86,13" hai1="12,49,33,114,29,125,48,45,73,119,101,123,41" hai2="127,129,22,28,66,56,50,3,83,1,130,109,40" hai3="118,96,99,27,124,54,26,35,106,71,132,55,116"/><W108/><G71/><T72/><D72/><U52/><E73/><V104/><F104/><W97/><G124/><T61/><D32/><U84/><E123/><V91/><F127/><W98/><G132/><T30/><D30/><U63/><E125/><V17/><F28/><W80/><G108/><T79/><D24/><U105/><E114/><V38/><F109/><W78/><G106/><T85/><D121/><U65/><E119/><V126/><F126/><W128/><G128/><N who="2" m="49257" /><F38/><W62/><G35/><T6/><D120/><U42/><E12/><N who="2" m="9511" /><F40/><W100/><G100/><T117/><D117/><U67/><E84/><N who="2" m="50591" /><F66/><W59/><G55/><AGARI ba="0,0" hai="1,3,50,55,56" m="50591,9511,49257" machi="55" ten="30,2000,0" yaku="19,1,52,1" doraHai="16" who="2" fromWho="3" sc="515,0,120,0,150,20,215,-20" /><INIT seed="4,0,0,4,2,70" ten="515,120,170,195" oya="0" hai0="112,120,79,59,92,50,118,85,58,1,123,71,125" hai1="9,53,54,111,108,11,135,133,80,109,15,5,2" hai2="124,88,8,126,86,7,83,20,51,81,45,127,122" hai3="26,110,38,55,25,56,39,65,49,100,94,99,129"/><T119/><D71/><U17/><REACH who="1" step="1"/><E80/><REACH who="1" ten="515,110,170,195" step="2"/><N who="2" m="49223" /><F122/><W10/><G110/><T91/><D120/><U48/><E48/><V128/><F128/><W72/><G129/><T61/><D50/><U68/><E68/><V57/><F57/><W106/><G49/><T98/><D58/><U37/><E37/><V78/><F78/><W95/><G56/><T34/><D59/><U35/><E35/><V113/><F113/><W121/><G39/><T44/><D112/><U4/><E4/><V115/><F115/><W18/><G38/><T93/><D79/><U30/><E30/><V103/><F103/><W104/><G100/><T19/><D123/><U97/><E97/><V22/><F81/><W77/><G99/><T73/><D98/><U31/><E31/><V16/><F83/><W76/><G77/><T52/><D34/><U29/><E29/><V67/><F67/><W87/><G76/><T33/><D33/><U107/><E107/><V116/><F116/><W131/><G121/><T21/><D119/><U28/><E28/><V41/><F16/><W102/><G131/><T14/><D19/><U74/><E74/><V13/><AGARI ba="0,1" hai="7,8,13,20,22,41,45,51,124,126,127" m="49223" machi="13" ten="30,2000,0" yaku="18,1,54,1" doraHai="70" who="2" fromWho="2" sc="515,-10,110,-5,170,30,195,-5" /><INIT seed="5,0,0,1,1,86" ten="505,105,200,190" oya="1" hai0="22,71,15,107,41,87,96,75,65,106,81,33,63" hai1="42,25,93,70,20,126,55,69,64,10,54,40,30" hai2="60,29,113,135,105,98,83,16,118,6,66,85,4" hai3="92,3,94,5,111,79,101,121,119,114,108,26,125"/><U91/><E126/><V38/><F118/><W11/><G125/><T127/><D75/><U43/><E10/><V95/><F105/><W99/><G121/><T36/><D33/><U14/><E14/><V46/><F29/><W8/><G119/><T133/><D133/><U58/><E64/><V37/><F135/><W52/><G114/><T80/><D127/><U57/><E57/><V45/><F113/><W73/><G73/><T9/><D22/><U128/><E128/><V17/><F38/><W109/><G79/><T61/><D61/><U117/><E117/><V59/><F37/><W123/><G123/><T35/><D41/><U122/><E122/><V19/><F85/><W120/><G120/><T112/><D15/><U132/><E132/><V100/><F83/><W0/><G26/><T2/><D9/><U124/><E124/><V53/><F66/><W7/><G52/><T89/><D63/><U115/><E115/><V116/><F116/><W32/><G32/><T134/><D65/><U1/><E1/><V88/><F100/><W68/><G68/><T84/><D71/><U24/><E24/><V76/><F76/><W18/><G18/><T97/><D2/><U48/><REACH who="1" step="1"/><E54/><REACH who="1" ten="505,95,200,190" step="2"/><V51/><F60/><W49/><G109/><T74/><D112/><U129/><E129/><V56/><F56/><W131/><G131/><T67/><D134/><U31/><E31/><V28/><F28/><W90/><G108/><T50/><D67/><U13/><E13/><V44/><AGARI ba="0,1" hai="4,6,16,17,19,44,45,46,51,53,59,88,95,98" machi="44" ten="30,8000,1" yaku="0,1,8,1,52,1,54,2" doraHai="86" who="2" fromWho="2" sc="505,-20,95,-40,200,90,190,-20" /><INIT seed="6,0,0,4,1,28" ten="485,55,290,170" oya="2" hai0="30,68,39,86,127,89,43,107,24,84,125,9,12" hai1="72,10,130,123,80,60,79,75,97,20,119,103,13" hai2="19,70,33,82,67,133,61,99,25,126,105,129,128" hai3="73,131,5,48,49,6,57,109,85,111,4,102,96"/><V117/><F117/><W42/><G73/><T59/><D68/><U35/><E119/><V27/><F126/><N who="0" m="48138" /><D107/><U104/><E130/><V83/><F133/><W76/><G131/><N who="2" m="50249" /><F19/><W90/><G76/><T120/><D59/><U0/><E123/><V134/><F134/><W94/><G42/><T8/><D120/><U63/><E72/><V7/><F7/><W37/><G37/><T118/><D118/><U40/><E20/><V29/><F25/><W53/><REACH who="3" step="1"/><G49/><REACH who="3" ten="485,55,290,160" step="2"/><T101/><D43/><U23/><E23/><V45/><F45/><W108/><G108/><T78/><D39/><U81/><E81/><AGARI ba="0,1" hai="4,5,6,48,53,57,81,85,90,94,96,102,109,111" machi="81" ten="40,1300,0" yaku="1,1,53,0" doraHai="28" doraHaiUra="56" who="3" fromWho="1" sc="485,0,55,-13,290,0,160,23" /><INIT seed="7,0,0,3,2,35" ten="485,42,290,183" oya="3" hai0="110,79,54,1,120,74,0,21,104,123,85,29,38" hai1="9,115,76,56,5,112,39,119,108,43,61,37,134" hai2="63,125,57,23,81,78,34,47,122,13,66,71,133" hai3="8,45,14,135,27,49,111,25,99,94,28,80,10"/><W106/><G135/><T121/><D54/><U40/><E134/><V51/><F34/><W127/><G127/><T11/><D85/><U58/><E108/><V88/><F133/><W92/><G111/><T96/><D21/><U117/><E76/><V22/><F125/><W86/><G106/><T95/><D95/><U130/><E9/><V24/><F122/><W31/><G10/><T6/><D29/><U32/><E5/><V84/><F71/><W129/><G129/><T67/><D67/><U72/><E32/><V103/><F103/><W60/><G60/><T46/><D110/><U124/><E72/><V131/><F131/><W77/><G28/><T33/><D33/><U65/><E124/><V97/><F13/><W70/><G70/><T107/><D96/><U83/><E83/><V116/><F116/><W100/><G92/><T62/><D62/><U128/><REACH who="1" step="1"/><E61/><REACH who="1" ten="485,32,290,183" step="2"/><V30/><F78/><W17/><G77/><T16/><D46/><U89/><E89/><V2/><F88/><W114/><G80/><T75/><D16/><U18/><E18/><V91/><F81/><W52/><G31/><T44/><D0/><U113/><E113/><V50/><F30/><W102/><G114/><T82/><D74/><U69/><E69/><V132/><F132/><W93/><G100/><T101/><D101/><U105/><E105/><V26/><F63/><W12/><G102/><T42/><AGARI ba="0,1" hai="1,6,11,38,42,44,75,79,82,104,107,120,121,123" machi="42" ten="40,12000,2" yaku="0,1,25,2,23,2,52,1" doraHai="35" who="0" fromWho="0" sc="485,130,32,-30,290,-30,183,-60" owari="615,72.0,2,-50.0,260,6.0,123,-28.0" /></mjloggm>