<mjloggm ver="2.3"><GO type="169" lobby="0"/><UN n0="%74%61%72%6F%6F" n1="%64%6F%6E%63%68%61%6E%33" n2="%E3%81%A4%E3%81%B0%E3%81%8D%E3%81%A1%30%33" n3="%E3%82%A8%E3%82%B9%E3%83%86%E3%83%BC" dan="18,16,17,17" rate="2159.92,2031.38,2150.07,2150.20" sx="M,M,M,F"/><TAIKYOKU oya="0"/><INIT seed="0,0,0,1,3,76" ten="250,250,250,250" oya="0" hai0="84,60,47,5,28,73,11,121,134,81,82,68,135" hai1="44,96,75,104,17,119,69,125,3,41,32,14,72" hai2="95,26,78,118,59,37,30,97,110,116,8,114,67" hai3="29,45,20,122,98,108,106,15,79,63,16,83,43"/><T102/><D121/><U80/><E119/><N who="2" m="45611" /><F114/><W12/><G122/><T2/><D102/><U24/><E69/><V66/><F37/><W54/><G108/><T111/><D111/><U87/><E3/><V65/><F78/><W38/><G29/><T56/><D68/><U36/><E125/><V103/><F8/><W113/><G113/><T123/><D123/><U40/><E40/><V86/><F86/><W31/><G31/><T89/><D28/><U70/><E70/><V112/><F112/><W9/><G98/><T77/><REACH who="0" step="1"/><D47/><REACH who="0" ten="240,250,250,250" step="2"/><U35/><E44/><V120/><F120/><W64/><G45/><T33/><D33/><U71/><E35/><N who="2" m="20951" /><F110/><W105/><G105/><T1/><D1/><U74/><E32/><V51/><F51/><W85/><G106/><T93/><D93/><U62/><E104/><V61/><AGARI ba="0,1" hai="59,61,65,66,67,95,97,103" m="20951,45611" machi="61" ten="30,1100,0" yaku="12,1" doraHai="76" who="2" fromWho="2" sc="240,-5,250,-3,250,21,250,-3" /><INIT seed="1,0,0,1,4,5" ten="235,247,271,247" oya="1" hai0="1,84,90,120,6,18,126,104,114,29,20,75,62" hai1="102,82,96,124,131,32,53,72,24,38,89,85,46" hai2="68,80,27,71,101,51,112,109,30,97,77,118,78" hai3="76,47,130,108,93,129,37,0,21,39,105,83,91"/><U99/><E131/><N who="3" m="50186" /><G105/><T10/><D75/><U16/><E124/><V106/><F118/><W107/><G107/><T121/><D114/><U44/><E72/><V25/><F109/><W40/><G0/><T19/><D104/><U111/><E111/><V81/><F112/><W22/><G39/><T13/><D126/><U133/><E133/><V17/><F17/><W94/><G108/><T49/><D62/><U95/><E99/><V31/><F106/><W123/><G123/><N who="0" m="47179" /><D49/><N who="1" m="28839" /><E38/><V79/><F79/><W59/><G59/><T103/><D103/><U57/><E32/><V60/><F60/><W61/><G61/><T128/><D128/><U65/><E46/><V117/><F117/><W119/><G119/><T66/><D66/><U64/><E57/><V88/><F101/><W98/><G94/><N who="0" m="54599" /><D19/><U55/><E55/><V113/><F113/><W67/><G67/><T43/><D29/><U74/><E74/><AGARI ba="0,0" hai="21,22,37,40,47,74,76,83,91,93,98" m="50186" machi="74" ten="30,1000,0" yaku="19,1" doraHai="5" who="3" fromWho="1" sc="235,0,247,-10,271,0,247,10" /><INIT seed="2,0,0,3,0,21" ten="235,237,271,257" oya="2" hai0="131,92,96,64,103,28,29,53,119,58,0,5,82" hai1="123,104,61,124,54,116,8,4,99,135,42,11,94" hai2="93,125,10,70,19,63,90,106,76,111,78,41,37" hai3="73,32,20,74,48,57,120,50,26,69,117,1,18"/><V36/><F106/><W134/><G69/><T62/><D131/><U112/><E116/><V118/><F118/><W122/><G117/><T66/><D119/><U55/><E112/><V45/><F36/><W81/><G1/><T97/><D0/><U114/><E114/><V56/><F70/><W47/><G57/><T77/><D5/><U30/><E104/><V3/><F125/><W100/><G100/><T91/><D64/><U34/><E42/><V12/><F3/><W108/><G108/><T13/><D13/><U51/><E61/><V33/><F33/><W60/><G60/><T59/><D97/><U101/><E55/><V14/><F14/><W80/><G134/><T71/><D103/><U40/><E40/><V9/><F9/><W129/><G47/><T16/><D16/><U39/><E39/><V75/><F75/><W89/><G32/><T109/><D109/><U44/><E34/><V115/><F115/><W43/><G43/><T102/><D102/><U6/><E101/><V86/><REACH who="2" step="1"/><F111/><REACH who="2" ten="235,237,261,257" step="2"/><W2/><G2/><T95/><D71/><U126/><E124/><V27/><F27/><W84/><G73/><T121/><D121/><U23/><E123/><V31/><F31/><W15/><G26/><T98/><D28/><U110/><E126/><V85/><F85/><W68/><G68/><T25/><D25/><N who="1" m="16703" /><E110/><V72/><F72/><W46/><G74/><N who="0" m="43319" /><D29/><U83/><E135/><V113/><F113/><W132/><G132/><T127/><D127/><U130/><E8/><V7/><F7/><N who="1" m="2601" /><E11/><V65/><AGARI ba="0,1" hai="10,12,19,37,41,45,56,63,65,76,78,86,90,93" machi="65" ten="20,3900,0" yaku="1,1,0,1,7,1,53,0" doraHai="21" doraHaiUra="133" who="2" fromWho="2" sc="235,-13,237,-13,261,49,257,-13" /><INIT seed="2,1,0,4,0,125" ten="222,224,310,244" oya="2" hai0="85,68,67,28,29,120,50,31,17,58,96,34,124" hai1="74,4,114,94,119,47,24,76,84,92,48,43,16" hai2="12,11,0,14,103,79,41,30,75,53,63,126,121" hai3="22,95,98,100,105,97,51,20,52,23,134,118,91"/><V62/><F126/><W89/><G118/><T123/><D124/><U71/><E119/><V129/><F121/><W3/><G3/><T10/><D68/><U54/><E71/><V80/><F30/><W55/><G134/><T86/><D34/><U59/><E114/><V109/><F103/><W113/><G113/><T33/><D33/><U65/><E4/><V57/><F109/><W102/><REACH who="3" step="1"/><G55/><REACH who="3" ten="222,224,310,234" step="2"/><N who="0" m="32119" /><D123/><U60/><E74/><V49/><F129/><W131/><G131/><T36/><D120/><U2/><E2/><V115/><F115/><W40/><G40/><T108/><D108/><U64/><E43/><V72/><F72/><W117/><G117/><T21/><D67/><U127/><E65/><V35/><F41/><W38/><G38/><T13/><D36/><U32/><E127/><V44/><F0/><W66/><G66/><T42/><D42/><U93/><E32/><V45/><F35/><W6/><G6/><N who="0" m="3287" /><D96/><U130/><E130/><V112/><F112/><W73/><G73/><T61/><D61/><U37/><E37/><V77/><F63/><W56/><AGARI ba="1,1" hai="20,22,23,51,52,56,89,91,95,97,98,100,102,105" machi="56" ten="30,4000,0" yaku="1,1,0,1,54,1,53,0" doraHai="125" doraHaiUra="25" who="3" fromWho="3" sc="222,-11,224,-11,310,-21,234,53" /><INIT seed="3,0,0,3,0,134" ten="211,213,289,287" oya="3" hai0="30,70,10,7,90,54,8,22,94,38,1,20,127" hai1="109,59,12,17,83,56,68,135,53,15,84,77,29" hai2="41,14,58,3,61,129,104,89,106,118,66,42,35" hai3="19,72,97,103,91,65,73,32,86,130,16,128,117"/><W123/><G123/><T99/><D70/><U82/><E68/><V11/><F118/><W115/><G115/><T112/><D38/><U133/><E109/><V108/><F108/><W125/><G117/><T124/><D112/><U48/><E29/><V49/><F35/><W50/><G32/><T4/><D54/><U31/><E31/><V0/><F0/><W92/><G65/><T21/><REACH who="0" step="1"/><D30/><REACH who="0" ten="201,213,289,287" step="2"/><U46/><E135/><V120/><F120/><W24/><G125/><T93/><D93/><U132/><E133/><V71/><F106/><W80/><G50/><T85/><D85/><U39/><E39/><V47/><F104/><W9/><G128/><T126/><D126/><U27/><E132/><V34/><F129/><W37/><G130/><T119/><D119/><U44/><E83/><V36/><F71/><W79/><G37/><T100/><D100/><U62/><E46/><V60/><F47/><W116/><G116/><T102/><D102/><U33/><E44/><V26/><F36/><W87/><G87/><T63/><D63/><U114/><E114/><V51/><F60/><W55/><G55/><T131/><D131/><U75/><E75/><V76/><F61/><W81/><G81/><T57/><D57/><U2/><E59/><V101/><F58/><W74/><G74/><T69/><D69/><U88/><E62/><V52/><F52/><W18/><G103/><T110/><D110/><U25/><E56/><V95/><F101/><W113/><G113/><T105/><D105/><U107/><E53/><V121/><F121/><W67/><G73/><T23/><D23/><RYUUKYOKU ba="0,1" sc="201,30,213,-10,289,-10,287,-10" hai0="1,4,7,8,10,20,21,22,90,94,99,124,127" /><INIT seed="4,1,1,1,4,132" ten="231,203,279,277" oya="0" hai0="17,62,35,129,13,55,100,110,39,40,58,124,34" hai1="33,9,44,29,97,71,66,74,50,128,87,28,47" hai2="114,82,32,73,112,94,61,27,79,46,72,93,78" hai3="42,18,131,119,49,86,123,76,60,19,96,116,4"/><T120/><D120/><U121/><E74/><N who="2" m="28779" /><F61/><W21/><G131/><T107/><D129/><U77/><E128/><V108/><F46/><W109/><G123/><T31/><D110/><U75/><E71/><V130/><F108/><W45/><G109/><T5/><D5/><U41/><E66/><V53/><F53/><W126/><G4/><T24/><D107/><U25/><E75/><N who="2" m="43359" /><F79/><W2/><G2/><T37/><D35/><U38/><E29/><N who="2" m="19519" /><F130/><W127/><G96/><T70/><D70/><U95/><E9/><V135/><F135/><W92/><G60/><T125/><D100/><U103/><E121/><V134/><F134/><W63/><G63/><T111/><D111/><U14/><E14/><V36/><F36/><W48/><G48/><T101/><D101/><U99/><E77/><V30/><F30/><W10/><G10/><T84/><D84/><U65/><E65/><V57/><F57/><W118/><G18/><T0/><D0/><U90/><E103/><V16/><F16/><W11/><G11/><T133/><D133/><U64/><E64/><V56/><F56/><W115/><G115/><AGARI ba="1,1" hai="93,94,112,114,115" m="19519,43359,28779" machi="115" ten="30,1000,0" yaku="15,1" doraHai="132" who="2" fromWho="3" sc="231,0,203,0,279,23,277,-13" /><INIT seed="5,0,0,2,5,14" ten="231,203,302,264" oya="1" hai0="16,7,60,43,92,27,85,17,39,15,61,127,99" hai1="50,90,49,71,81,70,67,65,34,130,121,46,11" hai2="54,134,30,58,74,118,62,5,56,105,108,131,88" hai3="135,0,87,124,22,3,13,103,9,120,111,95,102"/><U41/><E34/><V75/><F108/><W12/><G111/><T96/><D127/><U35/><E35/><V48/><F118/><W64/><G120/><T82/><D39/><N who="1" m="21823" /><E11/><V98/><F5/><W100/><G124/><T20/><D43/><U21/><E21/><V24/><F134/><W18/><G135/><T110/><D110/><U125/><E81/><V8/><F131/><W126/><G126/><T32/><D7/><U4/><E90/><V66/><F8/><W112/><G112/><T73/><D73/><U79/><E79/><V104/><F104/><W40/><G64/><N who="1" m="24650" /><E4/><V114/><F114/><W101/><G40/><T106/><D106/><U128/><E125/><V44/><F105/><W76/><G103/><N who="0" m="60807" /><D99/><U122/><E122/><V53/><F88/><N who="3" m="53663" /><G0/><T51/><D51/><N who="1" m="19467" /><E121/><V36/><F98/><W123/><G3/><T113/><D32/><U68/><AGARI ba="0,0" hai="68,70,71,128,130" m="19467,24650,21823" machi="68" ten="40,3900,0" yaku="34,2" doraHai="14" who="1" fromWho="1" sc="231,-13,203,39,302,-13,264,-13" /><INIT seed="5,1,0,0,1,127" ten="218,242,289,251" oya="1" hai0="25,119,9,100,130,109,110,84,112,22,121,120,53" hai1="117,37,114,99,134,77,65,56,45,70,57,133,39" hai2="44,71,27,4,3,74,51,29,75,126,6,135,15" hai3="101,66,83,64,8,103,90,60,36,28,82,55,2"/><U26/><E77/><V38/><F71/><W67/><G36/><N who="1" m="13898" /><E99/><V124/><F38/><W19/><G28/><T91/><D119/><U97/><E97/><V58/><F135/><N who="1" m="51721" /><E26/><V42/><F58/><N who="1" m="22633" /><E114/><V16/><F3/><W50/><G2/><T115/><D100/><N who="3" m="38473" /><G90/><T104/><D104/><U48/><E117/><V92/><F92/><W86/><G60/><T113/><D53/><U7/><E7/><N who="2" m="2603" /><F27/><W61/><G61/><T88/><D9/><U72/><E72/><V11/><F29/><W30/><G30/><T102/><D102/><U14/><E14/><V68/><F68/><W21/><G8/><T122/><D22/><U95/><E95/><V47/><F47/><N who="3" m="28127" /><G86/><T59/><D84/><U108/><E108/><N who="0" m="41577" /><D25/><AGARI ba="1,0" hai="19,21,25,64,66,67,82,83" m="28127,38473" machi="25" ten="30,1000,0" yaku="8,1" doraHai="127" who="3" fromWho="0" sc="218,-13,242,0,289,0,251,13" /><INIT seed="6,0,0,3,1,114" ten="205,242,289,264" oya="2" hai0="88,37,125,64,96,56,111,118,21,20,89,36,122" hai1="130,74,60,54,83,113,31,51,112,42,24,6,94" hai2="128,8,52,76,117,80,104,84,30,93,16,99,27" hai3="9,19,0,10,53,71,35,124,44,15,85,134,67"/><V5/><F117/><W103/><G35/><T13/><D111/><U33/><E6/><V95/><F128/><W108/><G108/><T63/><D122/><U115/><E42/><V65/><F65/><W39/><G124/><T75/><D75/><U57/><E130/><V86/><F104/><W123/><G123/><T119/><D125/><U4/><E4/><V3/><F86/><W47/><G103/><T129/><D129/><U22/><E94/><V28/><F95/><W132/><G85/><T34/><D34/><U81/><E74/><V32/><F30/><W106/><G106/><T92/><D89/><U69/><E33/><V49/><F16/><W72/><G72/><T121/><D121/><U120/><E120/><V127/><F127/><W61/><G53/><T11/><D21/><U73/><E73/><V38/><F38/><W105/><G105/><T78/><D20/><U29/><E29/><V46/><REACH who="2" step="1"/><F93/><REACH who="2" ten="205,242,279,264" step="2"/><W126/><G39/><T98/><D98/><AGARI ba="0,1" hai="3,5,8,27,28,32,46,49,52,76,80,84,98,99" machi="98" ten="40,7700,0" yaku="1,1,2,1,54,1,53,0" doraHai="114" doraHaiUra="107" who="2" fromWho="0" sc="205,-77,242,0,279,87,264,0" /><INIT seed="6,1,0,2,2,119" ten="128,242,366,264" oya="2" hai0="5,65,78,18,59,96,62,27,40,49,127,104,33" hai1="42,76,72,36,55,97,79,46,0,19,31,85,123" hai2="114,112,14,15,9,100,41,116,129,89,13,32,51" hai3="25,44,23,50,26,75,69,28,101,94,39,108,99"/><V102/><F116/><W24/><G108/><T135/><D135/><U11/><E31/><V60/><F32/><W109/><G109/><T70/><D127/><U35/><E35/><V71/><F89/><W132/><G132/><T43/><D78/><U84/><E97/><V86/><F86/><W29/><G39/><T77/><D77/><U130/><E55/><V88/><F88/><W124/><G124/><T68/><D68/><U110/><E79/><V91/><F91/><W107/><G69/><T87/><D87/><U93/><E93/><V66/><F129/><W17/><G75/><T98/><D98/><U121/><E130/><V105/><F105/><W103/><G103/><T6/><D40/><U22/><E85/><V12/><F51/><W53/><G107/><T120/><D18/><U74/><E84/><V10/><F41/><W38/><G38/><T83/><D83/><N who="1" m="45447" /><E74/><V92/><F92/><W111/><G111/><T67/><D67/><U131/><E131/><V125/><F125/><W80/><G80/><T82/><D82/><U45/><E45/><V34/><F34/><W1/><G1/><T16/><D16/><U81/><E81/><V4/><REACH who="2" step="1"/><F10/><REACH who="2" ten="128,242,356,264" step="2"/><W48/><G48/><T115/><D43/><U126/><E126/><V122/><F122/><W117/><G117/><T21/><D120/><U73/><E110/><V63/><F63/><W134/><G134/><T58/><D49/><U20/><E73/><V37/><F37/><W8/><G8/><T133/><D133/><U56/><E123/><V106/><F106/><W2/><G50/><T52/><D104/><RYUUKYOKU ba="1,1" sc="128,-10,242,-10,356,30,264,-10" hai2="4,9,12,13,14,15,60,66,71,100,102,112,114" /><INIT seed="6,2,1,3,4,131" ten="118,232,386,254" oya="2" hai0="111,114,103,65,56,45,117,23,134,21,123,104,80" hai1="130,90,87,15,26,89,55,66,43,1,22,126,124" hai2="102,128,49,61,113,105,125,64,75,96,42,92,9" hai3="38,46,37,107,101,119,34,73,98,33,3,79,129"/><V76/><F113/><W116/><G129/><T82/><D123/><U62/><E1/><V109/><F128/><W127/><G127/><N who="1" m="48682" /><E130/><V36/><F36/><N who="3" m="13931" /><G46/><T54/><D111/><U77/><E43/><V94/><F49/><W39/><G39/><T110/><D110/><U31/><E55/><V0/><F42/><W115/><G115/><T30/><D114/><U19/><E77/><V118/><F76/><W7/><G7/><T24/><D117/><N who="3" m="45129" /><G3/><T48/><D104/><U133/><E87/><V25/><F0/><W35/><G35/><T12/><D103/><U112/><E112/><V2/><F102/><W32/><G79/><T27/><D12/><U52/><E89/><V91/><F2/><W68/><G73/><T40/><D134/><U132/><E90/><V16/><F91/><W41/><G41/><T135/><D135/><N who="1" m="51787" /><E52/><V58/><F75/><W72/><G72/><T122/><D122/><U14/><E19/><V29/><F118/><W17/><G17/><T47/><D65/><U11/><E11/><V81/><F16/><W108/><G108/><T83/><REACH who="0" step="1"/><D40/><REACH who="0" ten="108,232,386,254" step="2"/><U4/><E4/><V8/><F125/><W18/><G18/><AGARI ba="2,2" hai="18,21,23,24,27,30,45,47,48,54,56,80,82,83" machi="18" ten="40,12000,2" yaku="1,1,2,1,8,1,53,3" doraHai="131" doraHaiUra="78" who="0" fromWho="3" sc="108,146,232,0,386,0,254,-126" /><INIT seed="7,0,0,1,2,133" ten="254,232,386,128" oya="3" hai0="30,111,96,62,16,9,28,129,131,75,109,102,32" hai1="64,14,127,135,20,54,130,31,8,117,108,55,56" hai2="132,92,105,33,82,12,23,99,107,47,36,79,90" hai3="24,53,69,63,50,101,10,19,116,91,27,52,120"/><W114/><G120/><T123/><D123/><U87/><E108/><V80/><F33/><W83/><G116/><T98/><D75/><U65/><E135/><V100/><F36/><W126/><G114/><T89/><D32/><U68/><E117/><V72/><F47/><W1/><G1/><T86/><D62/><U81/><E68/><V61/><F61/><W13/><G101/><T118/><D118/><U84/><E127/><V77/><F23/><W66/><G126/><T5/><D16/><N who="1" m="8263" /><E130/><N who="0" m="49673" /><D109/><U95/><E95/><N who="2" m="58495" /><F12/><W124/><G124/><T58/><D58/><U106/><E106/><V42/><F42/><W45/><REACH who="3" step="1"/><G53/><REACH who="3" ten="254,232,386,118" step="2"/><T73/><D111/><U6/><E54/><V11/><F132/><W119/><G119/><T60/><D102/><U112/><E112/><V0/><F0/><W17/><G17/><T97/><D28/><U121/><E121/><V134/><F134/><W4/><G4/><T85/><D30/><U22/><E6/><V94/><F107/><W76/><G76/><T38/><D5/><U125/><E125/><V78/><F105/><W35/><G35/><T41/><D41/><U49/><E31/><V48/><F78/><W34/><G34/><T43/><D43/><U3/><E3/><V88/><F79/><W103/><G103/><T93/><D73/><U15/><E55/><V110/><F77/><W29/><G29/><T67/><D89/><U46/><E65/><V113/><F72/><W51/><G51/><T2/><D67/><U70/><E64/><V104/><F90/><W39/><G39/><T25/><D2/><U71/><E49/><RYUUKYOKU ba="0,1" sc="254,-10,232,-10,386,-10,118,30" hai3="10,13,19,24,27,45,50,52,63,66,69,83,91" /><INIT seed="7,1,1,0,1,27" ten="244,222,376,148" oya="3" hai0="42,38,129,57,114,8,82,73,95,14,24,43,34" hai1="93,94,84,23,90,28,3,31,6,26,1,67,15" hai2="56,71,80,99,109,37,104,121,127,30,19,51,126" hai3="110,118,21,124,116,113,107,74,22,98,97,41,25"/><W0/><G74/><T4/><D129/><U76/><E76/><V135/><F80/><W50/><G0/><T44/><D114/><U40/><E40/><V5/><F56/><W106/><G113/><T103/><D42/><U133/><E133/><V52/><F51/><W96/><G124/><T29/><D57/><U46/><E46/><V77/><F19/><W13/><G13/><T62/><D62/><U128/><E128/><V69/><F5/><W7/><G7/><T9/><D9/><N who="1" m="4535" /><E1/><V65/><F71/><W36/><G36/><T70/><D70/><U101/><E67/><V72/><F69/><W134/><G134/><T105/><D95/><U85/><E3/><V122/><F65/><W89/><G89/><T10/><D10/><U87/><E101/><V55/><F77/><W17/><G110/><T60/><D60/><U88/><E84/><V112/><F72/><W108/><G108/><T2/><D14/><U59/><E59/><V119/><F109/><W64/><G64/><T102/><D105/><U78/><E78/><AGARI ba="1,1" hai="2,4,8,24,29,34,38,43,44,73,78,82,102,103" machi="78" ten="40,5200,0" yaku="25,2,52,1" doraHai="27" who="0" fromWho="1" sc="244,65,222,-55,376,0,148,0" owari="309,11.0,167,-23.0,376,47.0,148,-35.0" /></mjloggm>