<mjloggm ver="2.3"><GO type="169" lobby="0"/><UN n0="%63%68%69%61%6B%69%37" n1="%E5%9F%BA%E7%A4%8E%E8%AB%96" n2="%E3%83%97%E3%83%AD%E3%82%B8%E3%83%A3%E3%83%B3%E6%B0%8F" n3="%E3%83%97%E3%83%AD%E3%83%86%E3%82%A4%E3%83%B3%E5%BE%97%E7%9B%9B" dan="16,17,17,17" rate="2126.27,2125.36,2190.89,2208.42" sx="M,M,M,M"/><TAIKYOKU oya="0"/><INIT seed="0,0,0,3,2,99" ten="250,250,250,250" oya="0" hai0="30,96,113,54,88,60,85,34,35,29,52,22,100" hai1="103,120,38,49,51,20,82,16,11,42,83,117,121" hai2="62,89,48,12,127,108,114,56,98,23,109,90,110" hai3="61,25,8,37,64,112,93,3,116,69,45,44,75"/><T106/><D113/><U80/><E117/><V78/><F114/><W9/><G112/><T6/><D6/><U124/><E124/><V134/><F127/><W95/><G116/><T118/><D118/><U94/><E38/><V119/><F119/><W59/><G75/><T68/><D30/><U41/><E11/><V76/><F134/><W101/><G69/><T53/><D22/><U87/><E120/><V21/><F48/><N who="1" m="18505" /><E121/><V57/><F12/><W33/><G37/><T72/><D72/><U122/><E122/><V50/><F50/><W2/><G33/><T135/><D135/><U105/><E105/><V84/><F98/><N who="3" m="59599" /><G3/><T81/><REACH who="0" step="1"/><D29/><REACH who="0" ten="240,250,250,250" step="2"/><U123/><E123/><V27/><F23/><W46/><G2/><T65/><AGARI ba="0,1" hai="34,35,52,53,54,60,65,68,81,85,88,96,100,106" machi="65" ten="30,18000,2" yaku="1,1,2,1,0,1,52,1,54,2,53,0" doraHai="99" doraHaiUra="55" who="0" fromWho="0" sc="240,190,250,-60,250,-60,250,-60" /><INIT seed="0,1,0,2,0,80" ten="430,190,190,190" oya="0" hai0="108,44,4,131,59,56,52,126,73,122,64,125,132" hai1="63,46,34,48,133,57,35,8,90,38,24,15,36" hai2="29,75,97,81,91,114,37,116,79,41,19,135,45" hai3="49,23,106,89,22,94,121,113,69,54,18,7,9"/><T65/><D73/><U112/><E133/><V130/><F114/><W84/><G106/><T107/><D107/><U16/><E112/><V95/><F135/><W72/><G69/><T3/><D3/><U12/><E12/><V55/><F130/><W31/><G72/><T88/><D4/><U124/><E124/><N who="0" m="47721" /><D132/><U2/><E2/><V120/><F120/><W111/><G111/><T51/><D122/><U129/><E129/><V33/><F116/><W53/><G113/><T78/><D78/><U60/><E60/><V1/><F19/><W127/><G121/><T134/><D134/><U11/><E11/><V74/><F1/><W105/><G105/><T102/><D102/><U6/><E35/><V58/><F29/><W103/><G103/><T99/><D131/><U43/><E90/><V71/><F71/><W85/><G7/><T82/><D108/><U0/><E0/><V77/><F33/><W25/><G9/><T100/><D100/><U87/><E87/><N who="3" m="33354" /><G127/><T10/><D10/><U109/><E109/><V39/><F75/><W26/><G49/><T93/><D82/><U68/><E68/><V98/><F74/><W117/><G117/><T115/><D115/><U110/><E110/><V86/><F37/><W83/><G83/><T76/><D76/><N who="2" m="29258" /><F81/><W14/><G14/><T119/><D119/><U96/><E36/><V61/><F39/><W30/><G30/><T28/><D28/><N who="1" m="19719" /><E6/><V67/><F41/><W5/><G5/><T20/><D20/><U42/><E42/><V17/><F17/><W40/><G40/><T101/><D101/><U27/><E43/><RYUUKYOKU ba="1,0" sc="430,10,190,-30,190,10,190,10" hai0="44,51,52,56,59,64,65,88,93,99" hai2="45,55,58,61,67,86,91,95,97,98" hai3="18,22,23,25,26,31,53,54,89,94" /><INIT seed="0,2,0,0,4,66" ten="440,160,200,200" oya="0" hai0="95,81,34,126,20,118,83,14,103,43,6,15,117" hai1="27,4,62,44,77,99,107,8,121,39,49,116,47" hai2="75,50,102,96,59,120,128,104,129,114,105,21,134" hai3="70,67,87,33,28,132,0,113,30,73,25,69,124"/><T93/><D34/><U3/><E116/><V9/><F114/><W52/><G113/><T16/><D43/><U22/><E121/><V10/><F120/><W24/><G73/><T82/><D126/><U71/><E39/><V31/><F75/><W64/><G0/><T110/><D110/><U35/><E35/><V38/><F38/><W89/><G124/><T7/><D103/><U13/><E77/><V111/><F104/><W60/><G132/><T127/><D127/><U42/><E47/><V101/><F101/><W98/><G98/><T61/><D61/><U130/><E130/><N who="2" m="50283" /><F111/><W91/><G52/><T46/><D46/><U5/><E99/><V37/><F37/><W115/><G115/><T65/><D65/><U72/><E72/><V23/><F134/><W85/><G60/><T112/><D112/><U29/><E107/><V131/><F131/><W84/><G84/><T53/><D53/><U108/><E108/><V122/><F122/><W36/><G36/><T41/><D41/><U48/><E48/><V80/><F80/><W90/><G90/><T32/><D32/><AGARI ba="2,0" hai="24,25,28,30,32,33,64,67,69,70,85,87,89,91" machi="32" ten="25,6400,0" yaku="22,2,52,2" doraHai="66" who="3" fromWho="0" sc="440,-70,160,0,200,0,200,70" /><INIT seed="1,0,0,3,1,44" ten="370,160,200,270" oya="1" hai0="19,83,96,47,104,99,65,91,120,46,111,26,82" hai1="53,50,76,98,58,93,86,2,116,103,122,39,75" hai2="41,81,28,59,15,29,107,61,48,70,25,78,113" hai3="73,31,119,135,11,20,114,90,97,7,124,68,117"/><U95/><E116/><V56/><F113/><W133/><G68/><T128/><D111/><U45/><E122/><V67/><F107/><W49/><G73/><T110/><D110/><U34/><E34/><V51/><F70/><W79/><G79/><T127/><D128/><U40/><E2/><V36/><F36/><W71/><G71/><T125/><D65/><U102/><E75/><V105/><F105/><W118/><G114/><T37/><D120/><U54/><E54/><N who="2" m="31815" /><F25/><N who="3" m="16807" /><G124/><T92/><D37/><U89/><REACH who="1" step="1"/><E76/><REACH who="1" ten="370,150,200,270" step="2"/><V88/><F78/><W66/><G66/><T84/><D127/><U1/><E1/><V0/><F0/><W115/><G115/><T134/><D125/><U4/><E4/><V62/><F15/><W10/><G7/><T24/><D24/><U32/><E32/><V13/><F13/><W3/><G3/><T85/><D26/><U14/><E14/><V72/><F72/><W8/><G135/><T69/><D134/><U129/><E129/><V42/><F42/><W21/><G133/><T63/><D19/><U100/><AGARI ba="0,1" hai="39,40,45,50,53,58,86,89,93,95,98,100,102,103" machi="100" ten="20,7800,0" yaku="1,1,0,1,7,1,52,1,53,0" doraHai="44" doraHaiUra="57" who="1" fromWho="1" sc="370,-26,150,88,200,-26,270,-26" /><INIT seed="1,1,0,0,1,33" ten="344,238,174,244" oya="1" hai0="97,81,6,51,90,105,34,73,15,64,69,92,32" hai1="21,99,19,88,122,40,66,76,2,49,132,74,68" hai2="50,29,10,11,31,127,115,9,47,54,98,41,26" hai3="108,3,123,1,95,28,71,13,135,100,125,75,113"/><U82/><E122/><V24/><F127/><W119/><RYUUKYOKU type="yao9" ba="1,0" sc="344,0,238,0,174,0,244,0" hai3="1,3,13,28,71,75,95,100,108,113,119,123,125,135" /><INIT seed="1,2,0,1,5,70" ten="344,238,174,244" oya="1" hai0="46,4,58,107,9,66,89,10,43,16,131,69,51" hai1="80,78,33,2,74,116,63,81,127,115,120,18,114" hai2="47,60,126,1,72,26,22,35,92,123,113,84,65" hai3="128,55,134,133,17,104,20,77,118,21,88,83,56"/><U54/><E2/><V124/><F123/><W122/><G104/><T52/><D131/><U79/><E33/><V6/><F72/><W64/><G64/><T32/><D32/><U3/><E3/><V39/><F35/><W13/><G122/><T112/><D107/><U53/><E120/><V132/><F132/><N who="3" m="50795" /><G128/><T7/><D112/><U119/><E63/><V106/><F106/><W62/><G118/><T99/><D69/><U97/><E18/><V93/><F113/><W15/><G88/><T91/><D66/><U101/><E127/><N who="2" m="48683" /><F6/><N who="0" m="2090" /><D9/><U117/><E54/><V42/><F1/><W30/><G30/><T73/><D73/><N who="1" m="43087" /><E53/><V48/><F48/><W85/><G21/><T86/><D99/><U75/><E75/><V76/><F76/><W24/><AGARI ba="2,0" hai="13,15,17,20,24,55,56,62,77,83,85" m="50795" machi="24" ten="30,1100,0" yaku="20,1" doraHai="70" who="3" fromWho="3" sc="344,-5,238,-7,174,-5,244,17" /><INIT seed="2,0,0,1,0,90" ten="339,231,169,261" oya="2" hai0="110,108,132,105,0,33,53,75,57,118,15,135,17" hai1="69,21,27,41,64,51,133,96,63,98,34,37,95" hai2="10,121,123,16,6,31,93,3,99,29,86,134,14" hai3="122,106,60,97,83,62,80,131,49,103,70,47,129"/><V56/><F86/><W35/><G122/><T43/><D75/><U94/><E34/><V65/><F134/><N who="0" m="51242" /><D105/><U102/><E37/><V22/><F123/><W46/><G46/><T61/><D0/><U116/><E116/><V114/><F114/><W13/><G35/><T42/><D33/><U1/><E1/><V36/><F36/><W25/><G25/><T88/><D118/><U58/><E133/><V82/><F82/><N who="3" m="31275" /><G13/><T78/><D78/><U67/><E69/><V68/><F68/><W24/><G24/><T44/><D17/><N who="1" m="12719" /><E51/><V117/><F117/><W20/><G20/><T84/><D15/><U9/><E9/><V38/><F38/><W124/><G124/><T74/><D74/><U12/><E12/><V18/><F18/><W125/><G125/><T76/><D76/><U91/><E41/><N who="0" m="15369" /><D44/><U92/><E92/><AGARI ba="0,0" hai="53,57,61,84,88,92,108,110" m="15369,51242" machi="92" ten="30,3900,0" yaku="20,1,52,1,54,1" doraHai="90" who="0" fromWho="1" sc="339,39,231,-39,169,0,261,0" /><INIT seed="3,0,0,3,3,14" ten="378,192,169,261" oya="3" hai0="6,61,87,93,2,26,124,51,23,28,62,123,97" hai1="118,57,55,47,11,35,32,131,0,1,94,112,22" hai2="43,29,104,84,92,109,115,89,126,70,33,96,41" hai3="44,105,132,76,15,107,102,50,63,67,27,91,65"/><W106/><G132/><T66/><D123/><U7/><E112/><V12/><F109/><W114/><G114/><T110/><D110/><U88/><E0/><V85/><F115/><W48/><G76/><T53/><D124/><U16/><E47/><V18/><F126/><W39/><G39/><T78/><D2/><U130/><E118/><V74/><F74/><W9/><G27/><T80/><D6/><U73/><E73/><V54/><F70/><W133/><G133/><T111/><D111/><U45/><E45/><V60/><F29/><W3/><G3/><T101/><D66/><U98/><E130/><V86/><F33/><W100/><G91/><T49/><D49/><U121/><E121/><V129/><F104/><W119/><G50/><T10/><D10/><U81/><E81/><V71/><F129/><W69/><G65/><T24/><REACH who="0" step="1"/><D24/><REACH who="0" ten="368,192,169,261" step="2"/><N who="1" m="14407" /><E131/><V79/><F71/><W68/><G68/><T5/><D5/><U64/><E64/><V108/><F108/><W38/><G119/><T103/><D103/><U17/><E17/><V135/><F135/><W122/><G122/><T134/><D134/><U19/><E19/><V40/><F79/><W113/><G113/><T21/><D21/><U125/><E125/><V37/><F37/><W82/><G38/><T25/><D25/><U128/><E128/><V90/><F60/><AGARI ba="0,1" hai="1,7,11,32,35,55,57,60,88,94,98" m="14407" machi="60" ten="30,7700,0" yaku="25,1,52,1,54,2" doraHai="14" who="1" fromWho="2" sc="368,0,192,87,169,-77,261,0" /><INIT seed="4,0,0,4,5,83" ten="368,279,92,261" oya="0" hai0="121,13,87,77,23,7,36,115,44,135,3,133,45" hai1="21,99,35,22,92,113,74,8,63,64,42,106,65" hai2="68,116,66,67,47,39,61,10,129,125,71,40,17" hai3="112,51,60,80,1,11,78,14,81,128,79,0,54"/><T73/><D121/><U107/><E35/><V117/><F10/><W9/><G112/><T43/><D115/><U131/><E74/><V97/><F17/><W30/><G128/><T52/><D73/><U24/><E131/><V89/><F97/><W122/><G122/><T75/><D75/><U12/><E42/><V126/><F89/><W118/><G118/><N who="2" m="45673" /><F129/><W119/><G119/><T69/><D69/><N who="2" m="26698" /><F61/><W34/><G60/><T134/><D3/><U33/><E63/><V28/><F28/><W108/><G30/><T109/><D109/><U48/><E8/><V72/><F72/><W94/><G108/><T132/><N who="0" m="33792" /><DORA hai="50" /><T38/><D7/><U90/><E106/><V6/><F6/><W26/><G9/><T37/><D13/><U96/><E107/><V91/><F91/><W31/><G11/><T58/><D23/><U110/><E21/><V56/><F56/><W62/><G14/><T15/><D15/><U111/><E22/><V84/><F84/><W103/><G34/><T5/><D5/><U4/><E33/><V120/><F120/><W93/><G31/><T76/><D43/><U100/><E12/><V124/><AGARI ba="0,0" hai="39,40,47,66,67,124,125,126" m="26698,45673" machi="124" ten="40,8000,1" yaku="18,1,12,1,34,2" doraHai="83,50" who="2" fromWho="2" sc="368,-40,279,-20,92,80,261,-20" /><INIT seed="5,0,0,0,1,93" ten="328,259,172,241" oya="1" hai0="70,2,108,92,97,17,125,62,37,7,0,101,87" hai1="48,115,67,109,124,13,107,43,56,57,66,85,45" hai2="72,65,73,25,128,102,112,81,14,10,29,34,60" hai3="111,127,40,21,54,83,71,69,58,38,55,94,46"/><U15/><E107/><V88/><F128/><W28/><G111/><T76/><D108/><U106/><E109/><V110/><F110/><W12/><G127/><T9/><D37/><U105/><E124/><V103/><F112/><W95/><G83/><T64/><D125/><U118/><E118/><V96/><F103/><W33/><G33/><T113/><D113/><U47/><E85/><V50/><F50/><W19/><G28/><T132/><D132/><U39/><E115/><V100/><F100/><W123/><G123/><T36/><D36/><U74/><E39/><V27/><F27/><W32/><G32/><T18/><D0/><U51/><REACH who="1" step="1"/><E43/><REACH who="1" ten="328,249,172,241" step="2"/><V31/><F72/><AGARI ba="0,1" hai="13,15,45,47,48,51,56,57,66,67,72,74,105,106" machi="72" ten="25,9600,0" yaku="1,1,2,1,22,2,53,0" doraHai="93" doraHaiUra="133" who="1" fromWho="2" sc="328,0,249,106,172,-96,241,0" /><INIT seed="5,1,0,4,5,13" ten="328,355,76,241" oya="1" hai0="36,71,133,1,116,29,51,123,102,60,99,14,96" hai1="48,77,109,50,41,68,11,24,46,107,5,43,89" hai2="56,45,83,124,130,76,135,134,17,88,42,73,38" hai3="74,8,92,23,118,122,31,72,108,81,10,125,16"/><U121/><E121/><V52/><F124/><W78/><G122/><T6/><D123/><U75/><E107/><V39/><F39/><W26/><G125/><T2/><D116/><U93/><E68/><V66/><F130/><W62/><G108/><T27/><D36/><U82/><E109/><V33/><F33/><W61/><G74/><T18/><D133/><U20/><E41/><V0/><F0/><W85/><G118/><T9/><D51/><U64/><E64/><V112/><F66/><W30/><G72/><T12/><D71/><U97/><E46/><V3/><F3/><W95/><G10/><T7/><D60/><N who="3" m="23145" /><G8/><T28/><D7/><U57/><E57/><V90/><F112/><W53/><G53/><T54/><D54/><U94/><E43/><V34/><F34/><W21/><G31/><T127/><D127/><U100/><E11/><V119/><F119/><W65/><G65/><T86/><D86/><U131/><E5/><V37/><F37/><W106/><G106/><T25/><D25/><AGARI ba="1,0" hai="16,21,23,25,26,30,78,81,85,92,95" m="23145" machi="25" ten="30,3900,0" yaku="8,1,52,1,54,1" doraHai="13" who="3" fromWho="0" sc="328,-42,355,0,76,0,241,42" /><INIT seed="6,0,0,3,1,56" ten="286,355,76,283" oya="2" hai0="105,62,92,53,134,27,128,74,52,86,108,93,103" hai1="57,81,70,11,59,111,63,58,46,48,104,90,106" hai2="21,124,77,35,2,119,65,89,31,17,13,121,85" hai3="38,94,109,5,71,120,132,12,135,101,14,42,23"/><V60/><F119/><W34/><G34/><T47/><D74/><U98/><E111/><V117/><F117/><W29/><G109/><T64/><D108/><U82/><E106/><V55/><F121/><W88/><G101/><T78/><D134/><U115/><E115/><V102/><F124/><W1/><G1/><T87/><D128/><U26/><E70/><V80/><F2/><W96/><G71/><T125/><D125/><U130/><E130/><V40/><F40/><W45/><G120/><T15/><D105/><U131/><E104/><V25/><F102/><W91/><G91/><T8/><D27/><U24/><E11/><V18/><F55/><N who="0" m="21066" /><D47/><U51/><E46/><V50/><F50/><W19/><G29/><T118/><D118/><U110/><E51/><V10/><F77/><W83/><G83/><N who="0" m="47479" /><D103/><U6/><E26/><V22/><REACH who="2" step="1"/><F17/><REACH who="2" ten="286,355,66,283" step="2"/><W43/><G43/><T44/><D44/><U99/><E48/><V61/><F61/><W127/><G127/><T36/><D36/><U16/><E63/><V49/><F49/><W54/><G54/><T32/><D62/><U72/><E110/><V100/><F100/><W95/><G38/><T114/><D114/><U76/><E131/><V112/><F112/><W129/><G129/><T30/><D64/><U79/><E79/><V68/><AGARI ba="0,1" hai="10,13,18,21,22,25,31,35,60,65,68,80,85,89" machi="68" ten="20,12000,1" yaku="1,1,0,1,7,1,52,1,53,1" doraHai="56" doraHaiUra="7" who="2" fromWho="2" sc="286,-40,355,-40,66,130,283,-40" /><INIT seed="6,1,0,4,5,19" ten="246,315,196,243" oya="2" hai0="111,102,112,79,22,70,118,114,130,48,72,108,14" hai1="84,76,63,133,6,62,1,53,103,125,81,90,113" hai2="39,67,20,32,5,54,88,27,26,94,52,64,13" hai3="44,16,116,11,104,55,51,119,0,85,12,24,65"/><V10/><F39/><W18/><G104/><T95/><D70/><U31/><E31/><N who="2" m="17863" /><F32/><W71/><G0/><T2/><D2/><U7/><E1/><V126/><F126/><W37/><G37/><T131/><D48/><U115/><E125/><V61/><F27/><W58/><G71/><T117/><D14/><U132/><E103/><V101/><F101/><W91/><G65/><N who="2" m="25161" /><F61/><N who="1" m="23049" /><E53/><V87/><AGARI ba="1,0" hai="5,10,13,52,54,87,88,94" m="25161,17863" machi="87" ten="30,11700,0" yaku="8,1,52,1,54,2" doraHai="19" who="2" fromWho="2" sc="246,-40,315,-40,196,120,243,-40" /><INIT seed="6,2,0,3,2,26" ten="206,275,316,203" oya="2" hai0="6,30,101,42,7,3,62,115,102,31,77,84,17" hai1="22,2,94,70,71,55,104,69,107,86,87,89,54" hai2="76,100,73,126,125,49,10,50,65,57,92,83,67" hai3="64,37,16,128,134,24,27,66,36,47,116,75,96"/><V61/><F65/><W43/><G75/><T81/><D115/><U44/><E2/><V105/><F105/><W79/><G79/><T106/><D106/><U18/><E86/><V68/><F10/><W1/><G1/><T53/><D42/><U56/><E54/><V111/><F111/><W113/><G37/><T95/><D3/><U48/><REACH who="1" step="1"/><E44/><REACH who="1" ten="206,265,316,203" step="2"/><V74/><F74/><W13/><G113/><T21/><D53/><U20/><E20/><V93/><F73/><W117/><G47/><T124/><D124/><U52/><E52/><V118/><F125/><W39/><G96/><N who="0" m="59551" /><D62/><U11/><E11/><V82/><F61/><W40/><G128/><T8/><D102/><U32/><E32/><V29/><F126/><W91/><G117/><T108/><D108/><U25/><AGARI ba="2,1" hai="18,22,25,48,55,56,69,70,71,87,89,94,104,107" machi="25" ten="30,4000,0" yaku="1,1,0,1,53,1" doraHai="26" doraHaiUra="14" who="1" fromWho="1" sc="206,-12,265,56,316,-22,203,-12" /><INIT seed="7,0,0,0,5,109" ten="194,321,294,191" oya="3" hai0="48,125,61,135,35,67,51,116,0,17,13,122,105" hai1="121,27,24,22,47,30,85,15,101,9,90,91,132" hai2="43,111,75,119,117,77,133,78,60,41,55,16,112" hai3="52,87,120,76,71,59,12,68,31,3,62,10,92"/><W32/><G120/><T50/><D116/><U118/><E121/><V54/><F111/><W104/><G104/><T70/><D105/><U82/><E132/><V95/><F95/><W28/><G3/><T124/><D122/><U69/><E69/><V39/><F60/><W58/><G71/><T79/><D35/><U56/><E47/><V80/><F80/><N who="3" m="47495" /><G68/><T127/><D0/><U81/><E101/><V126/><F126/><W93/><G32/><T131/><D79/><U19/><E56/><V88/><F88/><N who="1" m="33833" /><E118/><V108/><F108/><W83/><G83/><N who="1" m="31754" /><E27/><V40/><F40/><W107/><G107/><T8/><REACH who="0" step="1"/><D131/><REACH who="0" ten="184,321,294,191" step="2"/><U102/><E85/><V53/><F77/><W63/><G93/><T97/><D97/><U11/><E102/><V1/><F78/><W113/><G92/><T115/><D115/><U38/><E38/><V33/><F112/><W36/><G113/><T89/><D89/><U134/><E134/><AGARI ba="0,1" hai="8,13,17,48,50,51,61,67,70,124,125,127,134,135" machi="134" ten="50,3200,0" yaku="1,1,18,1,53,0" doraHai="109" doraHaiUra="74" who="0" fromWho="1" sc="184,42,321,-32,294,0,191,0" /><INIT seed="8,0,0,0,1,72" ten="226,289,294,191" oya="0" hai0="65,21,89,11,30,43,99,113,122,36,79,125,129" hai1="32,116,64,57,63,70,5,109,4,66,56,97,41" hai2="69,44,27,115,42,14,80,39,23,37,12,6,83" hai3="74,49,2,127,103,15,96,29,60,47,18,128,120"/><T76/><D113/><U135/><E116/><V19/><F69/><W101/><G2/><T88/><D122/><U121/><E121/><V7/><F39/><W25/><G74/><T93/><D36/><U45/><E109/><V46/><F115/><W75/><G75/><T123/><D123/><U34/><E135/><V132/><F132/><W114/><G120/><T22/><D43/><U107/><E34/><V100/><F100/><W106/><G114/><T85/><D129/><U90/><E32/><V20/><F37/><W59/><G128/><T33/><D33/><U50/><E70/><V111/><F111/><W26/><G103/><T24/><D125/><U62/><E107/><V58/><F58/><W87/><G127/><T118/><D118/><U73/><E73/><V52/><F52/><W82/><G29/><T81/><D65/><U68/><E68/><V119/><F119/><W110/><G110/><T71/><D71/><U35/><E35/><V3/><F3/><W8/><G60/><T124/><D124/><U92/><AGARI ba="0,0" hai="4,5,41,45,50,56,57,62,63,64,66,90,92,97" machi="92" ten="30,4000,0" yaku="0,1,9,1,8,1" doraHai="72" who="1" fromWho="1" sc="226,-20,289,40,294,-10,191,-10" owari="206,-19.0,329,43.0,284,8.0,181,-32.0" /></mjloggm>