<mjloggm ver="2.3"><GO type="169" lobby="0"/><UN n0="%50%61%65%6C%6C%61" n1="%E3%81%82%E3%81%84%E3%81%82%E3%81%8A%E3%81%84" n2="%E3%82%81%E3%82%8D%E3%82%93%E3%81%9D%E3%83%BC%E3%81%A0" n3="%EF%BC%93%EF%BD%90%E3%81%8C%E3%83%84%E3%83%A2%E3%82%8C%E3%81%AA%E3%81%84" dan="16,19,16,17" rate="2091.90,2229.24,2093.71,2220.68" sx="M,M,F,M"/><TAIKYOKU oya="0"/><INIT seed="0,0,0,4,5,32" ten="250,250,250,250" oya="0" hai0="100,38,91,60,67,74,94,44,93,87,26,12,117" hai1="70,111,11,55,119,66,15,5,8,68,24,127,79" hai2="122,112,73,105,7,52,65,61,28,82,89,13,114" hai3="3,21,72,126,17,34,64,27,131,71,101,6,83"/><T108/><D117/><U133/><E119/><V81/><F122/><W35/><G126/><T107/><D108/><U45/><E111/><V22/><F105/><W19/><G131/><T37/><D26/><U95/><E79/><V25/><F73/><W77/><G101/><T134/><D134/><U78/><E78/><V30/><F30/><W20/><G64/><T39/><D74/><U49/><E66/><V75/><F75/><W36/><G36/><T9/><D107/><U135/><E24/><V1/><F13/><W4/><G71/><T53/><D100/><U57/><E45/><V124/><F124/><W121/><G121/><T51/><D94/><U123/><E123/><V2/><F52/><W128/><G128/><T92/><D92/><U69/><E127/><V129/><F129/><W46/><G46/><T120/><D120/><U10/><E95/><V23/><F23/><W80/><G72/><T63/><REACH who="0" step="1"/><D67/><REACH who="0" ten="240,250,250,250" step="2"/><U43/><E133/><V48/><F65/><W109/><G27/><T18/><AGARI ba="0,1" hai="9,12,18,37,38,39,44,51,53,60,63,87,91,93" machi="18" ten="30,6000,0" yaku="1,1,2,1,0,1,53,0" doraHai="32" doraHaiUra="16" who="0" fromWho="0" sc="240,70,250,-20,250,-20,250,-20" /><INIT seed="0,1,0,4,3,57" ten="310,230,230,230" oya="0" hai0="126,5,21,46,122,18,17,96,59,81,82,29,106" hai1="58,99,2,76,31,28,77,79,40,8,87,127,61" hai2="53,92,20,95,112,9,84,12,6,83,11,0,47" hai3="129,43,62,33,19,120,135,107,134,91,68,118,69"/><T102/><D122/><U70/><E70/><V32/><F32/><W49/><G118/><T60/><D126/><U15/><E2/><V50/><F20/><W54/><G33/><T72/><D5/><U130/><E127/><V89/><REACH who="2" step="1"/><F112/><REACH who="2" ten="310,230,220,230" step="2"/><W24/><G134/><T117/><D117/><U71/><E130/><V34/><F34/><W36/><G135/><T90/><D21/><U75/><E75/><V128/><F128/><W88/><G129/><T35/><D72/><U30/><E71/><V124/><F124/><W125/><G68/><T27/><D46/><U86/><E99/><V103/><F103/><W26/><G69/><T16/><REACH who="0" step="1"/><D90/><REACH who="0" ten="300,230,220,230" step="2"/><U45/><E45/><V23/><F23/><W1/><G88/><T52/><AGARI ba="1,2" hai="16,17,18,27,29,35,52,59,60,81,82,96,102,106" machi="52" ten="30,18000,2" yaku="1,1,2,1,0,1,52,1,54,2,53,0" doraHai="57" doraHaiUra="111" who="0" fromWho="0" sc="300,203,230,-61,220,-61,230,-61" /><INIT seed="0,2,0,1,3,25" ten="503,169,159,169" oya="0" hai0="65,75,76,44,17,59,3,109,6,15,133,11,45" hai1="32,120,5,134,126,91,0,58,94,39,2,31,43" hai2="41,40,30,10,99,98,101,27,8,112,106,54,103" hai3="84,35,93,69,130,61,82,78,113,97,88,28,117"/><T100/><D133/><U34/><E120/><V104/><F112/><W60/><G113/><T96/><D109/><U33/><E43/><V63/><F54/><W115/><G115/><T86/><D75/><U114/><E39/><V124/><F124/><W66/><G117/><T123/><D123/><U4/><E114/><V64/><F40/><W95/><G130/><T135/><D135/><U22/><E58/><V67/><F41/><W89/><G60/><T49/><D86/><U77/><E94/><V125/><F125/><W23/><G35/><T29/><D76/><U48/><E91/><V46/><F46/><W7/><G7/><N who="1" m="2634" /><E48/><V70/><REACH who="2" step="1"/><F67/><REACH who="2" ten="503,169,149,169" step="2"/><W42/><G42/><T119/><D45/><U107/><E126/><V21/><AGARI ba="2,1" hai="8,10,21,27,30,63,64,70,98,99,101,103,104,106" machi="21" ten="20,12000,2" yaku="1,1,2,1,0,1,7,1,9,1,52,1,53,0" doraHai="25" doraHaiUra="81" who="2" fromWho="2" sc="503,-62,169,-32,149,136,169,-32" /><INIT seed="1,0,0,3,0,86" ten="441,137,285,137" oya="1" hai0="89,52,111,91,70,93,3,82,98,132,69,41,58" hai1="67,103,77,75,14,49,109,57,104,99,56,53,43" hai2="114,19,87,107,27,128,71,130,88,101,34,7,63" hai3="8,2,29,6,116,90,24,115,55,83,13,48,61"/><U79/><E109/><V31/><F7/><W60/><G115/><T134/><D3/><U94/><E75/><V22/><F114/><W37/><G37/><T74/><D41/><U62/><E43/><V81/><F101/><W106/><G106/><T0/><D0/><U42/><E42/><V18/><F107/><W65/><G116/><T30/><D30/><U50/><E50/><V95/><F95/><W26/><G2/><T126/><D126/><U117/><E117/><V92/><F92/><W78/><G65/><T16/><D16/><U84/><REACH who="1" step="1"/><E14/><REACH who="1" ten="441,127,285,137" step="2"/><V1/><F1/><W35/><G24/><T40/><D74/><U118/><E118/><V5/><F27/><W122/><G122/><T54/><D40/><U110/><E110/><V9/><F130/><W68/><G68/><T85/><D111/><U123/><E123/><V51/><F51/><W112/><G112/><T23/><D70/><U124/><E124/><V76/><F128/><W10/><G13/><T17/><D69/><U44/><E44/><V121/><F121/><W38/><G48/><T119/><D119/><U73/><E73/><V113/><F113/><W33/><G26/><T21/><D58/><U25/><E25/><V15/><F71/><W45/><G45/><T97/><D132/><U12/><E12/><V96/><F15/><W47/><G47/><T80/><D134/><U135/><E135/><V127/><F127/><W108/><G108/><T133/><D133/><U11/><E11/><V64/><F9/><W120/><G8/><T28/><D28/><U129/><E129/><V105/><F31/><RYUUKYOKU ba="0,1" sc="441,-10,127,30,285,-10,137,-10" hai1="49,53,56,57,62,67,77,79,84,94,99,103,104" /><INIT seed="1,1,1,3,4,116" ten="431,157,275,127" oya="1" hai0="7,73,60,0,113,72,80,54,28,74,31,105,104" hai1="128,36,4,63,42,25,107,1,90,62,76,81,68" hai2="101,103,96,3,129,15,9,55,120,23,32,39,35" hai3="67,45,12,53,70,65,100,94,38,40,124,20,61"/><U22/><E107/><V64/><F39/><W11/><G124/><T71/><D113/><U26/><E68/><V77/><F129/><W92/><G65/><N who="0" m="41383" /><D54/><U117/><E117/><V24/><F3/><W98/><G20/><T122/><D28/><U5/><E128/><V93/><F64/><W99/><G53/><T110/><D122/><U88/><E42/><V131/><F120/><W126/><G126/><T59/><D59/><U16/><E36/><V111/><F77/><W125/><G125/><T46/><D46/><U79/><E1/><V21/><F103/><W50/><G38/><T109/><D31/><U19/><E22/><V43/><F43/><W48/><G48/><T135/><D80/><AGARI ba="1,1" hai="4,5,16,19,25,26,62,63,76,79,80,81,88,90" machi="80" ten="25,12000,1" yaku="22,2,8,1,54,2" doraHai="116" who="1" fromWho="0" sc="431,-123,157,133,275,0,127,0" /><INIT seed="1,2,0,1,0,99" ten="308,290,275,127" oya="1" hai0="37,64,81,116,104,111,18,21,5,16,97,50,101" hai1="76,133,36,107,22,105,117,39,20,66,123,34,65" hai2="9,120,58,112,59,102,14,30,52,47,11,28,45" hai3="134,41,31,38,74,42,24,63,27,2,70,67,44"/><U125/><E34/><V15/><F120/><W118/><G134/><T131/><D111/><U10/><E123/><V75/><F75/><W51/><G118/><T130/><D116/><U3/><E117/><V62/><F112/><W32/><G74/><T88/><D37/><U55/><E76/><V17/><F102/><W23/><G2/><T121/><D121/><U78/><E78/><V103/><F103/><W100/><G100/><T126/><D126/><U94/><E94/><V122/><F122/><W49/><REACH who="3" step="1"/><G42/><REACH who="3" ten="308,290,275,117" step="2"/><T129/><D101/><U48/><E3/><V19/><REACH who="2" step="1"/><F59/><REACH who="2" ten="308,290,265,117" step="2"/><W95/><G95/><T0/><D130/><U84/><E107/><V83/><F83/><W110/><G110/><T87/><D104/><U61/><E105/><V124/><F124/><W108/><G108/><T80/><D81/><U89/><E125/><V85/><F85/><W71/><G71/><T43/><D87/><U128/><E84/><V93/><F93/><W6/><G6/><T106/><D80/><U135/><E135/><V1/><F1/><W13/><G13/><T96/><D106/><U98/><E133/><V132/><F132/><W91/><G91/><T7/><D88/><U53/><E89/><V79/><F79/><W57/><G57/><T29/><D0/><U46/><E128/><V77/><F77/><W54/><G54/><T127/><D127/><U72/><E53/><V119/><F119/><W73/><G73/><T12/><D131/><U4/><E55/><V68/><F68/><W92/><G92/><T40/><D129/><U86/><E72/><V90/><F90/><RYUUKYOKU ba="2,2" sc="308,-15,290,-15,265,15,117,15" hai2="9,11,14,15,17,19,28,30,45,47,52,58,62" hai3="23,24,27,31,32,38,41,44,49,51,63,67,70" /><INIT seed="2,3,2,4,5,105" ten="293,275,280,132" oya="2" hai0="135,55,20,96,45,132,117,69,103,93,35,77,4" hai1="71,66,41,101,111,12,10,134,31,11,68,97,40" hai2="75,83,129,1,37,91,27,73,121,122,24,128,39" hai3="113,76,54,118,109,17,87,9,56,123,98,50,95"/><V6/><F6/><W58/><G118/><T5/><D69/><U80/><E31/><V124/><F1/><W19/><G123/><N who="2" m="47113" /><F124/><W33/><G33/><T25/><D35/><U82/><E12/><V53/><F53/><N who="3" m="31799" /><G109/><T46/><D77/><U18/><E18/><N who="3" m="6666" /><G113/><T36/><D117/><U34/><E34/><V85/><F37/><W8/><G87/><T13/><D13/><U49/><E111/><V115/><F39/><W21/><G21/><T88/><D103/><U59/><E101/><V78/><F115/><W65/><G65/><T125/><D125/><U92/><E10/><V107/><F107/><W60/><G76/><T116/><D116/><U26/><E11/><V64/><F64/><W67/><G67/><T43/><D55/><U42/><E66/><V108/><F108/><W30/><G30/><N who="0" m="17703" /><D46/><U72/><E71/><V48/><F48/><W89/><AGARI ba="3,2" hai="8,9,54,58,60,89,95,98" m="6666,31799" machi="89" ten="30,1100,0" yaku="8,1" doraHai="105" who="3" fromWho="3" sc="293,-6,275,-6,280,-8,132,40" /><INIT seed="3,0,0,2,3,73" ten="287,269,272,172" oya="3" hai0="107,93,59,38,110,71,53,91,57,41,46,79,44" hai1="0,109,29,75,101,65,121,39,98,105,131,128,48" hai2="50,14,96,72,32,113,87,104,4,37,76,83,13" hai3="6,106,5,135,17,108,30,42,95,103,114,94,133"/><W31/><G114/><T63/><D110/><U36/><E0/><V7/><F37/><W10/><G108/><T64/><D107/><U43/><E109/><V122/><F32/><W77/><G106/><T123/><D123/><U1/><E1/><V88/><F113/><W8/><G42/><N who="0" m="22871" /><D79/><U130/><E121/><V68/><F68/><W33/><G33/><T28/><D28/><U62/><E29/><V40/><F122/><W115/><G103/><T132/><D93/><U127/><E127/><V26/><F26/><W74/><G74/><T52/><D91/><U54/><E75/><V120/><F120/><W92/><G115/><T67/><D132/><N who="3" m="50761" /><G17/><T35/><D35/><U129/><E43/><V56/><F40/><W85/><G8/><T82/><D82/><U119/><E119/><V124/><F124/><W27/><G27/><T15/><D15/><U47/><N who="1" m="32768" /><DORA hai="126" /><U66/><REACH who="1" step="1"/><E66/><REACH who="1" ten="287,259,272,172" step="2"/><V100/><F72/><W116/><G116/><T117/><D117/><U21/><E21/><V24/><F4/><N who="3" m="1643" /><G10/><T16/><D16/><U111/><E111/><V102/><F7/><W61/><G61/><N who="0" m="36015" /><D71/><AGARI ba="0,1" hai="36,39,47,48,54,62,65,71,98,101,105" m="32768" machi="71" ten="70,12000,2" yaku="1,1,19,1,52,4,53,1" doraHai="73,126" doraHaiUra="18,45" who="1" fromWho="0" sc="287,-120,259,130,272,0,172,0" /><INIT seed="4,0,0,0,4,116" ten="167,389,272,172" oya="0" hai0="61,93,105,127,4,72,60,39,57,107,91,44,129" hai1="110,15,122,85,52,126,132,113,50,71,13,73,53" hai2="76,23,45,81,108,0,84,133,22,47,100,125,12" hai3="63,8,111,67,115,90,16,98,1,64,75,46,65"/><T14/><D129/><U40/><E73/><V30/><F0/><W74/><G111/><T34/><D127/><U104/><E104/><V89/><F108/><W92/><G115/><T7/><D72/><U83/><E71/><V18/><F133/><W88/><G1/><T19/><D34/><U112/><E110/><V20/><F125/><W69/><G69/><T102/><D60/><U86/><E126/><V17/><F100/><W94/><G63/><T66/><D44/><U25/><E25/><N who="2" m="16703" /><F89/><W119/><G46/><T106/><D39/><U35/><E35/><V99/><F99/><W9/><G119/><T43/><D43/><U121/><E40/><V95/><F95/><W70/><G70/><T123/><D123/><U42/><E42/><V11/><F22/><W59/><G59/><T79/><D79/><U58/><E132/><V128/><F128/><W135/><G135/><T6/><D102/><U117/><E117/><V26/><AGARI ba="0,0" hai="11,12,17,18,20,26,45,47,76,81,84" m="16703" machi="26" ten="30,1100,0" yaku="8,1" doraHai="116" who="2" fromWho="2" sc="167,-5,389,-3,272,11,172,-3" /><INIT seed="5,0,0,1,5,36" ten="162,386,283,169" oya="1" hai0="84,9,124,24,26,1,85,57,117,5,109,64,95" hai1="114,68,44,74,97,47,65,62,58,48,55,105,37" hai2="118,121,125,12,18,4,81,31,119,42,113,6,104" hai3="2,106,43,66,35,51,132,107,53,13,73,77,41"/><U56/><E74/><V108/><F104/><W72/><G2/><T88/><D117/><U87/><E87/><V83/><F108/><W129/><G35/><T0/><D124/><U94/><E105/><V111/><F111/><W71/><G72/><T10/><D109/><U128/><E114/><V127/><F121/><W40/><G129/><T28/><D84/><U63/><E128/><V91/><F113/><W80/><G132/><T82/><D95/><U102/><REACH who="1" step="1"/><E37/><REACH who="1" ten="162,376,283,169" step="2"/><V110/><F110/><W86/><G73/><T34/><D0/><U33/><E33/><V67/><F119/><W60/><REACH who="3" step="1"/><G13/><REACH who="3" ten="162,376,283,159" step="2"/><T11/><REACH who="0" step="1"/><D26/><REACH who="0" ten="152,376,283,159" step="2"/><U130/><E130/><V96/><F118/><W32/><G32/><T76/><D76/><U25/><E25/><V103/><F12/><W7/><G7/><T50/><D50/><U93/><E93/><V120/><F4/><W70/><G70/><T49/><D49/><U131/><E131/><V101/><F6/><W8/><G8/><T69/><D69/><U21/><E21/><V27/><F27/><W98/><G98/><T20/><D20/><U90/><E90/><V134/><F91/><W30/><G30/><T79/><D79/><U133/><E133/><V17/><F96/><W45/><AGARI ba="0,3" hai="40,41,43,45,51,53,60,66,71,77,80,86,106,107" machi="45" ten="30,16000,3" yaku="1,1,0,1,52,3,53,3" doraHai="36" doraHaiUra="38" who="3" fromWho="3" sc="152,-40,376,-80,283,-40,159,190" /><INIT seed="6,0,0,5,2,103" ten="112,296,243,349" oya="2" hai0="60,5,109,63,46,3,127,57,32,21,29,19,22" hai1="55,74,100,49,132,122,87,102,61,126,44,24,8" hai2="86,18,81,35,42,79,82,78,89,105,23,51,26" hai3="52,94,131,47,113,43,27,20,68,104,97,75,90"/><V10/><F35/><W93/><G75/><T25/><D46/><U107/><E74/><V17/><F105/><W120/><G120/><T58/><D127/><U70/><E126/><V34/><F34/><W14/><G68/><T108/><D32/><U40/><E132/><V50/><F42/><W6/><G131/><T54/><D5/><U69/><E122/><V7/><F18/><W2/><G2/><T76/><D76/><U72/><E72/><V101/><F101/><W128/><G128/><T59/><D3/><U91/><E102/><V64/><F64/><W1/><G1/><T125/><D125/><U36/><E8/><V38/><F38/><W15/><G104/><T111/><D19/><U129/><E24/><V83/><F79/><W13/><G113/><T0/><D0/><U56/><E129/><V134/><F134/><W92/><G6/><T121/><D121/><U65/><E100/><V123/><F123/><W115/><G115/><T133/><D133/><U30/><E30/><V62/><F62/><W118/><G118/><T117/><D25/><U77/><E77/><V41/><F41/><W45/><G43/><T73/><D73/><U114/><E114/><V124/><F124/><W96/><G90/><T33/><D33/><U88/><E107/><V53/><F78/><W98/><G52/><T99/><D99/><U31/><E31/><AGARI ba="0,0" hai="13,14,15,20,27,31,45,47,92,93,94,96,97,98" machi="31" ten="50,6400,0" yaku="29,2,8,1" doraHai="103" who="3" fromWho="1" sc="112,0,296,-64,243,0,349,64" /><INIT seed="7,0,0,3,4,22" ten="112,232,243,413" oya="3" hai0="123,40,127,129,56,99,15,79,39,7,114,85,42" hai1="76,91,58,25,69,23,27,51,45,38,18,34,54" hai2="93,68,121,29,64,65,35,33,84,36,95,70,4" hai3="41,30,111,17,75,10,97,59,71,20,96,120,113"/><W49/><G120/><T21/><D123/><U124/><E124/><V110/><F84/><W133/><G75/><T90/><D127/><U78/><E69/><V67/><F4/><W134/><G71/><T103/><D129/><U19/><E91/><V6/><F65/><W92/><G111/><T87/><D114/><U109/><E109/><V117/><F6/><W118/><G118/><T104/><D56/><U83/><E83/><V128/><F29/><W26/><G113/><T116/><D116/><U86/><E86/><V100/><F110/><W82/><G82/><T105/><D39/><U135/><E135/><V98/><F100/><W132/><G92/><T115/><D115/><U89/><E89/><V44/><F44/><N who="3" m="25743" /><G59/><T80/><D104/><U9/><E34/><V0/><F0/><W77/><G77/><N who="1" m="29802" /><E38/><V88/><F36/><W1/><G1/><T50/><D50/><N who="1" m="31063" /><E9/><V55/><F70/><W72/><G72/><T62/><D62/><U125/><E125/><V48/><F68/><W2/><G2/><T73/><D87/><U81/><E81/><V47/><F117/><W43/><G10/><T14/><D7/><U31/><E25/><V28/><F128/><W11/><G133/><T107/><D107/><U60/><E60/><V32/><F121/><W122/><G122/><T74/><D74/><U52/><AGARI ba="0,0" hai="18,19,23,27,31,45,51,52" m="31063,29802" machi="52" ten="30,4000,0" yaku="8,1,52,1,54,1" doraHai="22" who="1" fromWho="1" sc="112,-10,232,40,243,-10,413,-20" owari="102,-40.0,272,7.0,233,-17.0,393,50.0" /></mjloggm>