<mjloggm ver="2.3"><GO type="169" lobby="0"/><UN n0="%73%68%61%70%65%6C%65%72" n1="%6D%6F%6E%65%79%2E%2E%2E" n2="%E9%BE%8D%E9%96%80%E6%B8%95%E9%80%8F%E8%8A%B1" n3="%E3%83%AD%E3%83%83%E3%83%86%E9%9B%80%EF%BC%84%E6%94%B9" dan="17,16,16,16" rate="2108.22,2098.34,2123.14,2122.85" sx="M,M,M,M"/><TAIKYOKU oya="0"/><INIT seed="0,0,0,5,0,31" ten="250,250,250,250" oya="0" hai0="57,6,7,49,54,58,13,96,72,121,85,26,128" hai1="106,115,131,40,12,14,98,113,25,52,48,47,4" hai2="100,29,105,89,130,30,116,80,1,2,95,81,33" hai3="67,117,24,42,43,62,134,27,119,36,55,101,86"/><T61/><D72/><U107/><E131/><V17/><F130/><W129/><G129/><T110/><D121/><U114/><E4/><V15/><F116/><W69/><G134/><T83/><D110/><U82/><E82/><N who="2" m="31851" /><F33/><W70/><G70/><T90/><D128/><U65/><E65/><V51/><F105/><N who="1" m="39945" /><E98/><N who="2" m="59487" /><F1/><W76/><G101/><T39/><D39/><N who="1" m="21919" /><E25/><V127/><F2/><W37/><G27/><T20/><D96/><U28/><E28/><V41/><F127/><W5/><G24/><T123/><D123/><U91/><E91/><V64/><F64/><W50/><G5/><T88/><D90/><U46/><AGARI ba="0,0" hai="12,14,46,48,52,113,114,115" m="21919,39945" machi="46" ten="40,2700,0" yaku="11,1,54,1" doraHai="31" who="1" fromWho="1" sc="250,-13,250,27,250,-7,250,-7" /><INIT seed="1,0,0,2,0,102" ten="237,277,243,243" oya="1" hai0="30,104,122,54,71,131,18,24,135,84,132,52,115" hai1="69,29,8,62,10,9,92,99,34,46,78,13,134" hai2="20,68,110,56,36,127,95,35,43,65,117,125,73" hai3="91,33,50,39,61,79,121,94,86,106,4,113,83"/><U108/><E134/><V44/><F35/><W124/><G39/><T57/><D71/><U93/><E108/><V101/><F73/><W76/><G121/><T7/><D7/><U21/><E34/><V12/><F117/><W41/><G113/><T118/><D118/><U23/><E78/><V26/><F68/><W40/><G124/><N who="2" m="47689" /><F12/><W90/><G106/><T55/><D115/><U2/><E2/><V19/><F110/><W81/><G33/><T123/><D18/><U129/><E129/><V37/><F56/><W70/><G4/><T80/><D104/><U77/><E46/><V119/><F65/><W32/><G32/><N who="0" m="20551" /><D57/><U53/><E13/><V67/><F67/><W60/><G70/><T107/><D107/><U17/><E69/><V48/><F119/><W25/><G25/><T75/><D75/><U42/><E17/><V114/><F114/><W112/><G112/><T120/><D131/><U133/><E29/><V111/><F111/><W96/><G91/><AGARI ba="0,0" hai="52,54,55,80,84,91,120,122,123,132,135" m="20551" machi="91" ten="40,2600,0" yaku="13,1,54,1" doraHai="102" who="0" fromWho="3" sc="237,26,277,0,243,0,243,-26" /><INIT seed="2,0,0,4,2,6" ten="263,277,243,217" oya="2" hai0="14,23,113,19,81,9,60,65,110,95,82,108,41" hai1="121,61,59,72,88,126,92,69,104,99,73,132,25" hai2="47,43,46,31,75,55,128,11,123,70,15,62,27" hai3="117,100,54,30,49,116,57,3,66,4,94,127,13"/><V44/><F75/><W8/><G127/><T45/><D113/><U103/><E126/><V118/><F118/><W29/><G66/><T0/><D95/><U74/><E132/><V105/><F105/><W18/><G116/><T80/><D0/><U67/><E121/><V53/><F123/><W77/><G77/><T122/><D23/><U12/><E25/><V125/><F125/><W112/><G112/><T101/><D101/><U63/><E12/><V76/><F76/><W119/><G119/><T71/><REACH who="0" step="1"/><D122/><REACH who="0" ten="253,277,243,217" step="2"/><U16/><E103/><V7/><F128/><W115/><G115/><T21/><D21/><U78/><E104/><V20/><REACH who="2" step="1"/><F43/><REACH who="2" ten="253,277,233,217" step="2"/><W109/><G117/><T129/><D129/><U120/><E120/><V38/><F38/><AGARI ba="0,2" hai="9,14,19,38,41,45,60,65,71,80,81,82,108,110" machi="38" ten="40,2600,0" yaku="1,1,52,1,53,0" doraHai="6" doraHaiUra="89" who="0" fromWho="2" sc="253,46,277,0,233,-26,217,0" /><INIT seed="3,0,0,5,4,120" ten="299,277,207,217" oya="3" hai0="59,63,47,130,126,49,53,91,119,103,23,8,71" hai1="11,81,92,48,9,82,128,34,38,7,134,61,69" hai2="45,135,14,102,108,116,51,13,31,64,122,101,132" hai3="40,44,100,99,77,3,96,97,42,90,50,85,55"/><W35/><G35/><T54/><D119/><U121/><E121/><V46/><F116/><W30/><G30/><T25/><D71/><U93/><E38/><V73/><F73/><W110/><G3/><T79/><D79/><U6/><E34/><V129/><F122/><W80/><G110/><T52/><D103/><N who="2" m="39434" /><F129/><W112/><G112/><T15/><D126/><U33/><E33/><V117/><F108/><W29/><G29/><N who="0" m="17599" /><D91/><U68/><E48/><V118/><F64/><W1/><G1/><T88/><D88/><U124/><E61/><V57/><F57/><W98/><REACH who="3" step="1"/><G77/><REACH who="3" ten="299,277,207,207" step="2"/><T5/><D130/><U10/><E128/><V4/><F31/><W84/><G84/><T37/><D37/><U36/><E36/><V43/><F118/><W70/><G70/><T72/><D72/><U17/><E69/><V19/><F117/><W0/><G0/><T74/><D74/><U78/><E68/><V16/><F135/><W87/><G87/><T104/><D104/><AGARI ba="0,1" hai="40,42,44,50,55,80,85,90,96,97,98,99,100,104" machi="104" ten="40,2000,0" yaku="1,1,53,0" doraHai="120" doraHaiUra="75" who="3" fromWho="0" sc="299,-20,277,0,207,0,207,30" /><INIT seed="3,1,0,0,1,63" ten="279,277,207,237" oya="3" hai0="125,122,132,111,80,4,10,6,37,82,50,16,95" hai1="91,14,129,128,38,119,34,66,33,29,61,134,57" hai2="131,17,59,130,85,102,96,71,114,51,23,94,72" hai3="108,133,58,107,15,105,53,12,118,7,44,88,5"/><W45/><G118/><T11/><D37/><U76/><E38/><V123/><F72/><W65/><G65/><T56/><D122/><U117/><E134/><V84/><F71/><W64/><G133/><T77/><D132/><U74/><E29/><V75/><F75/><W106/><G108/><T116/><D116/><N who="1" m="44619" /><E91/><V103/><F114/><W42/><G64/><T90/><D125/><U83/><E14/><V36/><F36/><W109/><G109/><T135/><D111/><U68/><E57/><V39/><F39/><W9/><G42/><T113/><D113/><U70/><E70/><V8/><F8/><W127/><G127/><T24/><D11/><U124/><E124/><V30/><F30/><W115/><G115/><T2/><D4/><U101/><E101/><V28/><F28/><W48/><G12/><T112/><D77/><U73/><E73/><V1/><F103/><W21/><G5/><T79/><D79/><U0/><E0/><V41/><F1/><W13/><REACH who="3" step="1"/><G88/><REACH who="3" ten="279,277,207,227" step="2"/><T67/><D67/><U121/><E121/><V120/><F120/><W46/><G46/><T54/><D112/><U47/><E47/><N who="2" m="26095" /><F123/><W60/><G60/><T100/><D135/><U98/><E98/><V35/><F96/><W104/><N who="3" m="26624" /><DORA hai="22" /><W99/><G99/><N who="0" m="59519" /><D90/><U49/><E49/><V93/><F130/><AGARI ba="1,1" hai="33,34,61,66,68,74,76,83,128,129,130" m="44619" machi="130" ten="30,7700,0" yaku="19,1,12,1,23,1,52,1" doraHai="63,22" who="1" fromWho="2" sc="279,0,277,90,207,-80,227,0" /><INIT seed="4,0,0,0,3,48" ten="279,367,127,227" oya="0" hai0="104,89,4,68,116,97,59,10,47,85,2,126,128" hai1="31,7,88,39,120,77,13,41,58,18,125,78,11" hai2="69,94,19,57,86,37,51,124,90,107,64,12,43" hai3="118,106,114,20,121,134,133,46,66,102,16,62,17"/><T98/><D68/><U60/><E120/><V15/><F107/><W115/><G118/><T99/><D116/><U44/><E125/><V109/><F109/><W132/><G121/><T117/><D117/><U79/><E31/><V108/><F108/><W127/><G127/><T35/><D35/><U53/><REACH who="1" step="1"/><E88/><REACH who="1" ten="279,357,127,227" step="2"/><V93/><F124/><W56/><G102/><T9/><D126/><U122/><E122/><V72/><F90/><W32/><G106/><T52/><D104/><U61/><E61/><V6/><F93/><W87/><G87/><T33/><D33/><U55/><E55/><V103/><F94/><W21/><G32/><T80/><D128/><U5/><AGARI ba="0,1" hai="5,7,11,13,18,39,41,44,53,58,60,77,78,79" machi="5" ten="30,8000,1" yaku="1,1,0,1,52,1,53,2" doraHai="48" doraHaiUra="1" who="1" fromWho="1" sc="279,-40,357,90,127,-20,227,-20" /><INIT seed="5,0,0,4,5,72" ten="239,447,107,207" oya="1" hai0="80,59,94,93,130,52,106,9,125,133,54,16,42" hai1="126,78,90,124,88,26,4,83,123,23,110,8,57" hai2="37,86,69,30,15,45,25,29,75,38,117,21,22" hai3="35,62,74,46,49,36,108,119,55,101,79,77,73"/><U82/><E123/><V27/><F75/><W118/><G108/><T41/><D106/><U131/><E110/><V135/><F69/><W6/><G74/><T65/><D133/><U58/><E131/><V31/><F117/><N who="3" m="44555" /><G73/><T11/><D130/><U103/><E103/><V112/><F135/><W47/><G35/><T128/><D128/><U100/><E100/><V51/><F112/><W48/><G101/><T13/><D125/><N who="1" m="48235" /><E57/><V70/><F70/><W99/><G99/><T114/><D9/><U63/><E82/><V33/><F86/><W91/><G91/><T84/><D65/><U28/><E83/><V122/><F122/><W111/><G111/><T121/><D54/><N who="1" m="34263" /><E78/><N who="3" m="29706" /><G6/><T24/><D114/><U17/><E4/><V109/><F109/><W129/><G129/><T2/><D121/><U50/><E88/><V20/><F33/><W5/><G5/><T92/><D2/><U134/><E90/><V67/><F67/><W89/><G89/><N who="0" m="51335" /><D24/><U56/><E26/><V61/><F27/><W44/><G36/><T98/><D98/><U18/><E134/><V87/><F25/><W116/><G116/><T81/><D81/><U0/><E0/><V115/><F38/><W53/><G62/><AGARI ba="0,0" hai="11,13,16,41,42,52,59,62,92,93,94" m="51335" machi="62" ten="30,3900,0" yaku="8,1,54,2" doraHai="72" who="0" fromWho="3" sc="239,39,447,0,107,0,207,-39" /><INIT seed="6,0,0,2,5,45" ten="278,447,107,168" oya="2" hai0="80,106,38,90,22,72,44,93,114,34,62,117,39" hai1="52,92,32,9,134,122,96,87,37,102,113,82,84" hai2="85,5,3,116,76,127,11,31,74,81,58,91,59" hai3="25,108,121,83,115,49,131,118,120,0,135,69,40"/><V63/><F116/><W13/><G83/><T6/><D34/><U2/><E32/><V97/><F127/><W132/><G0/><T26/><D106/><U119/><E37/><V88/><F31/><W4/><G4/><T99/><D6/><U125/><E9/><V15/><F3/><W51/><G25/><T66/><D114/><U1/><E119/><V111/><F111/><W129/><G40/><T23/><D23/><U101/><E113/><V103/><F74/><W73/><G13/><T18/><D117/><U24/><E87/><V28/><F28/><W60/><G118/><T7/><D7/><U70/><E70/><V68/><F68/><W8/><G8/><T55/><D80/><U100/><E24/><V94/><REACH who="2" step="1"/><F59/><REACH who="2" ten="278,447,97,168" step="2"/><W10/><G108/><T109/><D72/><U130/><E125/><V41/><F41/><W126/><G73/><T124/><D124/><U35/><E2/><V77/><F77/><W20/><G126/><T86/><D109/><U64/><E1/><V61/><F61/><W12/><G60/><T53/><D62/><U98/><E122/><V46/><F46/><W16/><G69/><T105/><D44/><U104/><E104/><V95/><F95/><W89/><G121/><T33/><D105/><U19/><E92/><V133/><F133/><W21/><G120/><T48/><D93/><U27/><E134/><V107/><F107/><W43/><G132/><T29/><D29/><U30/><E30/><V71/><F71/><W42/><G135/><T57/><D33/><U78/><E35/><V67/><AGARI ba="0,1" hai="5,11,15,58,63,67,76,81,85,88,91,94,97,103" machi="67" ten="20,12000,1" yaku="1,1,0,1,7,1,8,1,54,1,53,0" doraHai="45" doraHaiUra="65" who="2" fromWho="2" sc="278,-40,447,-40,97,130,168,-40" /><INIT seed="6,1,0,3,4,116" ten="238,407,227,128" oya="2" hai0="105,26,77,53,11,5,68,20,34,35,29,121,45" hai1="98,56,81,50,123,88,32,44,2,17,117,66,70" hai2="62,122,7,82,85,72,118,110,19,55,49,59,64" hai3="65,74,43,39,107,103,84,46,12,25,83,4,37"/><V133/><F118/><W61/><G74/><T134/><D105/><U71/><E117/><V114/><F72/><W41/><G103/><T78/><D68/><U106/><E2/><V92/><F114/><W108/><G107/><T21/><D121/><U13/><E32/><V111/><F122/><W131/><G131/><T99/><D134/><U51/><E123/><V67/><F133/><W87/><G108/><N who="2" m="41513" /><F7/><W102/><G102/><T89/><D34/><U104/><E104/><V52/><F92/><W113/><G113/><T0/><D21/><U73/><E106/><V100/><F19/><W127/><G127/><T90/><D35/><U48/><E73/><V132/><F100/><W119/><G119/><T31/><D31/><U109/><E109/><V30/><F30/><W86/><G25/><T91/><D99/><U8/><E98/><V97/><F97/><W125/><G125/><T79/><D45/><U16/><E17/><V15/><F15/><W18/><G4/><T75/><D75/><U58/><E44/><N who="2" m="27687" /><F132/><W27/><G27/><T47/><D0/><U57/><E81/><V101/><F101/><W9/><G83/><T60/><D5/><U130/><E13/><V24/><F24/><W1/><G1/><T128/><D11/><U94/><E16/><V28/><F28/><W23/><G9/><T112/><D112/><U129/><E94/><V96/><F96/><W22/><G22/><T33/><D33/><U76/><E8/><V63/><F63/><W135/><G135/><T95/><D95/><U80/><E80/><V54/><F67/><W40/><G46/><RYUUKYOKU ba="1,0" sc="238,-15,407,-15,227,15,128,15" hai2="54,55,59,62,64,82,85" hai3="12,18,23,37,39,40,41,43,61,65,84,86,87" /><INIT seed="6,2,0,4,1,31" ten="223,392,242,143" oya="2" hai0="4,131,26,114,110,15,109,111,74,71,126,32,123" hai1="98,8,21,129,40,116,33,66,128,19,117,62,28" hai2="7,3,34,95,27,84,77,42,41,81,46,86,51" hai3="96,125,36,67,68,53,25,0,124,103,105,80,72"/><V130/><F130/><N who="1" m="50281" /><E40/><V54/><F3/><W91/><G36/><T79/><D131/><U73/><E73/><V120/><F7/><W39/><G39/><T59/><D71/><U94/><E8/><V83/><F120/><W99/><G0/><T97/><D123/><U89/><E28/><V61/><F95/><W101/><G53/><T78/><D74/><U18/><E33/><V106/><F106/><N who="3" m="63783" /><G67/><T43/><D43/><U93/><E93/><V13/><F13/><W17/><G25/><T38/><D38/><U44/><E44/><V56/><F27/><W127/><G17/><N who="1" m="6154" /><E21/><V2/><F2/><W69/><G69/><AGARI ba="2,0" hai="62,66,69,89,94,98,116,117" m="6154,50281" machi="69" ten="30,1000,0" yaku="19,1" doraHai="31" who="1" fromWho="3" sc="223,0,392,16,242,0,143,-16" /><INIT seed="7,0,0,2,0,131" ten="223,408,242,127" oya="3" hai0="8,13,101,96,24,61,26,134,75,25,77,83,115" hai1="70,32,124,93,49,45,57,129,132,135,7,20,98" hai2="50,112,82,6,38,15,43,107,117,110,120,34,113" hai3="0,27,29,33,133,36,17,64,130,35,80,121,88"/><W5/><G121/><T72/><D75/><U51/><E32/><V71/><F110/><W54/><G130/><T31/><D61/><U60/><E129/><V22/><F34/><W108/><G35/><T28/><D115/><N who="2" m="44106" /><F71/><W87/><G36/><T16/><REACH who="0" step="1"/><D134/><REACH who="0" ten="213,408,242,127" step="2"/><U99/><E132/><V3/><F120/><W74/><G108/><T109/><D109/><U44/><E135/><V102/><F117/><W79/><G133/><T68/><D68/><U39/><E70/><V55/><F38/><W67/><G54/><T85/><D85/><U95/><E124/><V127/><F127/><W62/><G17/><T91/><D91/><U47/><E7/><V90/><F55/><W12/><G0/><T30/><D30/><U53/><E39/><V78/><F3/><W128/><G128/><T125/><D125/><U122/><E122/><V84/><F90/><W23/><G62/><T42/><D42/><U14/><E98/><N who="2" m="61911" /><F6/><W100/><G100/><T56/><D56/><U18/><E99/><V52/><F43/><W92/><REACH who="3" step="1"/><G23/><REACH who="3" ten="213,408,242,117" step="2"/><T9/><D9/><AGARI ba="0,2" hai="5,9,12,27,29,33,64,67,74,79,80,87,88,92" machi="9" ten="40,7700,0" yaku="1,1,2,1,54,1,53,0" doraHai="131" doraHaiUra="65" who="3" fromWho="0" sc="213,-77,408,0,242,0,117,97" /><INIT seed="7,1,0,1,4,79" ten="136,408,242,214" oya="3" hai0="63,75,65,88,77,93,40,100,51,113,91,44,54" hai1="110,29,74,61,116,117,84,55,97,80,85,8,43" hai2="60,49,126,47,120,107,134,36,24,123,4,46,5" hai3="73,112,10,68,12,96,83,127,31,50,81,132,33"/><W11/><G73/><T48/><D113/><U7/><E110/><V87/><F107/><W133/><G127/><T118/><D118/><N who="1" m="45675" /><E43/><N who="2" m="23015" /><F126/><W56/><G112/><T111/><D111/><U98/><E74/><V90/><F134/><N who="3" m="51819" /><G68/><T103/><D91/><N who="1" m="51591" /><E29/><V20/><F60/><W66/><G96/><T30/><D30/><U131/><E85/><V109/><F109/><W101/><G101/><T108/><D108/><U27/><E27/><V26/><F26/><N who="3" m="18679" /><G10/><T53/><D77/><U76/><E76/><V34/><F34/><W19/><G50/><T28/><D28/><U18/><E131/><V6/><F49/><W67/><G56/><T78/><D78/><U86/><E86/><V82/><F46/><W23/><G23/><T42/><D75/><U104/><E104/><V35/><F35/><W121/><G121/><N who="2" m="46665" /><F5/><W16/><G19/><AGARI ba="1,0" hai="4,6,19,20,24,82,87,90" m="46665,23015" machi="19" ten="30,2000,0" yaku="13,1,52,1" doraHai="79" who="2" fromWho="3" sc="136,0,408,0,242,23,214,-23" owari="136,-36.0,408,50.0,265,7.0,191,-21.0" /></mjloggm>