<mjloggm ver="2.3"><GO type="169" lobby="0"/><UN n0="%67%6F%6D%75" n1="%E6%B0%B4%E5%81%B5" n2="%E3%81%8A%E3%81%95%E3%81%A3%E3%81%A1%E3%82%87" n3="%68%61%6D%6F%6E" dan="16,16,16,17" rate="2056.96,2061.96,2144.45,2130.84" sx="M,M,M,M"/><TAIKYOKU oya="0"/><INIT seed="0,0,0,5,1,82" ten="250,250,250,250" oya="0" hai0="93,58,87,25,26,47,78,66,97,2,67,113,112" hai1="128,135,108,124,70,122,0,85,12,24,79,54,27" hai2="48,6,83,69,17,98,131,35,117,28,46,94,76" hai3="38,118,71,5,61,32,9,80,64,14,73,127,129"/><T86/><D2/><U51/><E122/><V130/><F69/><W120/><G118/><T99/><D78/><U110/><E70/><V72/><F6/><W134/><G120/><T91/><D47/><U116/><E0/><V126/><F117/><W31/><G38/><T56/><D91/><U132/><E128/><V92/><F17/><W115/><G115/><T105/><REACH who="0" step="1"/><D93/><REACH who="0" ten="240,250,250,250" step="2"/><U41/><E116/><V52/><F92/><W68/><G129/><T104/><AGARI ba="0,1" hai="25,26,56,58,66,67,86,87,97,99,104,105,112,113" machi="104" ten="25,18000,2" yaku="1,1,2,1,0,1,22,2,52,2,53,0" doraHai="82" doraHaiUra="43" who="0" fromWho="0" sc="240,190,250,-60,250,-60,250,-60" /><INIT seed="0,1,0,1,1,8" ten="430,190,190,190" oya="0" hai0="126,55,91,135,111,4,35,20,107,44,45,125,68" hai1="63,88,86,130,7,96,76,15,134,127,116,92,77" hai2="16,102,31,33,52,83,14,78,115,10,56,26,131" hai3="30,80,87,24,53,29,133,46,121,69,54,124,42"/><T22/><D35/><U105/><E116/><V119/><F115/><W49/><G69/><T75/><D68/><U82/><E130/><V9/><F131/><W71/><G71/><T66/><D75/><U5/><E134/><V19/><F119/><W38/><G133/><T60/><D107/><U95/><E127/><N who="0" m="48649" /><D135/><U114/><E114/><V118/><F102/><W72/><G72/><T2/><D2/><U51/><E63/><V70/><F70/><W120/><G124/><T67/><D4/><U123/><E123/><N who="3" m="47178" /><G38/><T37/><D37/><U104/><E7/><V101/><F101/><W27/><G54/><T109/><D91/><U36/><E36/><V62/><F118/><W113/><G42/><T106/><D106/><U98/><E105/><V17/><F9/><W43/><G43/><T112/><D112/><U59/><E104/><V41/><F41/><W13/><G113/><T94/><D94/><U18/><E95/><V64/><F64/><N who="0" m="24618" /><D60/><U128/><E128/><V3/><F3/><W21/><G49/><N who="0" m="29095" /><D45/><U110/><E92/><V100/><F100/><W122/><G46/><T48/><D48/><U132/><E132/><V57/><F57/><W47/><G47/><T23/><AGARI ba="1,0" hai="20,22,23,109,111" m="29095,24618,48649" machi="23" ten="40,2100,0" yaku="18,1" doraHai="8" who="0" fromWho="0" sc="430,24,190,-8,190,-8,190,-8" /><INIT seed="0,2,0,4,2,38" ten="454,182,182,182" oya="0" hai0="35,119,93,125,20,124,60,64,24,61,5,82,74" hai1="19,101,83,30,126,0,84,2,42,32,27,71,130" hai2="52,33,68,29,46,44,78,26,122,25,57,99,81" hai3="108,123,48,77,40,132,49,37,100,45,88,70,66"/><T50/><D119/><U135/><E71/><V31/><F122/><W10/><G100/><T104/><D104/><U128/><E135/><V9/><F68/><W107/><G107/><T53/><D35/><U56/><E126/><N who="0" m="48745" /><D5/><U116/><E116/><V94/><F9/><W43/><G132/><T89/><D64/><U12/><E56/><V90/><F81/><W1/><G108/><T7/><D7/><U92/><E92/><V103/><F78/><W114/><G114/><T97/><D82/><U95/><E95/><V17/><F17/><W112/><G112/><T115/><D74/><U36/><E101/><V14/><F14/><W113/><G113/><T98/><D98/><U134/><E134/><V75/><F75/><W133/><G133/><T131/><D131/><U21/><E2/><V16/><F16/><W67/><G123/><T73/><D73/><U62/><E62/><V3/><F3/><W109/><G109/><T18/><D115/><U63/><E63/><V4/><F4/><W15/><G1/><T28/><D28/><U13/><E13/><V118/><F103/><W54/><G67/><T110/><D110/><U120/><E120/><V129/><F129/><W55/><G66/><T69/><D69/><U51/><E0/><V105/><F105/><W34/><G70/><T65/><D65/><U87/><E130/><V96/><F118/><W85/><G34/><T117/><D117/><U41/><E128/><V8/><F96/><W79/><G85/><T58/><AGARI ba="2,0" hai="18,20,24,50,53,58,60,61,89,93,97" m="48745" machi="58" ten="30,1500,0" yaku="18,1" doraHai="38" who="0" fromWho="0" sc="454,21,182,-7,182,-7,182,-7" /><INIT seed="0,3,0,0,2,11" ten="475,175,175,175" oya="0" hai0="86,111,115,13,80,82,46,50,32,20,76,23,90" hai1="49,77,69,130,135,102,16,33,88,22,116,34,44" hai2="41,94,31,110,36,10,103,57,123,66,19,124,134" hai3="14,122,95,79,26,98,128,5,89,65,61,127,75"/><T74/><D32/><U106/><E116/><V21/><F110/><W121/><G128/><T97/><D115/><U29/><E69/><V37/><F123/><N who="3" m="47115" /><G127/><T3/><D3/><U107/><E130/><V48/><F124/><W78/><G75/><T96/><D111/><U0/><E0/><V52/><F134/><W91/><G26/><T7/><D23/><U108/><E77/><V45/><F66/><W133/><G89/><T84/><D74/><U9/><E102/><V42/><F10/><N who="3" m="4431" /><G133/><T112/><D112/><U35/><E135/><V55/><F31/><W132/><G132/><T51/><D51/><U12/><E108/><V87/><F37/><W67/><G67/><T18/><REACH who="0" step="1"/><D7/><REACH who="0" ten="465,175,175,175" step="2"/><U8/><E35/><V99/><F36/><W101/><G101/><T81/><D81/><U118/><E34/><V17/><F17/><W131/><G131/><T119/><D119/><U71/><E33/><V53/><F87/><W25/><G25/><T64/><D64/><U72/><E72/><V43/><REACH who="2" step="1"/><F45/><REACH who="2" ten="465,175,165,175" step="2"/><W68/><AGARI ba="3,2" hai="61,65,68,78,79,91,95,98" m="4431,47115" machi="68" ten="30,2000,0" yaku="13,1,52,1" doraHai="11" who="3" fromWho="3" sc="465,-13,175,-8,165,-8,175,49" /><INIT seed="1,0,0,1,5,54" ten="452,167,157,224" oya="1" hai0="11,55,29,95,31,64,24,133,107,60,70,134,66" hai1="38,9,73,128,122,80,5,115,114,43,33,90,89" hai2="124,16,51,49,61,108,129,26,71,101,126,94,44" hai3="15,125,65,88,120,40,83,3,30,96,56,76,1"/><U10/><E122/><V50/><F108/><W35/><G120/><T109/><D107/><U116/><E116/><V47/><F101/><W13/><G125/><N who="2" m="48233" /><F94/><W105/><G40/><T103/><D109/><U93/><E33/><V117/><F117/><W32/><G105/><T62/><D55/><U27/><E27/><V81/><F81/><W37/><G37/><T39/><D39/><U7/><E128/><V119/><F119/><W123/><G123/><T118/><D118/><U112/><E93/><V106/><F106/><W57/><G65/><T92/><D103/><U52/><E80/><V127/><N who="2" m="48241" /><V82/><DORA hai="17" /><F82/><W45/><G83/><T6/><D29/><U74/><E38/><V22/><F129/><W23/><G30/><T131/><D131/><U87/><E43/><V78/><F78/><W34/><G34/><N who="0" m="20839" /><D11/><U132/><E87/><V77/><F77/><W91/><G76/><T46/><D6/><U72/><E72/><V2/><F2/><W67/><G96/><T86/><D86/><U20/><E115/><V121/><F121/><W85/><G85/><T28/><D92/><U113/><E113/><V69/><F69/><W79/><G79/><T111/><D95/><U4/><E4/><V0/><F0/><W135/><G3/><T84/><D84/><U19/><E114/><V8/><F8/><W130/><G1/><T59/><D111/><U41/><E112/><V102/><F102/><W104/><G104/><T53/><D70/><U99/><E7/><V110/><F110/><W98/><G130/><T18/><D133/><U42/><E5/><RYUUKYOKU ba="0,0" sc="452,-10,167,-10,157,30,224,-10" hai2="16,22,26,44,47,49,50,51,61,71" /><INIT seed="2,1,0,4,3,122" ten="442,157,187,214" oya="2" hai0="8,0,31,34,77,118,43,113,54,66,40,97,17" hai1="103,56,121,92,108,68,51,82,93,1,38,18,20" hai2="4,87,120,80,130,101,128,30,89,75,11,24,28" hai3="132,106,79,109,100,69,119,53,21,64,98,62,35"/><V125/><F120/><W13/><G119/><T6/><D118/><U23/><E38/><V123/><F123/><W112/><G35/><T83/><D113/><U12/><E68/><V90/><F75/><W85/><G112/><T26/><D97/><U133/><E1/><V86/><F101/><W14/><G132/><T45/><D66/><U124/><E121/><V7/><F125/><W67/><G109/><T59/><D45/><U15/><E133/><V27/><F11/><W49/><G67/><T107/><D107/><U48/><E82/><AGARI ba="1,0" hai="4,7,24,27,28,30,80,82,86,87,89,90,128,130" machi="82" ten="25,2400,0" yaku="22,2" doraHai="122" who="2" fromWho="1" sc="442,0,157,-27,187,27,214,0" /><INIT seed="2,2,0,1,4,69" ten="442,130,214,214" oya="2" hai0="29,67,93,101,112,63,57,133,59,64,58,110,92" hai1="14,127,5,73,55,18,21,37,117,100,66,34,24" hai2="0,91,134,130,98,106,62,38,96,32,115,39,108" hai3="8,70,23,82,85,65,56,107,94,88,86,15,17"/><V31/><F31/><W123/><G123/><T30/><D112/><U12/><E117/><V102/><F32/><W9/><G107/><T19/><D110/><U4/><E73/><V11/><F115/><W80/><G70/><T16/><D133/><U113/><E66/><N who="0" m="25129" /><D63/><U121/><E113/><V41/><F62/><N who="3" m="38087" /><G94/><N who="0" m="36459" /><D101/><U49/><E100/><V79/><F41/><W20/><G9/><T97/><D97/><U25/><E121/><V48/><F91/><AGARI ba="2,0" hai="8,15,17,20,23,80,82,85,86,88,91" m="38087" machi="91" ten="30,2000,0" yaku="8,1,54,1" doraHai="69" who="3" fromWho="2" sc="442,0,130,0,214,-26,214,26" /><INIT seed="3,0,0,2,5,50" ten="442,130,188,240" oya="3" hai0="45,32,67,63,22,134,108,127,25,30,76,7,132" hai1="118,103,46,8,5,52,38,78,62,10,58,35,47" hai2="126,87,88,121,82,98,90,124,34,66,112,123,97" hai3="74,54,113,107,15,26,23,122,120,84,100,69,119"/><W21/><G74/><T18/><D108/><U77/><E35/><V17/><F66/><W56/><G69/><T129/><D127/><N who="2" m="48682" /><F17/><W83/><G119/><T91/><D129/><U114/><E114/><V37/><F37/><W4/><G113/><T3/><D76/><N who="1" m="29291" /><E103/><V95/><F34/><W116/><G116/><T70/><D45/><N who="1" m="16907" /><E38/><V20/><F20/><W72/><G72/><T110/><D110/><U41/><E118/><V93/><F112/><W89/><G100/><AGARI ba="0,0" hai="82,87,88,90,93,95,97,98,100,121,123" m="48682" machi="100" ten="30,7700,0" yaku="18,1,34,2,54,1" doraHai="50" who="2" fromWho="3" sc="442,0,130,0,188,77,240,-77" /><INIT seed="4,0,0,0,5,129" ten="442,130,265,163" oya="0" hai0="45,63,119,105,34,108,49,133,69,117,46,10,33" hai1="32,98,42,57,0,75,37,52,96,84,74,82,53" hai2="39,59,4,21,2,99,25,28,125,15,101,110,91" hai3="122,50,66,86,23,118,103,81,100,97,95,24,40"/><T85/><D105/><U94/><E32/><V130/><F110/><W102/><G118/><T62/><D108/><U22/><E0/><V35/><F39/><W111/><G111/><T18/><D69/><U48/><E96/><V104/><F130/><W90/><G122/><T123/><D123/><U14/><E42/><V72/><F72/><W132/><G66/><T9/><D18/><U68/><E37/><V54/><F125/><W120/><G120/><T128/><D128/><U51/><E68/><V7/><F91/><W43/><G132/><T41/><D85/><U92/><E92/><V135/><F135/><W77/><REACH who="3" step="1"/><G50/><REACH who="3" ten="442,130,265,153" step="2"/><T88/><D133/><U87/><E51/><V58/><F2/><W3/><G3/><T64/><D49/><U109/><E109/><V8/><F35/><W71/><G71/><T93/><D64/><U13/><E48/><V16/><F59/><W12/><G12/><T60/><D119/><U11/><E13/><V55/><F55/><W65/><G65/><T83/><D117/><U67/><E53/><V113/><F113/><W112/><G112/><T5/><D34/><U89/><E67/><V78/><F54/><W19/><AGARI ba="0,1" hai="19,23,24,40,43,77,81,86,90,95,97,100,102,103" machi="19" ten="30,4000,0" yaku="1,1,0,1,8,1,53,0" doraHai="129" doraHaiUra="27" who="3" fromWho="3" sc="442,-20,130,-10,265,-10,153,50" /><INIT seed="5,0,0,0,1,117" ten="422,120,255,203" oya="1" hai0="15,112,87,96,52,28,17,67,107,6,11,23,128" hai1="118,36,66,132,44,53,4,20,22,61,14,77,111" hai2="133,78,126,55,41,79,73,25,39,94,47,113,12" hai3="54,104,130,124,75,109,69,84,100,51,49,63,91"/><U29/><E118/><V26/><F126/><W33/><G75/><T135/><D112/><U57/><E132/><V9/><F133/><W123/><G109/><T58/><D128/><U13/><E111/><V89/><F113/><W70/><G123/><T131/><D131/><U59/><E36/><V56/><F73/><W88/><G33/><T2/><D135/><U24/><E44/><V7/><F26/><W116/><G116/><T119/><D119/><U32/><E77/><V83/><F83/><W31/><G130/><T5/><D67/><U101/><E101/><V3/><F25/><W21/><G124/><T92/><D107/><U50/><REACH who="1" step="1"/><E14/><REACH who="1" ten="422,110,255,203" step="2"/><V110/><F110/><W129/><G100/><N who="0" m="60423" /><D2/><U114/><E114/><V64/><F3/><W85/><G129/><T97/><D15/><U30/><E30/><V40/><F40/><W72/><G31/><T43/><D28/><U65/><E65/><V127/><F64/><W99/><G91/><T76/><D76/><U74/><E74/><V134/><F134/><W125/><G88/><T18/><D6/><U46/><E46/><V19/><F7/><W90/><G72/><T115/><D5/><U102/><E102/><V86/><REACH who="2" step="1"/><F127/><REACH who="2" ten="422,110,245,203" step="2"/><W8/><G125/><T122/><D115/><U121/><E121/><V45/><F45/><W38/><G38/><T106/><D122/><U93/><E93/><V82/><F82/><W0/><G0/><T60/><D106/><U95/><E95/><V81/><F81/><W80/><G80/><T16/><D17/><U71/><E71/><V42/><F42/><W34/><G70/><RYUUKYOKU ba="0,2" sc="422,-15,110,15,245,15,203,-15" hai1="4,13,20,22,24,29,32,50,53,57,59,61,66" hai2="9,12,19,39,41,47,55,56,78,79,86,89,94" /><INIT seed="5,1,2,2,5,30" ten="407,125,260,188" oya="1" hai0="46,82,64,10,120,98,28,74,11,3,93,2,117" hai1="70,23,124,9,109,95,55,60,24,123,116,134,19" hai2="40,92,14,73,79,102,0,118,32,84,86,54,27" hai3="17,1,91,75,111,68,4,112,6,20,114,67,83"/><U106/><E106/><V35/><F118/><W26/><G111/><T104/><D117/><U107/><E107/><V7/><F0/><W78/><G1/><T62/><D120/><U57/><E116/><V76/><F73/><W63/><REACH who="3" step="1"/><G91/><REACH who="3" ten="407,125,260,178" step="2"/><N who="0" m="55615" /><D3/><U87/><E123/><V33/><F102/><W22/><G22/><T122/><D2/><U81/><E124/><V51/><F40/><W88/><G88/><T97/><D10/><U12/><E109/><V37/><F37/><W103/><G103/><T41/><D11/><U8/><E134/><V130/><F130/><W127/><G127/><T52/><D122/><U5/><E70/><V125/><F125/><W135/><G135/><T113/><D113/><AGARI ba="1,3" hai="4,6,17,20,26,63,67,68,75,78,83,112,113,114" machi="113" ten="40,2600,0" yaku="1,1,15,1,53,0" doraHai="30" doraHaiUra="121" who="3" fromWho="0" sc="407,-29,125,0,260,0,178,59" /><INIT seed="6,0,0,3,2,119" ten="378,125,260,237" oya="2" hai0="71,44,123,62,45,23,36,117,26,59,56,85,92" hai1="131,38,65,52,13,83,79,107,17,99,11,69,54" hai2="33,105,58,113,46,103,73,2,84,22,86,78,129" hai3="80,124,7,42,115,20,116,74,63,10,110,4,90"/><V28/><F33/><W6/><G116/><T0/><D123/><U34/><E131/><V14/><F2/><W57/><G110/><T100/><D0/><U32/><E38/><V35/><F113/><W120/><G120/><T93/><D117/><U40/><E40/><V70/><F70/><W30/><G124/><T106/><D106/><U132/><E132/><V135/><F35/><W125/><G125/><T118/><D36/><U94/><E107/><V27/><F135/><W64/><G115/><T81/><D118/><U47/><E47/><N who="0" m="17993" /><D71/><U53/><E65/><V9/><F129/><W12/><G42/><T43/><D43/><U133/><E69/><V102/><F46/><W51/><G51/><T121/><D121/><U19/><E19/><V3/><F3/><W95/><G80/><T18/><D100/><U108/><E108/><V5/><F73/><W91/><G74/><T130/><D130/><U15/><E15/><V96/><F103/><W24/><G91/><N who="0" m="51631" /><D59/><U55/><N who="1" m="13312" /><DORA hai="37" /><U25/><E25/><V122/><F122/><W89/><G90/><T39/><D39/><U104/><E104/><V16/><F58/><W68/><G68/><T97/><D97/><AGARI ba="0,0" hai="4,6,7,10,12,20,24,30,57,63,64,89,95,97" machi="97" ten="30,2000,0" yaku="7,1,8,1" doraHai="119,37" who="3" fromWho="0" sc="378,-20,125,0,260,0,237,20" /><INIT seed="7,0,0,3,0,24" ten="358,125,260,257" oya="3" hai0="80,115,46,134,41,12,56,117,112,71,99,28,114" hai1="8,130,0,116,93,124,72,13,47,34,22,78,33" hai2="20,19,118,2,74,85,16,52,18,66,113,31,133" hai3="44,107,97,131,58,98,128,3,122,135,36,87,104"/><W26/><G122/><T82/><D117/><U6/><E47/><V119/><F74/><W54/><G3/><T63/><D134/><U105/><E105/><V121/><F2/><W83/><G135/><T23/><D71/><U127/><E93/><V45/><F133/><W1/><G1/><T111/><D99/><U106/><E106/><V125/><F113/><W96/><G26/><N who="0" m="16479" /><D12/><U67/><E67/><V64/><F125/><N who="1" m="48201" /><E78/><V40/><F121/><W55/><G44/><T68/><D68/><U100/><E100/><V35/><F35/><N who="1" m="13321" /><E72/><V95/><F40/><W61/><G36/><N who="0" m="21799" /><D111/><U123/><E123/><V30/><F20/><W129/><G55/><AGARI ba="0,0" hai="55,56,63,80,82,112,114,115" m="21799,16479" machi="55" ten="30,3900,0" yaku="15,1,11,1,52,1" doraHai="24" who="0" fromWho="3" sc="358,39,125,0,260,0,257,-39" owari="397,49.0,125,-37.0,260,6.0,218,-18.0" /></mjloggm>