<mjloggm ver="2.3"><GO type="169" lobby="0"/><UN n0="%73%5F%6F%6B" n1="%E3%81%BE%E3%81%AA%E3%81%84%E3%81%9F%E3%82%88%E3%81%86%E3%81%98%E3%82%87" n2="%E6%93%AC%E4%BC%BC%E9%80%A3%E5%AE%9D%E7%87%88%E7%BE%8E" n3="%E5%B0%8F%E6%B1%A0%E5%BE%B9%E5%B9%B3" dan="16,16,16,18" rate="2096.25,2122.10,2103.42,2212.49" sx="M,M,M,M"/><TAIKYOKU oya="0"/><INIT seed="0,0,0,2,2,109" ten="250,250,250,250" oya="0" hai0="133,48,103,100,51,36,3,64,56,115,5,85,88" hai1="43,18,52,73,82,46,11,45,59,4,17,10,79" hai2="131,107,127,87,71,118,99,24,55,91,119,35,8" hai3="105,41,28,16,97,23,66,117,6,53,89,2,21"/><T94/><D36/><U44/><E43/><V83/><F71/><W77/><G117/><T25/><D133/><U54/><E11/><V70/><F70/><W14/><G66/><T114/><D3/><U69/><E69/><V60/><F131/><W63/><G77/><T116/><D5/><U38/><E38/><V102/><F127/><W90/><G41/><T32/><D116/><N who="2" m="44586" /><F8/><W50/><G63/><T120/><D120/><U9/><E9/><V67/><F67/><W33/><G23/><T62/><D100/><U81/><E81/><V0/><F0/><W61/><G61/><T84/><D103/><U74/><E74/><V30/><F60/><W47/><G2/><T93/><D93/><U29/><E29/><V98/><F98/><W121/><G6/><T34/><D84/><U57/><E57/><V78/><F55/><W39/><G39/><T134/><D134/><U92/><E54/><V113/><F78/><W37/><G37/><T31/><D34/><U135/><E135/><V42/><F42/><W110/><G121/><T15/><REACH who="0" step="1"/><D15/><REACH who="0" ten="240,250,250,250" step="2"/><U128/><E4/><V49/><F102/><W20/><G33/><T80/><D80/><U122/><E82/><V126/><F83/><W123/><G123/><T96/><D96/><U124/><E122/><V40/><F99/><W86/><G86/><T22/><D22/><U65/><E92/><V95/><F95/><W26/><G90/><T7/><D7/><U108/><E79/><V58/><F35/><W104/><G89/><T130/><D130/><U12/><E128/><V125/><F91/><W75/><G97/><RYUUKYOKU ba="0,1" sc="240,30,250,-10,250,-10,250,-10" hai0="25,31,32,48,51,56,62,64,85,88,94,114,115" /><INIT seed="0,1,1,2,4,42" ten="270,240,240,240" oya="0" hai0="132,16,133,14,98,82,94,116,28,1,35,39,77" hai1="127,105,61,6,89,33,108,83,69,111,51,67,21" hai2="65,97,104,23,113,95,102,43,119,91,48,11,50" hai3="62,129,87,118,46,128,64,22,10,55,41,109,4"/><T56/><D1/><U57/><E33/><V130/><F113/><W75/><G75/><T2/><D2/><U54/><E6/><V40/><F130/><N who="3" m="50283" /><G118/><T44/><D56/><U96/><E21/><V58/><F119/><W106/><G109/><N who="1" m="42058" /><E83/><V76/><F76/><W30/><G55/><T49/><D28/><U86/><E86/><V27/><F11/><W70/><G106/><T135/><D35/><U124/><E89/><V45/><F65/><W7/><G87/><T34/><D34/><U47/><E96/><V122/><F122/><W88/><G88/><N who="0" m="55623" /><D39/><U9/><E9/><V126/><F104/><W74/><G10/><N who="0" m="6231" /><D116/><U85/><E105/><V131/><F131/><W100/><G74/><T114/><D114/><U36/><E85/><V18/><F97/><W80/><G30/><T59/><D59/><U123/><E123/><V0/><F58/><W110/><G110/><T32/><D32/><U90/><E90/><V5/><F91/><W31/><G31/><T68/><D82/><U93/><E93/><V121/><F95/><W12/><G80/><T134/><D134/><U125/><E36/><V101/><F121/><W112/><G112/><T92/><D92/><U8/><E8/><V20/><F0/><W71/><G7/><T66/><D77/><U63/><E127/><V78/><F126/><W107/><G4/><T115/><D115/><U52/><AGARI ba="1,1" hai="47,51,52,54,57,61,63,67,69,124,125" m="42058" machi="52" ten="30,8000,1" yaku="14,1,34,2,52,1,54,1" doraHai="42" who="1" fromWho="1" sc="270,-41,240,93,240,-21,240,-21" /><INIT seed="1,0,0,1,2,88" ten="229,333,219,219" oya="1" hai0="75,86,1,109,5,94,92,99,50,65,66,76,54" hai1="123,78,114,59,125,73,96,134,127,53,7,28,121" hai2="0,57,130,17,107,40,30,47,80,3,83,37,32" hai3="33,116,98,58,120,56,110,128,48,103,26,126,71"/><U131/><E114/><V29/><F107/><W82/><G120/><T124/><D75/><U101/><E7/><V91/><F130/><W100/><G71/><T12/><D1/><U19/><E28/><V6/><F17/><W135/><G128/><T18/><D5/><U46/><E131/><V25/><F30/><W13/><G33/><T119/><D119/><U95/><E46/><V61/><F6/><W133/><G26/><T70/><D124/><N who="1" m="47691" /><E134/><N who="3" m="51210" /><G110/><T85/><D109/><U104/><E104/><V22/><F32/><W9/><G116/><T111/><D111/><U122/><E19/><V60/><F60/><W45/><G82/><N who="0" m="47303" /><D86/><U2/><E2/><V42/><F42/><N who="3" m="24631" /><G126/><T108/><D70/><U112/><E112/><V93/><F3/><W118/><G118/><T51/><D51/><N who="1" m="31167" /><E73/><V68/><F0/><W129/><G129/><T23/><D108/><U44/><E78/><V49/><F68/><W84/><G84/><T34/><D34/><U117/><E117/><V132/><F132/><W11/><G58/><N who="0" m="33111" /><D99/><U115/><E115/><V90/><F37/><W87/><G98/><T81/><D81/><U4/><E4/><V27/><F80/><W14/><G87/><T105/><D105/><N who="1" m="63655" /><E44/><V69/><F83/><W106/><G106/><T8/><D8/><U79/><E79/><V31/><F69/><W89/><G9/><T77/><D77/><U39/><E39/><V64/><F47/><W20/><G11/><T52/><D52/><U102/><E123/><V41/><F41/><W55/><G55/><T15/><D15/><U67/><E67/><AGARI ba="0,0" hai="12,18,23,65,66,67,92,94" m="33111,47303" machi="67" ten="30,3900,0" yaku="8,1,52,2" doraHai="88" who="0" fromWho="1" sc="229,39,333,-39,219,0,219,0" /><INIT seed="2,0,0,5,5,8" ten="268,294,219,219" oya="2" hai0="16,19,36,78,17,55,34,32,37,63,133,28,66" hai1="54,42,46,98,108,71,123,41,76,65,90,115,82" hai2="75,89,0,11,125,59,31,58,21,88,127,95,53" hai3="50,49,29,129,56,62,57,45,91,93,70,111,18"/><V33/><F75/><W85/><G111/><T128/><D128/><U92/><E115/><V13/><F33/><W69/><G129/><T109/><D109/><U25/><E108/><V97/><F0/><W96/><G29/><T126/><D133/><U112/><E112/><V68/><F68/><W135/><G135/><T110/><D110/><U22/><E123/><V116/><F116/><W86/><G69/><T100/><D78/><U48/><E65/><V1/><F1/><W81/><G70/><T87/><D87/><N who="1" m="48583" /><E71/><V130/><F130/><W20/><G45/><T60/><D66/><U99/><E99/><V4/><F89/><W131/><G131/><T7/><D100/><U74/><E74/><V114/><F114/><W113/><G85/><T121/><D37/><U30/><AGARI ba="0,0" hai="22,25,30,41,42,46,48,54,90,92,98" m="48583" machi="30" ten="30,1100,0" yaku="8,1" doraHai="8" who="1" fromWho="1" sc="268,-3,294,11,219,-5,219,-3" /><INIT seed="3,0,0,1,1,62" ten="265,305,214,216" oya="3" hai0="34,111,1,56,43,134,133,67,52,92,79,3,119" hai1="115,30,40,121,73,60,95,8,129,75,47,64,98" hai2="19,65,37,114,80,124,88,113,48,132,108,13,118" hai3="109,127,27,44,54,29,22,61,135,53,49,4,101"/><W16/><G127/><T104/><D104/><U91/><E121/><V32/><F37/><W99/><G135/><N who="0" m="51723" /><D34/><U45/><E115/><V51/><F132/><W89/><G4/><T77/><D43/><U103/><E129/><V120/><F118/><W25/><G109/><T59/><D119/><U35/><E47/><V85/><F108/><W128/><G128/><T28/><D28/><U110/><E110/><V90/><F124/><W33/><G89/><T69/><D69/><U6/><E30/><V63/><F32/><W58/><G99/><T55/><D92/><U39/><E103/><V46/><F90/><W112/><REACH who="3" step="1"/><G101/><REACH who="3" ten="265,305,214,206" step="2"/><T81/><D111/><U17/><E6/><V71/><F120/><W57/><G57/><T26/><D59/><U23/><E91/><V15/><F113/><AGARI ba="0,1" hai="16,22,25,27,29,33,44,49,53,54,58,61,112,113" machi="113" ten="40,12000,1" yaku="1,1,54,1,53,2" doraHai="62" doraHaiUra="50" who="3" fromWho="2" sc="265,0,305,0,214,-120,206,130" /><INIT seed="3,1,0,3,0,46" ten="265,305,94,336" oya="3" hai0="22,83,14,111,88,35,11,94,32,51,133,58,66" hai1="113,65,71,36,95,119,40,72,60,124,130,34,49" hai2="12,6,70,69,103,30,78,126,75,92,4,100,76" hai3="105,85,1,43,87,110,7,108,63,24,0,74,121"/><W16/><G121/><T89/><D111/><N who="3" m="42537" /><G74/><T128/><D128/><U61/><E34/><V56/><F126/><W131/><G105/><T102/><D133/><U77/><E95/><V68/><F30/><W26/><G131/><T13/><D35/><U45/><E77/><V23/><F75/><W48/><G63/><N who="0" m="38263" /><D32/><U73/><E72/><V33/><F33/><W109/><G109/><T18/><D83/><U44/><E73/><V2/><F2/><N who="3" m="1131" /><G7/><N who="0" m="3327" /><D51/><U82/><E82/><V115/><F4/><W104/><G104/><T39/><D39/><U120/><E120/><V57/><F6/><W81/><G16/><T15/><D15/><U3/><E3/><V99/><F12/><W135/><G135/><T93/><D93/><U118/><E130/><V132/><F132/><W67/><G67/><T96/><AGARI ba="1,0" hai="14,18,22,88,89,94,96,102" m="3327,38263" machi="96" ten="30,2000,0" yaku="8,1,54,1" doraHai="46" who="0" fromWho="0" sc="265,23,305,-6,94,-6,336,-11" /><INIT seed="4,0,0,2,1,48" ten="288,299,88,325" oya="0" hai0="41,29,35,117,55,120,28,31,110,134,46,34,58" hai1="82,40,129,102,94,30,59,76,77,60,64,3,49" hai2="116,123,86,74,106,6,71,20,75,42,66,93,96" hai3="125,108,1,121,65,39,131,14,68,112,26,61,11"/><T52/><D120/><U36/><E3/><V122/><F42/><W105/><RYUUKYOKU type="yao9" ba="0,0" sc="288,0,299,0,88,0,325,0" hai3="1,11,14,26,39,61,65,68,105,108,112,121,125,131" /><INIT seed="4,1,0,2,1,89" ten="288,299,88,325" oya="0" hai0="17,110,12,90,62,134,115,88,46,26,112,4,119" hai1="47,97,78,25,3,22,77,6,76,30,44,108,104" hai2="5,79,93,69,2,75,50,63,16,61,9,103,31" hai3="118,10,33,71,130,54,73,55,56,84,81,129,14"/><T121/><D121/><U127/><E108/><V125/><F125/><W123/><G118/><T132/><D119/><U117/><E117/><V36/><F36/><W94/><G71/><T67/><D110/><U15/><E3/><V65/><F31/><W70/><G70/><N who="0" m="42359" /><D26/><U74/><E74/><V100/><F63/><W80/><G33/><T131/><D4/><U107/><E127/><V126/><F126/><W85/><G73/><T72/><D72/><U91/><E107/><V23/><F50/><W29/><G29/><T92/><D90/><U7/><E104/><V40/><F40/><W57/><G10/><T48/><D131/><U116/><E116/><V82/><REACH who="2" step="1"/><F93/><REACH who="2" ten="288,299,78,325" step="2"/><W98/><G94/><T111/><D111/><U87/><E30/><V64/><F64/><W49/><G49/><T39/><D39/><U83/><E47/><V102/><F102/><W114/><G130/><T43/><D115/><U101/><E44/><V18/><F18/><W24/><G114/><T135/><D112/><U11/><E6/><V0/><F0/><W86/><G129/><T52/><D43/><U124/><E124/><V41/><F41/><W28/><G28/><T53/><D53/><U42/><E42/><V21/><F21/><W45/><G55/><T106/><D106/><U109/><E109/><V58/><F58/><W113/><G56/><T120/><D120/><U105/><E22/><V122/><F122/><W68/><G123/><T51/><D52/><U8/><E8/><V60/><F60/><N who="3" m="35895" /><G113/><T1/><D1/><U59/><E59/><V34/><F34/><W20/><G45/><RYUUKYOKU ba="1,1" sc="288,-15,299,15,78,15,325,-15" hai1="7,11,15,25,76,77,78,83,87,91,97,101,105" hai2="2,5,9,16,23,61,65,69,75,79,82,100,103" /><INIT seed="5,2,1,1,4,75" ten="273,314,93,310" oya="1" hai0="66,132,112,92,88,124,74,77,131,13,69,119,133" hai1="94,21,114,71,6,31,20,3,87,129,68,64,130" hai2="120,7,116,47,90,24,35,65,83,122,121,72,5" hai3="29,42,10,135,11,111,8,84,81,27,9,82,85"/><U58/><E114/><V106/><F116/><W2/><G111/><T4/><D119/><U51/><E3/><V1/><F106/><W25/><G135/><N who="0" m="51787" /><D69/><U53/><E6/><V105/><F105/><W96/><G42/><T52/><D66/><U17/><E31/><V101/><F101/><W97/><G2/><T55/><D124/><U76/><E21/><V40/><F65/><W43/><G43/><T98/><D131/><N who="1" m="50187" /><E64/><V123/><N who="2" m="30720" /><DORA hai="22" /><V128/><F128/><W99/><G10/><N who="0" m="4295" /><D112/><U62/><E62/><V32/><F90/><N who="3" m="51471" /><G29/><T16/><D16/><U61/><E61/><V38/><F24/><W80/><G80/><AGARI ba="2,1" hai="52,55,74,77,80,88,92,98" m="4295,51787" machi="80" ten="30,7700,0" yaku="20,1,52,1,54,2" doraHai="75,22" who="0" fromWho="3" sc="273,93,314,0,93,0,310,-83" /><INIT seed="6,0,0,4,5,95" ten="366,314,93,227" oya="2" hai0="49,115,64,36,44,3,73,46,6,118,87,63,17" hai1="29,4,16,20,124,50,23,127,37,75,125,129,53" hai2="9,120,131,57,133,12,103,80,56,86,45,91,66" hai3="85,54,90,15,128,92,28,134,71,30,52,33,100"/><V14/><F120/><W74/><G74/><T42/><D73/><U48/><E37/><V121/><F121/><W38/><G71/><T34/><D34/><U102/><E75/><V5/><F131/><W68/><G68/><T40/><D118/><U98/><E4/><V104/><F133/><W61/><G38/><T8/><D115/><U43/><E129/><V11/><F66/><W96/><G128/><T108/><D108/><U116/><E116/><V69/><F69/><W47/><G134/><T2/><D17/><U65/><E65/><V1/><F45/><W89/><G33/><T26/><D26/><U106/><E43/><V117/><F117/><W110/><G110/><T123/><D87/><U94/><E29/><N who="3" m="11370" /><G15/><T93/><D63/><U88/><E53/><N who="3" m="20586" /><G61/><T51/><D64/><U130/><E130/><V72/><F72/><W76/><G47/><T13/><D36/><U105/><E23/><V109/><F109/><W97/><G97/><T62/><D62/><U82/><E106/><V122/><F122/><W7/><G7/><T0/><D123/><U59/><E59/><V21/><F21/><W78/><G85/><T77/><D2/><U67/><E67/><V112/><F112/><W18/><G18/><T10/><D13/><N who="2" m="5226" /><F11/><W32/><G32/><T99/><D8/><U58/><E105/><V31/><F31/><W135/><G135/><T25/><D0/><U70/><E70/><V111/><F111/><W107/><G107/><T60/><D3/><U81/><E58/><N who="2" m="22635" /><F104/><W41/><G41/><T24/><D40/><U83/><E124/><V113/><F113/><RYUUKYOKU ba="0,0" sc="366,-15,314,-15,93,15,227,15" hai2="1,5,9,80,86,91,103" hai3="76,78,89,90,92,96,100" /><INIT seed="6,1,0,0,2,4" ten="351,299,108,242" oya="2" hai0="127,82,36,107,97,17,104,42,77,69,91,109,5" hai1="80,35,44,123,78,106,132,45,103,1,56,75,25" hai2="125,29,12,15,95,121,131,86,54,31,113,33,130" hai3="46,40,58,2,135,119,18,26,102,105,52,53,65"/><V122/><F54/><W47/><G119/><T83/><D109/><U73/><E73/><V129/><F86/><W117/><G2/><T81/><D69/><U72/><E72/><V98/><F113/><W70/><G117/><T64/><D64/><U112/><E112/><V89/><F125/><W111/><G111/><T133/><D5/><U96/><E132/><V101/><F101/><W7/><G7/><T76/><D17/><U85/><E123/><N who="2" m="47115" /><F33/><W27/><G135/><T14/><D133/><U38/><E38/><V93/><F93/><W39/><G53/><T30/><D30/><AGARI ba="1,0" hai="12,15,29,30,31,89,95,98,129,130,131" m="47115" machi="30" ten="40,2000,0" yaku="19,1" doraHai="4" who="2" fromWho="0" sc="351,-23,299,0,108,23,242,0" /><INIT seed="6,2,0,1,2,31" ten="328,299,131,242" oya="2" hai0="13,27,4,22,71,8,110,88,34,91,20,122,50" hai1="77,117,5,112,54,65,90,67,133,33,105,100,6" hai2="125,74,83,21,62,7,119,78,28,66,40,103,87" hai3="129,37,24,35,16,38,11,80,25,134,95,1,17"/><V63/><F119/><W57/><G134/><T18/><D110/><U60/><E117/><V26/><F125/><W123/><G123/><T126/><D122/><U64/><E77/><V97/><F7/><W86/><G95/><T115/><D71/><U118/><E118/><V96/><F40/><W56/><G1/><T85/><D34/><U70/><E70/><V32/><F96/><W48/><G129/><T61/><D61/><U72/><E72/><V102/><F102/><W124/><G124/><T113/><D126/><U0/><E133/><V82/><F21/><W36/><G11/><T127/><D127/><U15/><E0/><V45/><F45/><W2/><G2/><T42/><D22/><U104/><E112/><N who="0" m="43081" /><D85/><U131/><E131/><V39/><F39/><W94/><G94/><T30/><D4/><U81/><E5/><V114/><F114/><W120/><G48/><T111/><D111/><U9/><E33/><V109/><F109/><W135/><G56/><T132/><D132/><U76/><E104/><V44/><F44/><AGARI ba="2,0" hai="8,13,18,20,27,30,42,44,50,88,91" m="43081" machi="44" ten="30,2000,0" yaku="15,1,54,1" doraHai="31" who="0" fromWho="2" sc="328,26,299,0,131,-26,242,0" /><INIT seed="7,0,0,0,0,122" ten="354,299,105,242" oya="3" hai0="44,126,55,54,13,36,131,32,64,15,75,113,46" hai1="38,83,60,125,50,18,41,99,30,117,25,21,14" hai2="67,70,11,132,97,115,33,2,119,34,87,134,133" hai3="98,40,27,20,101,17,28,96,110,88,53,62,76"/><W23/><G76/><T80/><D32/><U105/><E125/><V95/><F119/><W1/><G1/><T47/><D126/><U58/><E117/><V69/><F87/><W118/><G118/><T128/><D36/><U84/><E38/><V61/><F95/><N who="3" m="58591" /><G40/><T26/><D26/><U52/><E105/><V56/><F56/><N who="3" m="35087" /><G23/><T81/><D64/><U120/><E120/><V71/><F97/><W45/><G45/><T37/><D37/><U114/><E99/><V12/><F12/><N who="0" m="4682" /><D113/><U3/><E3/><V5/><REACH who="2" step="1"/><F115/><REACH who="2" ten="354,299,95,242" step="2"/><W86/><G86/><T104/><D75/><U90/><E114/><V129/><F129/><W103/><G96/><T31/><D131/><U8/><REACH who="1" step="1"/><E41/><REACH who="1" ten="354,289,95,242" step="2"/><V116/><F116/><W106/><G106/><T9/><D104/><U59/><E59/><V109/><F109/><W10/><G110/><T6/><D128/><U51/><AGARI ba="0,2" hai="8,14,18,21,25,30,50,51,52,58,60,83,84,90" machi="51" ten="30,7900,0" yaku="1,1,0,1,8,1,54,1,53,0" doraHai="122" doraHaiUra="39" who="1" fromWho="1" sc="354,-20,289,99,95,-20,242,-39" owari="334,13.0,388,49.0,75,-42.0,203,-20.0" /></mjloggm>