<mjloggm ver="2.3"><GO type="169" lobby="0"/><UN n0="%E2%98%86%E3%82%B7%E3%83%A3%E3%83%81%E3%83%8F%E3%82%B2%CE%B2%E2%98%86" n1="%E3%82%86%E3%80%82%E3%80%82" n2="%E2%98%85%4C%55%43%4B" n3="%E3%81%97%E3%81%A9%E3%83%BC" dan="16,17,16,16" rate="2085.60,2159.63,2100.75,2077.44" sx="F,M,M,M"/><TAIKYOKU oya="0"/><INIT seed="0,0,0,5,0,112" ten="250,250,250,250" oya="0" hai0="113,66,34,109,86,0,41,45,21,29,98,19,131" hai1="93,114,116,99,31,1,76,120,24,38,51,88,17" hai2="106,81,123,12,54,74,96,68,4,7,67,124,49" hai3="47,6,50,128,40,135,65,132,14,26,55,37,35"/><T126/><D113/><U125/><E38/><V117/><F123/><W133/><G128/><T84/><D0/><U33/><E1/><V3/><F124/><W46/><G65/><T119/><D131/><U9/><E120/><V115/><F115/><W134/><N who="3" m="33792" /><DORA hai="53" /><W59/><G14/><T42/><D126/><U122/><E122/><V52/><F3/><W8/><G8/><T44/><D66/><U58/><E76/><V69/><F54/><W78/><G78/><T22/><D98/><U103/><E103/><V11/><F7/><W48/><G6/><T77/><D77/><U20/><E9/><V105/><F67/><W57/><G37/><T5/><D5/><U111/><E111/><V79/><F117/><W94/><G94/><T118/><D19/><U61/><E51/><V23/><F23/><W62/><G62/><T72/><D72/><U70/><E70/><V83/><F83/><W104/><G104/><T39/><D39/><U87/><E87/><V89/><F89/><W108/><G108/><T18/><D18/><U80/><E80/><V127/><F127/><W107/><G107/><T121/><D121/><U56/><E125/><V75/><F75/><W129/><G129/><T32/><REACH who="0" step="1"/><D29/><AGARI ba="0,0" hai="26,29,35,40,46,47,48,50,55,57,59" m="33792" machi="29" ten="70,8000,1" yaku="20,1,52,2" doraHai="112,53" who="3" fromWho="0" sc="250,-80,250,0,250,0,250,80" /><INIT seed="1,0,0,3,2,81" ten="170,250,250,330" oya="1" hai0="77,16,133,107,73,127,92,22,29,106,116,115,74" hai1="103,70,71,5,37,11,23,66,20,114,90,126,75" hai2="76,135,28,109,38,32,35,60,30,123,130,132,72" hai3="68,9,104,34,82,14,100,31,43,27,124,105,93"/><U87/><E114/><V58/><F123/><W39/><G68/><T21/><D115/><U98/><E75/><V91/><F38/><W12/><G124/><T84/><D127/><U50/><E37/><V44/><F109/><W110/><G110/><T67/><D116/><U17/><E126/><V25/><F130/><W120/><G120/><T83/><D133/><N who="2" m="51274" /><F44/><W48/><G39/><T122/><D122/><U6/><E50/><V62/><F91/><W54/><G14/><T89/><D74/><U42/><E42/><V113/><F113/><W129/><G43/><T78/><D78/><U94/><E66/><V121/><F121/><W51/><G51/><T13/><REACH who="0" step="1"/><D67/><REACH who="0" ten="160,250,250,330" step="2"/><U26/><E71/><V0/><F76/><W64/><G64/><T131/><D131/><U52/><E70/><V112/><F72/><W85/><G129/><T134/><D134/><U8/><E52/><V79/><F79/><W47/><G100/><T41/><D41/><U2/><E23/><V56/><F112/><W45/><G45/><T101/><D101/><U19/><E11/><V10/><F56/><W57/><G57/><T4/><D4/><U119/><E6/><N who="2" m="1351" /><F58/><W96/><G9/><T24/><AGARI ba="0,1" hai="13,16,21,22,24,29,73,77,83,84,89,92,106,107" machi="24" ten="30,7900,0" yaku="1,1,0,1,52,1,54,1,53,0" doraHai="81" doraHaiUra="69" who="0" fromWho="0" sc="160,89,250,-39,250,-20,330,-20" /><INIT seed="2,0,0,5,4,99" ten="249,211,230,310" oya="2" hai0="73,44,39,25,48,94,50,114,8,112,30,43,19" hai1="63,5,135,14,105,67,127,37,40,62,81,28,109" hai2="115,10,93,129,117,60,79,80,47,18,70,59,41" hai3="122,12,125,58,34,96,104,22,51,131,106,74,42"/><V102/><F117/><W1/><G34/><T92/><D73/><U66/><E105/><V71/><F115/><W38/><G1/><T7/><D19/><U64/><E109/><V4/><F129/><W111/><G122/><T29/><D39/><U24/><E135/><V116/><F116/><W46/><G111/><T134/><D134/><U72/><E127/><V54/><F18/><W82/><G131/><T133/><D133/><U86/><E72/><V13/><F93/><W32/><G32/><T69/><D69/><U119/><E119/><V52/><F54/><W132/><G132/><T85/><D114/><U97/><E97/><V78/><F78/><W68/><G68/><T65/><D65/><U89/><E37/><V100/><F70/><W88/><G125/><T90/><D112/><U126/><E40/><V15/><F15/><W27/><G12/><N who="0" m="5151" /><D25/><U91/><E91/><V118/><F71/><W20/><G74/><T56/><D94/><U120/><E120/><V23/><F23/><W128/><G128/><T75/><D75/><U83/><E83/><V45/><F118/><W36/><G22/><T26/><D26/><U3/><E3/><V16/><F4/><W2/><G2/><T84/><D84/><U130/><E130/><V124/><F124/><W49/><G38/><T108/><D108/><U9/><REACH who="1" step="1"/><E126/><REACH who="1" ten="249,201,230,310" step="2"/><V53/><F41/><W31/><G36/><T0/><D0/><U113/><E113/><V17/><F80/><W95/><G82/><T55/><AGARI ba="0,1" hai="29,30,43,44,48,50,55,56,85,90,92" m="5151" machi="55" ten="30,1100,0" yaku="8,1" doraHai="99" who="0" fromWho="0" sc="249,21,201,-3,230,-5,310,-3" /><INIT seed="3,0,0,0,4,68" ten="270,198,225,307" oya="3" hai0="49,42,113,7,40,114,12,107,62,17,116,22,43" hai1="88,93,105,57,48,85,24,128,32,14,94,63,55" hai2="45,15,70,41,37,39,2,111,122,132,6,16,1" hai3="82,102,29,77,127,79,47,35,64,81,75,129,5"/><W120/><G120/><T135/><D116/><U28/><E105/><V46/><F111/><W90/><G64/><T109/><D109/><U50/><E128/><V110/><F110/><W52/><G129/><T27/><D107/><U121/><E121/><V71/><F122/><W0/><G102/><T92/><D135/><U126/><E126/><V134/><F6/><W76/><G90/><T72/><D72/><U65/><E14/><V58/><F58/><W13/><G0/><N who="2" m="105" /><F15/><W23/><G35/><T118/><D118/><U9/><E9/><V19/><F19/><W108/><G75/><T20/><D7/><U67/><E67/><V104/><F16/><N who="3" m="10639" /><G127/><T133/><D133/><N who="2" m="51306" /><F104/><W34/><G34/><T33/><D33/><U26/><E26/><V87/><F87/><W74/><G74/><T8/><D114/><U101/><E65/><V44/><F41/><W18/><G29/><N who="0" m="17639" /><D113/><U30/><E30/><V130/><F130/><W123/><G5/><T10/><D43/><U117/><E117/><V98/><F98/><W66/><G123/><T99/><D42/><U54/><E28/><V119/><F119/><W36/><G18/><T61/><D40/><U83/><E32/><V95/><F95/><W91/><G108/><T78/><D17/><U51/><E94/><V100/><F100/><W80/><G91/><T53/><D92/><U56/><E24/><V112/><F112/><W4/><G4/><T125/><D125/><U73/><E73/><V31/><F31/><W38/><G66/><T124/><D124/><U103/><E103/><V131/><F131/><W89/><G89/><RYUUKYOKU ba="0,0" sc="270,-30,198,10,225,10,307,10" hai1="48,50,51,54,55,56,57,63,83,85,88,93,101" hai2="37,39,44,45,46,70,71" hai3="36,38,47,52,76,77,79,80,81,82" /><INIT seed="3,1,0,1,3,33" ten="240,208,235,317" oya="3" hai0="121,11,65,53,6,88,91,7,54,110,15,38,95" hai1="66,113,12,48,97,14,131,120,132,56,23,46,30" hai2="127,60,57,52,28,103,107,10,89,64,83,105,122" hai3="134,59,82,29,90,104,58,27,81,79,70,111,62"/><W75/><G134/><T96/><D121/><U84/><E120/><V119/><F119/><W22/><G104/><T99/><D38/><U128/><E132/><V114/><F122/><W3/><G3/><T42/><D42/><U130/><E113/><V50/><F114/><W36/><G36/><T74/><D74/><U101/><E84/><V2/><F28/><W85/><REACH who="3" step="1"/><G111/><REACH who="3" ten="240,208,235,307" step="2"/><T61/><D110/><U26/><E131/><V25/><F107/><W63/><G63/><T69/><D7/><U1/><E1/><V100/><F105/><W92/><G92/><AGARI ba="1,1" hai="6,11,15,53,54,61,65,69,88,91,92,95,96,99" machi="92" ten="40,2600,0" yaku="9,1,54,1" doraHai="33" who="0" fromWho="3" sc="240,39,208,0,235,0,307,-29" /><INIT seed="4,0,0,3,2,11" ten="279,208,235,278" oya="0" hai0="77,25,47,130,71,66,110,69,12,117,100,50,56" hai1="1,18,85,29,59,49,35,120,107,54,109,114,103" hai2="38,73,113,134,21,96,24,44,4,112,135,41,102" hai3="20,60,30,48,78,23,86,79,74,127,2,33,133"/><T101/><D117/><U126/><E109/><V3/><F73/><W76/><G2/><T95/><D110/><U92/><E120/><V128/><F3/><W46/><G74/><T67/><D130/><U88/><E1/><V97/><F4/><W26/><G127/><T9/><D77/><U82/><E126/><V5/><F5/><W129/><G129/><T90/><D25/><U13/><E114/><N who="2" m="44139" /><F128/><W52/><G133/><N who="2" m="50697" /><F102/><N who="0" m="39530" /><D69/><U81/><E35/><V125/><F125/><W10/><G86/><N who="0" m="52695" /><D56/><U39/><E29/><AGARI ba="0,0" hai="21,24,29,38,41,44,96,97" m="50697,44139" machi="29" ten="30,2000,0" yaku="15,1,20,1" doraHai="11" who="2" fromWho="1" sc="279,0,208,-20,235,20,278,0" /><INIT seed="5,0,0,0,4,104" ten="279,188,255,278" oya="1" hai0="78,92,15,100,56,50,105,32,86,10,34,129,22" hai1="74,11,43,45,57,98,91,51,0,124,135,96,115" hai2="20,52,68,123,33,46,80,5,85,13,111,84,118" hai3="2,122,53,113,55,127,117,59,133,126,131,54,26"/><U27/><E115/><V14/><F33/><W69/><G122/><T25/><D129/><U28/><E135/><V116/><F123/><W88/><G117/><T132/><D132/><U75/><E124/><N who="3" m="47658" /><G133/><T61/><D105/><U103/><E91/><V37/><F68/><W41/><G2/><T62/><D50/><U134/><E134/><V16/><F111/><W110/><G110/><T8/><D32/><U95/><E98/><V87/><F37/><W72/><G72/><T30/><D34/><U83/><E83/><V70/><F70/><W71/><G131/><T101/><D8/><U18/><E57/><V29/><F29/><W82/><G41/><T39/><D39/><U44/><E44/><V108/><F108/><W109/><G109/><T128/><D128/><U38/><E38/><V21/><F118/><W58/><G113/><T17/><D62/><U9/><E9/><N who="2" m="4271" /><F116/><W90/><G26/><T130/><D130/><U79/><E79/><N who="2" m="46111" /><F20/><W1/><G1/><T114/><D114/><U65/><E65/><V94/><F94/><W119/><G119/><T19/><D30/><U23/><REACH who="1" step="1"/><E28/><REACH who="1" ten="279,178,255,278" step="2"/><V4/><F4/><AGARI ba="0,1" hai="0,4,11,18,23,27,43,45,51,74,75,95,96,103" machi="4" ten="40,12000,1" yaku="1,1,2,1,52,2,53,0" doraHai="104" doraHaiUra="121" who="1" fromWho="2" sc="279,0,178,130,255,-120,278,0" /><INIT seed="5,1,0,0,3,82" ten="279,308,135,278" oya="1" hai0="96,62,25,123,72,13,134,19,47,112,23,1,56" hai1="129,103,7,115,106,78,24,124,8,98,39,14,109" hai2="117,114,91,55,34,108,133,12,104,28,33,99,35" hai3="29,101,71,4,50,36,85,116,16,100,10,135,51"/><U113/><E129/><V83/><F117/><W11/><G116/><T54/><D1/><U45/><E124/><V93/><F108/><W76/><G36/><T86/><D72/><U42/><E109/><V121/><F121/><W81/><G71/><T105/><D123/><U74/><E24/><V43/><F133/><W61/><G61/><T97/><D134/><U90/><E90/><V38/><F114/><W27/><G29/><T70/><D112/><N who="1" m="43083" /><E78/><V79/><F104/><W69/><G135/><T131/><D131/><U40/><E42/><V87/><F12/><N who="3" m="5223" /><G69/><T49/><D105/><U21/><E21/><V3/><F3/><W102/><G10/><T122/><D122/><U5/><E74/><V132/><F132/><W80/><G80/><T6/><D70/><U111/><E111/><V126/><F126/><W44/><G44/><T22/><D47/><U127/><E127/><V88/><F55/><W110/><G110/><T89/><D62/><U52/><E5/><V118/><F118/><W0/><G0/><T20/><D6/><U53/><AGARI ba="1,0" hai="7,8,14,39,40,45,52,53,98,103,106" m="43083" machi="53" ten="30,3000,0" yaku="15,1,54,1" doraHai="82" who="1" fromWho="1" sc="279,-11,308,33,135,-11,278,-11" /><INIT seed="5,2,0,4,5,129" ten="268,341,124,267" oya="1" hai0="28,53,31,75,73,5,33,37,105,36,120,40,74" hai1="113,94,0,50,95,98,108,13,117,112,106,43,2" hai2="83,7,1,127,65,66,71,18,42,51,126,87,72" hai3="88,12,101,128,135,22,77,91,130,26,102,107,69"/><U96/><E13/><V4/><F72/><W44/><G69/><T3/><D53/><U122/><E50/><V78/><F1/><W20/><G77/><T68/><D31/><U63/><E63/><V38/><F38/><W111/><G111/><T79/><D120/><U47/><E47/><N who="2" m="26103" /><F71/><W76/><G76/><T86/><D68/><U8/><E8/><V70/><F70/><W27/><G44/><T56/><D56/><U19/><E19/><V24/><F127/><W114/><G12/><T34/><D75/><U6/><E6/><N who="2" m="2091" /><F126/><W116/><G116/><T9/><D74/><U131/><E131/><V133/><F133/><W97/><G97/><T81/><D37/><U110/><E106/><V39/><F39/><W85/><G85/><T59/><D86/><U15/><E15/><V134/><F134/><W57/><G57/><T48/><D105/><U55/><E55/><V23/><AGARI ba="2,0" hai="18,23,24,65,66,78,83,87" m="2091,26103" machi="23" ten="30,1100,0" yaku="8,1" doraHai="129" who="2" fromWho="2" sc="268,-5,341,-7,124,17,267,-5" /><INIT seed="6,0,0,3,4,67" ten="263,334,141,262" oya="2" hai0="88,4,19,130,17,8,112,95,7,129,73,114,22" hai1="30,134,105,83,93,45,102,115,42,122,110,23,92" hai2="89,125,126,54,103,25,77,56,133,87,90,135,100" hai3="123,97,58,74,82,5,13,98,62,52,76,48,44"/><V84/><F25/><W94/><G123/><T128/><D73/><U64/><E115/><N who="0" m="44073" /><D22/><U80/><E110/><V118/><F56/><W24/><G24/><T27/><D27/><U96/><E134/><N who="2" m="51211" /><F77/><W85/><G74/><T18/><D8/><U124/><E30/><V35/><F118/><W119/><G119/><T41/><D41/><U78/><E78/><V28/><F54/><W116/><G116/><T113/><N who="0" m="44081" /><T53/><DORA hai="66" /><D53/><U111/><E42/><V16/><F16/><N who="0" m="4098" /><T26/><DORA hai="65" /><D26/><U43/><E43/><V132/><F28/><W34/><G34/><T127/><D127/><N who="2" m="48650" /><F35/><W75/><G75/><T32/><D32/><U0/><E124/><V50/><F50/><W69/><G48/><T2/><D2/><U12/><E0/><V61/><F61/><W91/><G62/><T49/><D49/><U99/><E12/><V68/><F68/><W101/><G69/><T121/><D121/><U3/><E3/><V38/><F38/><W86/><G13/><T72/><D72/><U70/><E70/><V36/><F36/><W33/><G33/><T11/><D11/><U59/><E59/><V37/><F37/><W120/><G58/><T57/><D57/><U117/><E122/><V14/><F14/><W39/><G120/><T20/><D20/><U10/><E23/><V31/><F31/><W47/><G52/><T21/><D21/><U15/><E15/><V46/><F46/><W55/><G39/><T131/><D131/><U29/><E45/><V106/><F132/><W79/><G47/><T107/><D107/><U9/><E117/><RYUUKYOKU ba="0,0" sc="263,30,334,-10,141,-10,262,-10" hai0="4,7,88,95,128,129,130" /><INIT seed="7,1,0,2,0,90" ten="293,324,131,252" oya="3" hai0="8,24,26,93,70,127,97,117,124,18,43,83,77" hai1="131,44,79,47,32,65,4,1,121,16,51,13,28" hai2="103,59,30,34,75,12,58,115,111,133,9,38,52" hai3="71,69,49,110,118,92,89,100,96,48,116,61,95"/><W22/><G110/><T15/><D117/><U129/><E121/><V91/><F38/><W81/><G81/><T0/><D70/><U66/><E47/><V62/><F111/><W82/><G82/><T27/><D43/><U33/><E79/><V57/><F75/><W108/><G108/><T37/><D0/><U55/><E33/><V109/><F109/><W68/><G61/><T19/><D19/><U130/><E4/><V106/><F133/><W86/><REACH who="3" step="1"/><G22/><REACH who="3" ten="293,324,131,242" step="2"/><T17/><D83/><U39/><E32/><V25/><F115/><W134/><G134/><T107/><D127/><U50/><E130/><V101/><F91/><W72/><G72/><T80/><D124/><U7/><E129/><V128/><F128/><W2/><G2/><T45/><D80/><U21/><E131/><V85/><F85/><W23/><G23/><T46/><D77/><U31/><E1/><V76/><F76/><W60/><G60/><T5/><D107/><U40/><E21/><V73/><F73/><W112/><G112/><T132/><D132/><U20/><E31/><V120/><F120/><W113/><G113/><T98/><D98/><U67/><E28/><V84/><F84/><W78/><G78/><T102/><D97/><U125/><E125/><V88/><F88/><W54/><G54/><T10/><D102/><U126/><E126/><V104/><F103/><W74/><G74/><T99/><D99/><U135/><E135/><V36/><F101/><W56/><G56/><N who="2" m="21609" /><F36/><W53/><G53/><T122/><D37/><U119/><E55/><V29/><F29/><W114/><G114/><RYUUKYOKU ba="1,1" sc="293,-15,324,-15,131,15,242,15" hai2="9,12,25,30,34,52,59,62,104,106" hai3="48,49,68,69,71,86,89,92,95,96,100,116,118" /><INIT seed="7,2,1,4,1,130" ten="278,309,146,257" oya="3" hai0="88,108,68,12,76,51,31,119,128,121,55,25,6" hai1="33,124,114,127,18,107,5,70,97,24,0,48,123" hai2="37,87,93,49,132,120,72,98,13,71,86,56,27" hai3="101,135,62,110,92,78,66,23,59,63,79,94,1"/><W89/><G1/><T52/><D121/><U125/><E123/><V106/><F72/><W116/><G116/><T74/><D108/><U42/><E70/><V113/><F120/><W54/><G110/><T90/><D68/><U117/><E117/><V46/><F71/><W61/><G135/><T7/><D128/><U22/><E114/><V34/><F106/><W14/><G101/><T129/><D129/><U38/><E38/><V11/><F113/><W99/><G94/><T81/><D119/><U112/><E112/><V16/><F37/><W32/><G32/><T84/><D55/><U30/><E5/><N who="0" m="1545" /><D74/><U35/><E0/><V39/><F56/><N who="3" m="37223" /><G62/><T122/><D122/><U73/><E73/><V15/><F39/><W104/><G104/><T4/><D25/><U131/><E131/><V53/><F132/><W36/><G36/><T67/><D31/><U91/><E30/><V28/><REACH who="2" step="1"/><F15/><REACH who="2" ten="278,309,136,257" step="2"/><W100/><G14/><T109/><D109/><U57/><E107/><V21/><F21/><W103/><G23/><T64/><D12/><U20/><E20/><V50/><F50/><W134/><G134/><T82/><D51/><U8/><E35/><V75/><F75/><W26/><G59/><T29/><D29/><U118/><E33/><V102/><AGARI ba="2,2" hai="11,13,16,27,28,34,46,49,53,86,87,93,98,102" machi="102" ten="20,5200,0" yaku="1,1,0,1,7,1,54,1,53,0" doraHai="130" doraHaiUra="2" who="2" fromWho="2" sc="278,-15,309,-15,136,78,257,-28" /><INIT seed="8,0,0,3,5,118" ten="263,294,214,229" oya="0" hai0="28,82,49,85,57,126,135,104,53,69,33,47,68" hai1="94,38,93,90,132,96,9,128,16,129,29,54,124" hai2="0,110,101,2,7,25,12,103,11,122,79,63,24" hai3="111,91,43,70,121,48,61,86,1,98,30,31,109"/><T56/><D104/><U10/><E132/><V55/><F122/><W108/><G1/><T123/><D135/><U27/><E124/><V5/><F110/><W125/><G125/><T21/><D126/><U92/><E38/><V113/><F113/><W105/><G121/><T50/><D123/><U4/><E54/><V67/><F79/><W26/><G70/><T32/><D69/><U36/><E36/><V13/><F55/><W40/><G61/><T35/><D68/><U66/><E66/><V15/><F63/><W119/><G119/><T72/><D72/><U89/><E16/><V74/><F74/><W65/><G65/><T3/><D3/><N who="2" m="1066" /><F11/><N who="1" m="4105" /><E4/><N who="2" m="1611" /><F67/><W77/><G77/><T133/><D133/><U58/><E58/><V83/><F83/><W102/><G48/><T59/><D50/><U88/><E96/><V44/><F44/><W81/><REACH who="3" step="1"/><G31/><REACH who="3" ten="263,294,214,219" step="2"/><T45/><D28/><U18/><E29/><V97/><F97/><W39/><G39/><T52/><D49/><U100/><E100/><AGARI ba="0,1" hai="12,13,15,24,25,100,101,103" m="1611,1066" machi="100" ten="40,2600,0" yaku="28,2" doraHai="118" who="2" fromWho="1" sc="263,0,294,-26,214,36,219,0" /><INIT seed="9,0,0,2,1,63" ten="263,268,250,219" oya="1" hai0="78,99,18,81,98,31,119,110,59,11,75,69,133" hai1="10,123,116,58,20,45,94,131,66,86,80,121,13" hai2="104,3,49,71,130,82,33,62,37,101,72,77,100" hai3="56,129,88,85,17,65,135,39,91,73,120,113,8"/><U117/><E131/><V92/><F130/><W14/><G129/><T107/><D119/><U55/><E20/><V24/><F100/><W108/><G113/><T52/><D69/><U89/><E117/><V124/><F49/><W67/><G108/><T16/><D110/><U44/><E116/><V115/><F92/><W53/><G73/><T132/><D31/><U109/><E109/><V60/><F60/><N who="3" m="35855" /><G39/><T95/><D107/><U70/><E70/><V36/><F3/><W4/><G120/><T111/><D111/><U118/><E118/><V27/><F27/><W6/><G135/><N who="0" m="51787" /><D11/><U9/><E9/><V126/><F115/><W0/><G0/><T19/><D95/><U2/><E2/><V25/><F25/><W42/><G42/><T35/><D35/><U96/><E123/><V48/><F48/><AGARI ba="0,0" hai="16,18,19,48,52,59,75,78,81,98,99" m="51787" machi="48" ten="30,3900,0" yaku="20,1,54,2" doraHai="63" who="0" fromWho="2" sc="263,39,268,0,250,-39,219,0" owari="302,40.0,268,7.0,211,-29.0,219,-18.0" /></mjloggm>