<mjloggm ver="2.3"><GO type="169" lobby="0"/><UN n0="%EF%BC%93%E9%80%B1%E9%96%93%40%76%69%70" n1="%E3%81%AF%E3%81%98%E3%81%BE%E3%82%8A%E3%81%AE%E6%9C%9D" n2="%4D%49%4B%4F" n3="%E3%83%AD%E3%83%83%E3%83%86%E9%9B%80%EF%BC%84%E6%94%B9" dan="16,16,16,16" rate="2059.27,2134.05,2113.17,2147.47" sx="M,F,M,M"/><TAIKYOKU oya="0"/><INIT seed="0,0,0,5,3,107" ten="250,250,250,250" oya="0" hai0="38,8,51,122,69,2,14,106,75,102,77,36,116" hai1="133,18,10,99,4,55,81,1,15,32,70,97,129" hai2="98,64,128,103,3,94,54,132,121,11,56,79,20" hai3="82,118,41,12,0,59,117,49,115,9,24,19,39"/><T68/><D122/><U119/><E119/><V95/><F121/><W134/><G115/><T110/><D116/><U48/><E70/><V87/><F132/><W63/><G134/><T92/><D92/><U28/><E133/><V43/><F64/><W62/><G39/><N who="0" m="14891" /><D51/><U16/><E129/><V112/><F43/><W113/><G113/><T25/><D14/><U109/><E81/><V85/><F112/><W37/><G37/><T34/><D102/><U78/><E109/><V26/><F94/><W13/><G0/><T22/><D22/><U120/><E78/><V96/><F79/><W31/><G13/><T131/><D131/><U126/><E126/><V83/><F83/><W76/><G117/><T61/><D106/><U52/><E55/><V100/><F128/><W130/><G130/><T124/><D124/><U111/><E111/><V127/><F127/><W45/><G59/><T6/><D61/><U108/><E108/><V105/><F11/><W44/><G44/><T101/><D101/><U27/><E18/><V84/><F3/><W114/><G118/><T17/><D17/><U104/><E104/><V58/><REACH who="2" step="1"/><F54/><REACH who="2" ten="250,250,240,250" step="2"/><W7/><G114/><T21/><D110/><U50/><E120/><V53/><F53/><W86/><REACH who="3" step="1"/><G7/><REACH who="3" ten="250,250,240,240" step="2"/><T67/><D6/><U88/><E1/><V90/><F90/><W23/><AGARI ba="0,2" hai="9,12,19,23,24,31,41,45,49,62,63,76,82,86" machi="23" ten="20,12000,2" yaku="1,1,2,1,0,1,7,1,8,1,53,1" doraHai="107" doraHaiUra="46" who="3" fromWho="3" sc="250,-60,250,-30,240,-30,240,140" /><INIT seed="1,0,0,0,3,86" ten="190,220,210,380" oya="1" hai0="57,13,33,66,43,91,102,103,90,82,59,2,22" hai1="74,8,83,78,68,7,64,44,85,1,32,89,114" hai2="125,51,9,118,24,113,126,20,72,38,41,70,84" hai3="135,46,65,73,76,110,0,18,96,133,47,93,108"/><U88/><E114/><V95/><F72/><W119/><G0/><T37/><D33/><U81/><E32/><V19/><F38/><W122/><G65/><T127/><D2/><U111/><E111/><N who="3" m="42538" /><G122/><T15/><D127/><U71/><E44/><V75/><F75/><W12/><G76/><T60/><D37/><U58/><REACH who="1" step="1"/><E89/><REACH who="1" ten="190,210,210,380" step="2"/><N who="0" m="33801" /><D82/><U40/><E40/><V62/><F113/><W99/><G47/><T31/><D43/><U63/><AGARI ba="0,1" hai="1,7,8,58,63,64,68,71,74,78,81,83,85,88" machi="63" ten="30,11700,0" yaku="1,1,0,1,52,1,54,1,53,0" doraHai="86" doraHaiUra="39" who="1" fromWho="1" sc="190,-39,210,127,210,-39,380,-39" /><INIT seed="1,1,0,3,1,121" ten="151,337,171,341" oya="1" hai0="83,120,37,5,8,58,78,1,95,87,17,115,92" hai1="19,4,134,25,102,53,13,128,71,97,21,15,79" hai2="51,68,82,24,28,11,94,49,130,100,59,12,47" hai3="20,32,75,88,93,111,125,104,14,9,116,85,96"/><U36/><E71/><V122/><F122/><W29/><G111/><T99/><D120/><U56/><E128/><V54/><F68/><W72/><G116/><T22/><D115/><U33/><E134/><V110/><F130/><W41/><G32/><T2/><D2/><U127/><E127/><V81/><F94/><W42/><G125/><T45/><D58/><U63/><E79/><V106/><F100/><W91/><G75/><T132/><D132/><U39/><E33/><V133/><F106/><W23/><G72/><T77/><D77/><U70/><E70/><V98/><F98/><W109/><G109/><T18/><D18/><U113/><E113/><V60/><F110/><W3/><G3/><T27/><D99/><U69/><E69/><V26/><F133/><W103/><G91/><T86/><D86/><U101/><E101/><V90/><F90/><W67/><G67/><T108/><D108/><U73/><E73/><V44/><F51/><W55/><G55/><T64/><D64/><U48/><E48/><V76/><F76/><W31/><G31/><T40/><AGARI ba="1,0" hai="1,5,8,17,22,27,37,40,45,78,83,87,92,95" machi="40" ten="30,1100,0" yaku="0,1" doraHai="121" who="0" fromWho="0" sc="151,14,337,-6,171,-4,341,-4" /><INIT seed="2,0,0,4,1,54" ten="165,331,167,337" oya="2" hai0="37,78,105,130,133,87,56,97,42,21,129,76,32" hai1="15,100,101,80,34,107,113,122,83,92,17,13,36" hai2="47,104,63,30,60,2,71,18,45,120,90,111,27" hai3="28,89,79,19,117,43,51,12,7,93,128,61,91"/><V57/><F71/><W3/><G128/><T40/><D32/><U26/><E113/><V74/><F2/><W115/><G117/><T62/><D133/><U67/><E36/><V10/><F120/><W44/><G115/><T66/><D21/><N who="1" m="13615" /><E122/><V132/><F104/><W6/><G3/><T50/><D50/><U109/><E34/><V131/><F74/><W126/><G126/><T127/><D87/><U114/><E109/><V108/><F131/><N who="0" m="50186" /><D127/><U77/><E107/><V41/><F132/><W20/><G79/><N who="0" m="30251" /><D37/><U99/><E100/><AGARI ba="0,0" hai="40,42,56,62,66,97,100,105" m="30251,50186" machi="100" ten="30,2000,0" yaku="19,1,52,1" doraHai="54" who="0" fromWho="1" sc="165,20,331,-20,167,0,337,0" /><INIT seed="3,0,0,4,4,5" ten="185,311,167,337" oya="3" hai0="63,80,84,135,10,38,124,30,53,37,134,29,31" hai1="33,112,46,104,68,75,15,60,133,49,44,65,19" hai2="93,51,9,88,43,83,23,116,61,113,67,129,118" hai3="62,77,48,79,32,91,40,6,96,66,17,41,1"/><W22/><G32/><T94/><D124/><U52/><E75/><V76/><F129/><W0/><G0/><T131/><D94/><U39/><E112/><V130/><F130/><W26/><G1/><T99/><D99/><U74/><E104/><V57/><F113/><W3/><G3/><T55/><D131/><U45/><E74/><V125/><F125/><W21/><G6/><T35/><D35/><U100/><E33/><V105/><F105/><W119/><G119/><T110/><D110/><U85/><E100/><V16/><F9/><W126/><G126/><T101/><D101/><U81/><E133/><V127/><F51/><W87/><G96/><T120/><D120/><U2/><E39/><V114/><F43/><W102/><G102/><T73/><D73/><U54/><E2/><V27/><F127/><W82/><G22/><T13/><D38/><U42/><E42/><N who="3" m="16490" /><G48/><T117/><D37/><U24/><E24/><V108/><F108/><W8/><G8/><T28/><D117/><U97/><E97/><V122/><F122/><W18/><G18/><N who="0" m="8503" /><D63/><U7/><E7/><V123/><F123/><W92/><G92/><T58/><D31/><U95/><E95/><V47/><F47/><W86/><G86/><T121/><D121/><U98/><E98/><N who="2" m="57639" /><F114/><W64/><G62/><N who="0" m="36175" /><D135/><U107/><E107/><V14/><F27/><W115/><G115/><T12/><D134/><U72/><E72/><V106/><F106/><W109/><G109/><T70/><D84/><U25/><E25/><V4/><F4/><W69/><G69/><T103/><D70/><U50/><E68/><RYUUKYOKU ba="0,0" sc="185,-15,311,-15,167,15,337,15" hai2="14,16,23,57,61,67,76,83,116,118" hai3="17,21,26,64,66,77,79,82,87,91" /><INIT seed="3,1,0,1,1,116" ten="170,296,182,352" oya="3" hai0="123,94,101,102,73,98,9,17,44,126,29,52,112" hai1="82,113,129,37,128,34,70,114,121,78,99,39,56" hai2="81,109,24,46,103,18,36,16,40,20,132,54,19" hai3="66,53,107,80,8,43,91,89,92,135,97,96,100"/><W3/><G135/><T35/><D126/><U87/><E70/><V23/><F132/><W26/><G66/><T95/><D73/><U77/><E34/><V111/><F103/><W71/><G71/><T106/><D112/><N who="1" m="43115" /><E56/><V104/><F104/><W5/><G43/><T49/><D35/><U124/><E39/><V105/><F105/><W30/><G53/><T0/><D29/><U85/><E37/><V25/><F19/><W122/><G122/><T72/><D72/><N who="1" m="43303" /><E124/><V64/><F64/><W115/><G115/><T55/><D55/><U60/><E60/><V10/><F10/><W88/><REACH who="3" step="1"/><G80/><REACH who="3" ten="170,296,182,342" step="2"/><T134/><D123/><U69/><E69/><V14/><F14/><W125/><G125/><T120/><D134/><U13/><E121/><V133/><F133/><W86/><G86/><T108/><D120/><U74/><E87/><V130/><F130/><W127/><G127/><T67/><D67/><U27/><E85/><V51/><REACH who="2" step="1"/><F81/><REACH who="2" ten="170,296,172,342" step="2"/><W110/><G110/><T119/><D108/><U131/><E128/><V57/><AGARI ba="1,2" hai="16,18,20,23,24,25,36,40,46,51,54,57,109,111" machi="57" ten="30,8000,1" yaku="1,1,2,1,0,1,9,1,54,1,53,0" doraHai="116" doraHaiUra="4" who="2" fromWho="2" sc="170,-21,296,-21,172,103,342,-41" /><INIT seed="4,0,0,1,3,109" ten="149,275,275,301" oya="0" hai0="133,37,48,41,117,34,9,20,79,54,127,69,59" hai1="47,5,32,106,118,17,86,46,70,67,73,90,21" hai2="38,36,112,10,31,57,125,52,129,25,14,4,0" hai3="119,124,108,122,8,65,61,85,15,99,56,88,62"/><T131/><D117/><U84/><E73/><V42/><F129/><W120/><G108/><T135/><D34/><U97/><E118/><V35/><F125/><W128/><G124/><T87/><D127/><U71/><E32/><V39/><F112/><W94/><G128/><T2/><D131/><U3/><E5/><V95/><F95/><W28/><G119/><T23/><D69/><U100/><E3/><V126/><F126/><W26/><G62/><T11/><D37/><U110/><E110/><V98/><F98/><W64/><G64/><T105/><D105/><U116/><E116/><V89/><F89/><W43/><G43/><T68/><D68/><U53/><E84/><V81/><F81/><W78/><G78/><T101/><D101/><U91/><E91/><V33/><F33/><W121/><G99/><T102/><D102/><U16/><E17/><V103/><F103/><W114/><G114/><T13/><D41/><U113/><E113/><V93/><F93/><W6/><G26/><T111/><D111/><U75/><E75/><V115/><F115/><W60/><G60/><T134/><D2/><U1/><E1/><V55/><F55/><W104/><REACH who="3" step="1"/><G28/><REACH who="3" ten="149,275,275,291" step="2"/><T12/><D79/><U77/><E77/><V40/><REACH who="2" step="1"/><F0/><REACH who="2" ten="149,275,265,291" step="2"/><W44/><G44/><T30/><D30/><U29/><E29/><V74/><F74/><W83/><G83/><T7/><REACH who="0" step="1"/><D87/><REACH who="0" ten="139,275,265,291" step="2"/><U19/><E86/><V58/><F58/><W72/><G72/><T130/><D130/><U123/><E70/><V76/><F76/><W50/><G50/><AGARI ba="0,3" hai="4,10,14,25,31,35,36,38,39,40,42,50,52,57" machi="50" ten="40,2600,0" yaku="1,1,54,1,53,0" doraHai="109" doraHaiUra="92" who="2" fromWho="3" sc="139,0,275,0,265,56,291,-26" /><INIT seed="5,0,0,3,0,74" ten="139,275,321,265" oya="1" hai0="27,77,26,118,62,103,10,84,59,83,7,72,73" hai1="111,23,70,124,34,98,89,42,28,113,5,11,55" hai2="96,80,104,122,41,75,82,31,117,123,125,107,105" hai3="29,19,45,49,116,99,86,65,91,120,36,78,25"/><U44/><E70/><V134/><F31/><W53/><G120/><T12/><D118/><U119/><E119/><V114/><F41/><W8/><G116/><T63/><D103/><U40/><E34/><V93/><F117/><W57/><G99/><T97/><D63/><U46/><E124/><V24/><F24/><W92/><G78/><T90/><D97/><U38/><E111/><V58/><F58/><W64/><G36/><T60/><D60/><U127/><E127/><V88/><F125/><W16/><G45/><T128/><D128/><U6/><E113/><V3/><F3/><W95/><G95/><T17/><D72/><U87/><E55/><V39/><F39/><W35/><REACH who="3" step="1"/><G8/><REACH who="3" ten="139,275,321,255" step="2"/><T100/><D100/><U69/><E98/><V67/><F114/><W43/><G43/><T14/><D73/><U121/><E44/><V1/><F123/><W22/><G22/><T52/><REACH who="0" step="1"/><D90/><REACH who="0" ten="129,275,321,255" step="2"/><U37/><E121/><V71/><F88/><W102/><G102/><T4/><D4/><U129/><E6/><V135/><F122/><W20/><G20/><AGARI ba="0,2" hai="7,10,12,14,17,20,26,27,52,59,62,77,83,84" machi="20" ten="30,12000,2" yaku="1,1,7,1,8,1,52,1,54,1,53,1" doraHai="74" doraHaiUra="51" who="0" fromWho="3" sc="129,140,275,0,321,0,255,-120" /><INIT seed="6,0,0,2,5,57" ten="269,275,321,135" oya="2" hai0="56,14,53,95,85,79,48,29,61,68,34,51,83" hai1="24,129,16,69,131,12,65,50,67,19,42,117,47" hai2="87,102,4,58,39,30,73,84,22,96,77,127,124" hai3="18,76,111,52,28,118,97,25,15,82,91,13,107"/><V49/><F39/><W98/><G111/><T45/><D68/><U8/><E117/><V86/><F4/><W20/><G118/><T101/><D14/><U2/><E2/><V27/><F49/><W81/><G107/><T74/><D34/><U31/><E19/><V126/><F58/><W134/><G134/><T122/><D29/><U90/><E90/><V32/><F73/><W103/><G15/><T94/><D122/><U113/><E113/><V55/><F55/><W125/><G125/><T135/><D135/><U109/><E109/><V6/><F6/><W21/><G103/><T108/><D108/><U92/><E92/><V130/><F130/><N who="1" m="49673" /><E69/><V100/><F77/><W59/><G91/><T121/><D121/><U133/><E133/><V75/><F75/><W63/><REACH who="3" step="1"/><G81/><REACH who="3" ten="269,275,321,125" step="2"/><T10/><D101/><U11/><E8/><V106/><REACH who="2" step="1"/><F102/><REACH who="2" ten="269,275,311,125" step="2"/><W3/><G3/><T105/><D105/><U7/><E7/><V33/><AGARI ba="0,2" hai="22,27,30,32,33,84,86,87,96,100,106,124,126,127" machi="33" ten="40,12000,1" yaku="1,1,2,1,0,1,18,1,53,0" doraHai="57" doraHaiUra="35" who="2" fromWho="2" sc="269,-40,275,-40,311,140,125,-40" /><INIT seed="6,1,0,5,1,62" ten="229,235,451,85" oya="2" hai0="42,43,118,108,45,112,92,97,113,133,114,2,71" hai1="78,28,21,94,86,93,8,6,80,106,68,61,60" hai2="33,132,39,38,50,91,128,87,124,104,109,121,34" hai3="51,14,11,98,58,75,66,54,37,40,46,134,26"/><V111/><F104/><W105/><G134/><T17/><D108/><N who="2" m="41546" /><F121/><W84/><G75/><T64/><D133/><U4/><E106/><V123/><F123/><W25/><G84/><T12/><D2/><U85/><E68/><V5/><F132/><W47/><G105/><T77/><D77/><U35/><E35/><V107/><F107/><W99/><G98/><T55/><D118/><U24/><E6/><V102/><F102/><W63/><REACH who="3" step="1"/><G99/><REACH who="3" ten="229,235,451,75" step="2"/><T67/><D97/><U81/><E86/><V120/><F87/><W44/><G44/><T74/><D74/><U73/><E73/><V56/><F128/><W15/><G15/><T13/><D12/><N who="1" m="5127" /><E81/><V10/><F120/><W69/><G69/><T20/><D71/><U117/><E117/><V53/><F124/><W126/><G126/><T0/><D92/><AGARI ba="1,1" hai="21,24,28,60,61,78,80,85,92,93,94" m="5127" machi="92" ten="30,1000,0" yaku="8,1" doraHai="62" who="1" fromWho="0" sc="229,-13,235,23,451,0,75,0" /><INIT seed="7,0,0,1,3,70" ten="216,258,451,75" oya="3" hai0="63,96,34,1,102,9,94,8,122,93,133,114,11" hai1="100,38,83,31,106,29,115,129,110,62,5,78,86" hai2="120,22,50,2,84,26,65,66,27,109,121,69,116" hai3="60,77,23,92,95,48,40,125,10,13,0,53,7"/><W46/><G125/><T134/><D122/><U107/><E110/><V74/><F74/><W41/><G77/><T91/><D34/><U68/><E38/><V130/><F2/><W71/><G71/><T76/><D76/><U103/><E115/><V20/><F69/><W28/><G41/><T16/><D114/><U39/><E39/><V30/><F116/><W127/><G127/><T44/><D63/><U108/><E108/><V105/><F105/><W80/><G80/><T89/><D44/><U119/><E5/><V47/><F109/><W12/><G0/><T36/><D1/><U17/><E17/><V99/><F130/><W135/><G135/><T131/><D131/><U33/><E31/><V35/><F35/><W51/><G60/><T79/><D79/><U123/><E123/><V3/><F3/><W118/><G118/><T73/><D73/><U55/><E55/><V85/><F66/><W24/><REACH who="3" step="1"/><G13/><REACH who="3" ten="216,258,451,65" step="2"/><N who="0" m="7207" /><D134/><U98/><E62/><V61/><F61/><W49/><G49/><T87/><D133/><U72/><E68/><V112/><F112/><W58/><AGARI ba="0,1" hai="7,10,12,23,24,28,40,46,48,51,53,58,92,95" machi="58" ten="20,12000,1" yaku="1,1,0,1,7,1,8,1,53,1" doraHai="70" doraHaiUra="6" who="3" fromWho="3" sc="216,-40,258,-40,451,-40,65,130" /><INIT seed="7,1,0,4,1,30" ten="176,218,411,195" oya="3" hai0="41,102,121,129,64,60,58,34,36,50,134,120,100" hai1="71,69,124,113,104,126,109,17,128,3,88,8,122" hai2="11,54,75,95,62,111,52,70,76,39,1,53,65" hai3="94,46,119,82,10,77,35,108,19,86,31,114,79"/><W99/><G119/><T81/><D34/><U68/><E104/><V87/><F75/><W32/><G31/><T80/><D36/><U96/><E109/><V59/><F39/><W57/><G79/><T67/><D134/><U130/><E113/><V85/><F111/><W15/><G108/><T12/><D129/><N who="1" m="49771" /><E122/><V72/><F72/><W4/><G114/><T112/><D112/><U131/><E131/><V23/><F70/><W14/><G57/><T9/><D121/><U63/><E63/><V25/><F11/><W91/><G46/><N who="0" m="25935" /><D67/><U66/><E66/><V56/><F56/><W116/><G116/><T5/><D120/><U26/><E88/><N who="2" m="53647" /><F1/><W89/><G77/><T51/><D51/><U37/><E96/><V13/><F13/><W20/><AGARI ba="1,0" hai="4,10,14,15,19,20,32,35,82,86,89,91,94,99" machi="20" ten="20,7800,0" yaku="0,1,7,1,52,2" doraHai="30" who="3" fromWho="3" sc="176,-27,218,-27,411,-27,195,81" /><INIT seed="7,2,0,4,5,8" ten="149,191,384,276" oya="3" hai0="61,52,87,11,114,116,83,41,107,109,2,104,63" hai1="119,127,74,50,93,97,81,4,1,92,21,95,94" hai2="64,118,110,75,33,65,85,129,123,57,31,17,122" hai3="121,14,37,67,51,19,77,88,34,55,27,53,96"/><W39/><G121/><T13/><D109/><U91/><E127/><V29/><F75/><W10/><G77/><T135/><D116/><U111/><E111/><V18/><F110/><W36/><G67/><T73/><D2/><U134/><E119/><V84/><F57/><W69/><G69/><T66/><D73/><U79/><E134/><V24/><F118/><W126/><G126/><T105/><D135/><U6/><E21/><V54/><F24/><W32/><G27/><T82/><D41/><U90/><E1/><V76/><F76/><W124/><G124/><T20/><D20/><U113/><E113/><V46/><F46/><W62/><G62/><T72/><D72/><U30/><E30/><V130/><F54/><W89/><G55/><T102/><D102/><U7/><REACH who="1" step="1"/><E50/><REACH who="1" ten="149,181,384,276" step="2"/><V125/><F125/><W26/><G51/><T44/><D114/><U60/><E60/><V42/><F33/><W78/><G34/><T23/><D23/><U98/><AGARI ba="2,1" hai="4,6,7,74,79,81,90,91,92,93,94,95,97,98" machi="98" ten="30,4000,0" yaku="1,1,0,1,9,1,53,0" doraHai="8" doraHaiUra="49" who="1" fromWho="1" sc="149,-12,181,56,384,-12,276,-22" owari="137,-36.0,237,-16.0,372,47.0,254,5.0" /></mjloggm>