<mjloggm ver="2.3"><GO type="169" lobby="0"/><UN n0="%E3%81%94%E3%82%8D%E3%81%AB%E3%82%83%E3%83%BC" n1="%70%70%61%61%6F%6F" n2="%E5%9F%BA%E7%A4%8E%E8%AB%96" n3="%E3%83%99%E3%82%BF%E3%82%AA%E3%83%AA%E3%83%BC%E3%83%81%EF%BC%81" dan="17,16,18,16" rate="2113.07,2106.48,2139.60,2103.66" sx="M,M,M,M"/><TAIKYOKU oya="0"/><INIT seed="0,0,0,1,3,21" ten="250,250,250,250" oya="0" hai0="130,26,4,67,35,83,20,92,96,86,52,123,104" hai1="66,125,38,99,1,12,76,64,100,61,111,93,107" hai2="73,42,114,131,84,7,23,63,6,57,0,103,59" hai3="129,106,53,112,29,135,120,88,58,46,119,89,94"/><T79/><D123/><U2/><E111/><V77/><F73/><W47/><G119/><T70/><D130/><U51/><E38/><V40/><F114/><W55/><G129/><T116/><D116/><U25/><E125/><V9/><F7/><W65/><G112/><T17/><D4/><U71/><E66/><V50/><F131/><W127/><G106/><T8/><D8/><U22/><E76/><V74/><F74/><W45/><G127/><T56/><D104/><U75/><E75/><V110/><F110/><W44/><G135/><T30/><D67/><U121/><E121/><V31/><F103/><W105/><G105/><T39/><D39/><U87/><E12/><V132/><F132/><W90/><G120/><T122/><D70/><U36/><E36/><V16/><F31/><W80/><G29/><T118/><D118/><U134/><E134/><V5/><F5/><W60/><N who="3" m="11264" /><DORA hai="19" /><W91/><REACH who="3" step="1"/><G80/><REACH who="3" ten="250,250,250,240" step="2"/><T128/><D128/><U102/><E51/><V28/><F50/><W115/><G115/><T117/><D117/><U82/><E107/><V97/><F40/><W85/><AGARI ba="0,1" hai="53,55,58,60,65,85,88,89,90,91,94" m="11264" machi="85" ten="50,8000,1" yaku="1,1,0,1,8,1,54,1,53,0" doraHai="21,19" doraHaiUra="126,10" who="3" fromWho="3" sc="250,-40,250,-20,250,-20,240,90" /><INIT seed="1,0,0,5,4,60" ten="210,230,230,330" oya="1" hai0="44,12,119,30,22,48,102,32,94,77,71,107,65" hai1="125,52,62,58,27,41,29,13,23,43,26,108,134" hai2="93,98,124,80,39,54,76,110,85,47,118,106,3" hai3="20,69,25,33,129,36,81,18,7,121,72,35,51"/><U92/><E125/><V123/><F3/><W135/><G36/><T117/><D77/><U28/><E134/><V59/><F118/><W79/><G121/><T68/><D68/><U97/><E13/><V31/><F123/><W6/><G135/><T40/><D22/><U38/><E38/><V2/><F2/><W114/><G114/><T5/><D94/><U9/><E9/><V95/><F124/><W61/><G129/><T126/><D126/><U11/><E11/><V73/><F31/><W1/><G1/><T87/><D87/><U0/><E0/><V112/><F112/><W49/><G49/><T99/><D12/><U10/><E10/><V45/><F95/><W88/><G51/><T42/><D42/><U115/><E108/><V14/><F39/><W100/><G100/><T63/><REACH who="0" step="1"/><D5/><REACH who="0" ten="200,230,230,330" step="2"/><U131/><E115/><V103/><F110/><W46/><G6/><T8/><D8/><U55/><E131/><V104/><F14/><W17/><G20/><T122/><D122/><U90/><E55/><V83/><F83/><W109/><G81/><T57/><D57/><U24/><E24/><AGARI ba="0,1" hai="24,30,32,40,44,48,63,65,71,99,102,107,117,119" machi="24" ten="40,8000,1" yaku="1,1,25,2,52,1,53,1" doraHai="60" doraHaiUra="56" who="0" fromWho="1" sc="200,90,230,-80,230,0,330,0" /><INIT seed="2,0,0,1,4,87" ten="290,150,230,330" oya="2" hai0="58,68,79,75,2,23,49,26,109,123,84,19,116" hai1="39,0,22,44,81,101,94,40,30,6,61,102,33" hai2="32,76,97,15,126,53,67,86,36,3,93,124,55" hai3="21,125,52,133,62,14,98,5,106,95,28,83,73"/><V41/><F32/><W119/><G119/><T72/><D68/><U90/><E33/><V82/><F3/><W17/><G125/><N who="2" m="48233" /><F67/><W99/><G133/><T50/><D2/><U34/><E34/><V8/><F41/><W135/><G135/><T134/><D134/><U29/><E0/><V122/><F36/><W114/><G114/><T25/><D123/><U43/><E43/><V35/><F35/><W69/><G28/><T88/><D116/><U1/><E1/><V16/><F122/><W47/><G5/><T60/><D26/><U11/><E11/><V37/><F37/><W66/><G106/><T20/><D20/><U56/><E6/><V64/><F64/><W118/><G118/><T57/><D109/><U107/><E107/><V89/><AGARI ba="0,0" hai="8,15,16,53,55,76,82,86,89,93,97" m="48233" machi="89" ten="30,6000,0" yaku="18,1,52,1,54,1" doraHai="87" who="2" fromWho="2" sc="290,-20,150,-20,230,60,330,-20" /><INIT seed="2,1,0,4,4,53" ten="270,130,290,310" oya="2" hai0="133,52,37,10,2,103,54,64,116,127,96,75,67" hai1="113,22,29,117,66,88,56,84,70,94,71,104,89" hai2="98,17,9,36,76,74,48,122,124,101,44,108,118" hai3="24,92,8,121,85,27,25,131,82,72,128,63,134"/><V107/><F118/><W50/><G121/><T47/><D116/><U73/><E117/><V14/><F122/><W23/><G134/><T12/><D75/><U51/><E113/><V68/><F68/><W125/><G125/><T80/><D2/><U39/><E39/><V109/><F36/><W21/><G72/><T60/><D127/><U111/><E111/><N who="2" m="42571" /><F124/><W30/><G92/><T87/><D133/><U100/><E73/><V86/><F74/><W20/><G50/><T28/><D28/><U99/><E29/><V0/><F0/><W55/><G8/><T33/><D33/><U13/><E22/><V110/><F110/><W114/><G114/><T32/><D32/><U77/><E13/><V15/><F15/><W43/><G43/><T69/><D37/><U119/><E77/><V45/><F48/><W4/><G4/><T41/><D12/><U49/><E119/><V59/><F59/><N who="3" m="35327" /><G131/><T40/><D10/><U93/><E49/><V34/><F34/><W126/><G128/><T57/><D69/><U97/><REACH who="1" step="1"/><E51/><REACH who="1" ten="270,120,290,310" step="2"/><V105/><F105/><W112/><G126/><T62/><D40/><U31/><E31/><V129/><F129/><W81/><G112/><T3/><D41/><U35/><E35/><V78/><F78/><N who="3" m="46263" /><G30/><T11/><D3/><U65/><E65/><V1/><F1/><W6/><G25/><T120/><D120/><U102/><E102/><V123/><F123/><W61/><G24/><T58/><D103/><U18/><E18/><V130/><F130/><W135/><G27/><T46/><D67/><U83/><E83/><AGARI ba="1,1" hai="9,14,17,44,45,76,83,86,98,101,107" m="42571" machi="83" ten="30,2900,0" yaku="14,1,10,1" doraHai="53" who="2" fromWho="1" sc="270,0,120,-32,290,42,310,0" /><INIT seed="2,2,0,4,0,107" ten="270,88,332,310" oya="2" hai0="54,100,89,87,10,33,124,64,53,29,1,58,111" hai1="129,14,31,45,56,34,35,131,52,123,96,114,32" hai2="67,47,122,90,78,121,65,128,76,60,13,84,46" hai3="83,108,25,26,117,110,113,48,27,69,134,41,94"/><V112/><F112/><W37/><G117/><T116/><D116/><U130/><E114/><V119/><F119/><W55/><G113/><T133/><D111/><N who="3" m="42537" /><G69/><T66/><D124/><U135/><E135/><V63/><F13/><W6/><G134/><T40/><D133/><U101/><E123/><V95/><F128/><W126/><G126/><T61/><D40/><U70/><E70/><V30/><F30/><W42/><G37/><T81/><D100/><U109/><E109/><V2/><F2/><W118/><G118/><T103/><D103/><U72/><E72/><V16/><F95/><W104/><G104/><T19/><D54/><U82/><E82/><V93/><F93/><W80/><G6/><T39/><D39/><U43/><E14/><V73/><F84/><W86/><G94/><T22/><D29/><U50/><E31/><V62/><F90/><N who="3" m="51527" /><G83/><T0/><D33/><U115/><E115/><V44/><F16/><W17/><G17/><T88/><D89/><U120/><E120/><N who="2" m="46187" /><F73/><W68/><G68/><T91/><D91/><U99/><REACH who="1" step="1"/><E101/><REACH who="1" ten="270,78,332,310" step="2"/><V106/><F106/><W57/><AGARI ba="2,1" hai="25,26,27,41,42,48,55,57" m="51527,42537" machi="57" ten="30,1100,0" yaku="14,1" doraHai="107" who="3" fromWho="3" sc="270,-5,78,-5,332,-7,310,27" /><INIT seed="3,0,0,4,2,100" ten="265,73,325,337" oya="3" hai0="54,91,33,111,121,55,128,68,47,110,117,79,113" hai1="84,7,106,103,14,1,24,36,15,73,131,6,90" hai2="85,133,119,92,63,74,16,77,116,75,65,56,122" hai3="76,40,60,129,37,102,126,114,51,8,134,19,39"/><W13/><G114/><T67/><D33/><U41/><E73/><V72/><F133/><W97/><G134/><T23/><D79/><U66/><E1/><V53/><F122/><W64/><G126/><T132/><D132/><U107/><E66/><V130/><F130/><W57/><G129/><T9/><D128/><U22/><E131/><V83/><F92/><W94/><G76/><T28/><D121/><U89/><E103/><V11/><REACH who="2" step="1"/><F65/><REACH who="2" ten="265,73,315,337" step="2"/><W38/><REACH who="3" step="1"/><G51/><REACH who="3" ten="265,73,315,327" step="2"/><N who="0" m="29055" /><D113/><U34/><E36/><V5/><F5/><W101/><G101/><T29/><D111/><U123/><E123/><V35/><F35/><W48/><G48/><T52/><D110/><U99/><E34/><V10/><F10/><W12/><G12/><AGARI ba="0,2" hai="11,12,16,53,56,63,72,74,75,77,83,85,116,119" machi="12" ten="40,2600,0" yaku="1,1,54,1,53,0" doraHai="100" doraHaiUra="93" who="2" fromWho="3" sc="265,0,73,0,315,46,327,-26" /><INIT seed="4,0,0,5,5,68" ten="265,73,361,301" oya="0" hai0="124,19,39,84,91,90,130,79,17,65,110,126,82" hai1="96,48,83,106,53,35,42,62,67,49,6,9,80" hai2="13,22,55,81,125,86,38,104,93,11,92,64,10" hai3="20,100,32,43,129,25,103,108,117,89,76,44,115"/><T72/><D130/><U113/><E35/><V112/><F104/><W116/><G117/><T34/><D34/><U23/><E113/><V70/><F38/><W5/><G116/><T75/><D65/><U133/><E133/><V26/><F125/><N who="0" m="48234" /><D110/><U30/><E42/><V40/><F40/><W77/><G108/><T105/><D105/><U21/><E106/><V66/><F70/><W24/><G129/><T59/><D59/><U2/><E96/><V7/><F11/><W131/><G131/><T18/><D39/><U85/><E80/><V1/><F1/><W27/><G115/><T73/><AGARI ba="0,0" hai="17,18,19,72,73,75,79,82,84,90,91" m="48234" machi="73" ten="40,2100,0" yaku="18,1" doraHai="68" who="0" fromWho="0" sc="265,21,73,-7,361,-7,301,-7" /><INIT seed="4,1,0,3,1,57" ten="286,66,354,294" oya="0" hai0="132,72,6,91,119,69,33,105,79,54,118,2,24" hai1="126,98,88,56,17,92,114,23,116,64,10,5,19" hai2="84,96,103,26,1,65,135,115,11,31,60,100,52" hai3="34,71,67,55,111,108,45,44,74,63,47,122,131"/><T93/><D105/><U75/><E116/><V20/><F135/><W0/><G0/><T104/><D104/><U9/><E126/><V61/><F115/><W50/><G34/><T39/><D39/><U87/><E75/><V109/><F109/><N who="3" m="42059" /><G74/><T49/><D132/><U7/><E114/><V77/><F1/><W29/><G29/><T38/><D38/><U85/><E87/><V25/><F11/><N who="1" m="4105" /><E98/><V97/><F26/><W37/><G131/><T46/><D6/><N who="1" m="2059" /><E23/><V59/><F77/><W134/><G134/><T110/><D2/><U73/><E73/><V27/><F84/><W12/><G12/><T95/><D110/><U70/><E70/><V43/><F43/><N who="3" m="22767" /><G122/><T129/><D129/><U30/><E30/><V113/><F113/><W99/><G99/><N who="2" m="37961" /><F27/><W48/><G48/><T90/><D72/><U40/><E40/><V4/><F4/><W35/><G35/><T125/><D79/><U14/><E14/><V62/><F65/><W81/><G81/><T124/><D33/><U41/><E41/><V76/><F76/><W80/><G80/><T133/><D133/><U53/><E64/><V130/><F130/><W82/><G82/><T120/><D120/><U66/><E66/><V127/><F127/><N who="0" m="48714" /><D24/><U42/><E42/><V106/><F106/><W58/><AGARI ba="1,0" hai="44,47,50,55,58,63,67,71" m="22767,42059" machi="58" ten="30,7900,0" yaku="24,1,34,2,52,1" doraHai="57" who="3" fromWho="3" sc="286,-40,66,-21,354,-21,294,82" /><INIT seed="5,0,0,5,4,124" ten="246,45,333,376" oya="1" hai0="66,28,88,104,54,110,115,43,53,35,86,130,84" hai1="102,17,23,96,19,15,45,101,111,34,64,133,41" hai2="44,38,108,30,5,61,62,65,89,73,82,39,94" hai3="6,100,123,71,40,116,14,55,21,117,83,122,97"/><U36/><E34/><V50/><F108/><W18/><G71/><T103/><D110/><U33/><E111/><V70/><F30/><W29/><G40/><T42/><D115/><U22/><E33/><V59/><F5/><W3/><G29/><T74/><D74/><U12/><E133/><V24/><F24/><W75/><G55/><T77/><D66/><U80/><E96/><V16/><F82/><W128/><G128/><T132/><D132/><U129/><E129/><V78/><F78/><N who="3" m="44511" /><G6/><T49/><D130/><U57/><REACH who="1" step="1"/><E80/><REACH who="1" ten="246,35,333,376" step="2"/><V87/><F73/><W126/><G97/><T114/><D35/><U125/><E125/><V131/><F131/><W98/><G126/><T10/><D114/><U47/><E47/><V4/><F44/><W134/><G134/><T106/><D77/><U105/><E105/><V31/><F87/><W0/><G122/><T99/><D104/><U113/><E113/><V58/><F94/><W69/><G123/><T25/><D86/><U81/><E81/><V91/><F91/><W56/><G98/><T92/><D106/><U32/><E32/><V119/><F89/><W51/><G100/><T109/><D103/><U60/><AGARI ba="0,1" hai="12,15,17,19,22,23,36,41,45,57,60,64,101,102" machi="60" ten="30,6000,0" yaku="1,1,0,1,9,1,53,0" doraHai="124" doraHaiUra="1" who="1" fromWho="1" sc="246,-20,35,70,333,-20,376,-20" /><INIT seed="5,1,0,1,3,134" ten="226,105,313,356" oya="1" hai0="10,87,111,23,16,64,20,63,133,3,37,80,69" hai1="52,42,132,53,14,92,103,124,43,101,90,91,38" hai2="70,40,26,73,50,35,71,4,79,102,29,0,107" hai3="57,116,6,45,61,33,109,12,22,84,95,126,75"/><U130/><E132/><V28/><F50/><W56/><G75/><T131/><D111/><U24/><E130/><V65/><F29/><W62/><G33/><T51/><D37/><U2/><E2/><V11/><F40/><N who="1" m="15401" /><E38/><V1/><F1/><W88/><G116/><T54/><D133/><U9/><E24/><V17/><F17/><N who="3" m="10535" /><G109/><T30/><D30/><U114/><E114/><V115/><F115/><W98/><G126/><T104/><D104/><U120/><E120/><V129/><F129/><W135/><G135/><T83/><D131/><U46/><E124/><V99/><F65/><N who="3" m="39079" /><G45/><T60/><D23/><U31/><E31/><V15/><F15/><W122/><G122/><T55/><D63/><U13/><E14/><V123/><F123/><W125/><G125/><T119/><D119/><U106/><E106/><V44/><F44/><W58/><G6/><T86/><D51/><N who="1" m="28791" /><E53/><V76/><F76/><W32/><G32/><T89/><D3/><U128/><E128/><V39/><F39/><W47/><G47/><T81/><D10/><U108/><E108/><V118/><F118/><W78/><G62/><T48/><D48/><U7/><E91/><V113/><REACH who="2" step="1"/><F113/><REACH who="2" ten="226,105,303,356" step="2"/><W112/><G112/><T5/><D5/><U59/><E59/><V27/><F27/><W72/><G72/><T105/><D69/><U117/><E117/><V66/><F66/><W82/><AGARI ba="1,1" hai="57,58,78,82,84,88,95,98" m="39079,10535" machi="82" ten="30,2000,0" yaku="8,1,54,1" doraHai="134" who="3" fromWho="3" sc="226,-6,105,-11,303,-6,356,33" /><INIT seed="6,0,0,2,1,109" ten="220,94,297,389" oya="2" hai0="100,130,92,70,115,116,111,50,20,93,2,13,58" hai1="61,28,105,19,26,127,18,86,76,21,128,33,34" hai2="53,68,79,98,14,17,44,49,71,0,51,4,35" hai3="48,39,25,38,60,114,94,81,46,11,108,96,124"/><V102/><F35/><N who="1" m="13321" /><E105/><V9/><F79/><W31/><G108/><T121/><D111/><U125/><E61/><V110/><F110/><W1/><G124/><N who="1" m="47690" /><E86/><V118/><F118/><W16/><G114/><T134/><D70/><U85/><E85/><V107/><REACH who="2" step="1"/><F51/><REACH who="2" ten="220,94,287,389" step="2"/><W15/><G48/><T57/><D50/><U6/><E76/><V41/><F41/><W113/><G39/><T77/><D77/><U42/><E42/><V106/><F106/><W129/><G38/><T95/><D116/><U83/><E83/><V74/><F74/><W126/><G81/><T117/><D117/><U27/><E128/><V52/><F52/><W72/><G129/><T5/><D130/><U8/><E27/><V67/><F67/><W91/><G72/><T59/><D93/><U47/><E47/><V132/><F132/><W90/><G46/><T89/><D134/><U101/><E101/><V36/><F36/><W32/><G126/><T133/><D133/><U55/><E55/><V123/><F123/><W75/><G75/><T97/><D121/><U10/><E10/><AGARI ba="0,1" hai="0,4,9,10,14,17,44,49,53,68,71,98,102,107" machi="10" ten="30,5800,0" yaku="1,1,7,1,53,1" doraHai="109" doraHaiUra="40" who="2" fromWho="1" sc="220,0,94,-58,287,68,389,0" /><INIT seed="6,1,0,2,1,80" ten="220,36,355,389" oya="2" hai0="82,20,133,68,78,67,1,84,37,14,3,13,55" hai1="56,32,120,33,97,125,111,124,69,90,132,58,123" hai2="117,87,121,112,53,29,101,126,11,35,47,81,89" hai3="12,107,36,63,94,70,72,18,52,22,106,65,93"/><V44/><F117/><W19/><G72/><T9/><D37/><U118/><E69/><V102/><F121/><N who="1" m="46665" /><E97/><V109/><F109/><W46/><G94/><T6/><D67/><U129/><E111/><V50/><F112/><W60/><G93/><T73/><D68/><U48/><E118/><V91/><F126/><N who="1" m="48745" /><E48/><N who="2" m="28807" /><F35/><N who="1" m="13385" /><E90/><V96/><F29/><W115/><G115/><T127/><D127/><U75/><E75/><V122/><F11/><W41/><G60/><T57/><D73/><U92/><E92/><N who="2" m="56351" /><F122/><W23/><REACH who="3" step="1"/><G52/><AGARI ba="1,0" hai="47,50,52,81,87,89,101,102" m="56351,28807" machi="52" ten="30,5800,0" yaku="8,1,52,1,54,1" doraHai="80" who="2" fromWho="3" sc="220,0,36,0,355,61,389,-61" /><INIT seed="6,2,0,4,5,123" ten="220,36,416,328" oya="2" hai0="126,41,125,59,130,116,0,26,53,27,122,128,43" hai1="118,52,72,28,119,38,121,112,79,63,57,97,62" hai2="88,47,25,13,35,15,60,82,31,99,21,37,107" hai3="74,100,96,19,135,101,83,4,48,124,44,23,104"/><V20/><F107/><W127/><G135/><T18/><D0/><U85/><E72/><V2/><F2/><W91/><G4/><T106/><D106/><U16/><E28/><V115/><F115/><W71/><G71/><T77/><D77/><U110/><E97/><V11/><F13/><W7/><G7/><T95/><D122/><U42/><E121/><V5/><F60/><W29/><G29/><T6/><D6/><U66/><E79/><V87/><F37/><W8/><G8/><T30/><D95/><U54/><E85/><V50/><F99/><W46/><G100/><T17/><D116/><N who="1" m="44587" /><E16/><N who="0" m="6249" /><D30/><U12/><E12/><V76/><F76/><N who="3" m="44439" /><G91/><T14/><D14/><U69/><E112/><V131/><F131/><N who="0" m="50218" /><D26/><U86/><E86/><V105/><F105/><W51/><G23/><T34/><D27/><U70/><E70/><V78/><F78/><W68/><G68/><T117/><D34/><U36/><E42/><AGARI ba="2,0" hai="5,11,15,20,21,25,31,35,42,47,50,82,87,88" machi="42" ten="30,2900,0" yaku="7,1,54,1" doraHai="123" who="2" fromWho="1" sc="220,0,36,-35,416,35,328,0" /><INIT seed="6,3,0,5,1,69" ten="220,1,451,328" oya="2" hai0="62,30,16,104,53,11,111,77,37,133,21,128,55" hai1="106,85,93,102,5,8,113,71,129,99,47,45,35" hai2="27,51,115,82,38,6,120,84,127,0,70,109,15" hai3="22,4,31,48,24,19,98,17,95,118,116,66,89"/><V126/><F38/><W132/><G132/><T43/><D104/><U105/><E85/><V63/><F120/><W7/><G118/><T20/><D111/><U74/><E93/><V65/><F109/><W122/><G122/><T25/><D133/><U10/><E113/><V130/><F115/><W124/><G116/><T103/><D103/><U134/><E134/><V3/><F130/><W75/><G75/><T119/><D128/><U135/><E135/><V117/><F27/><W26/><G124/><N who="2" m="47657" /><F51/><W100/><G66/><T92/><D11/><U107/><E129/><V108/><F108/><W39/><G39/><T125/><D119/><U112/><E112/><V57/><F70/><W61/><G61/><T14/><D62/><U94/><E35/><V44/><F44/><N who="1" m="16969" /><E71/><V110/><F110/><W54/><G100/><T83/><D92/><U34/><E34/><V114/><F114/><W58/><REACH who="3" step="1"/><G17/><REACH who="3" ten="220,1,451,318" step="2"/><T73/><REACH who="0" step="1"/><D125/><REACH who="0" ten="210,1,451,318" step="2"/><U1/><E102/><V42/><F117/><W72/><G72/><T78/><D78/><U18/><E74/><V40/><F63/><W46/><G46/><AGARI ba="3,2" hai="14,16,20,21,25,30,37,43,46,53,55,73,77,83" machi="46" ten="40,8000,1" yaku="1,1,52,1,54,1,53,1" doraHai="69" doraHaiUra="41" who="0" fromWho="3" sc="210,109,1,0,451,0,318,-89" /><INIT seed="7,0,0,0,4,119" ten="319,1,451,229" oya="3" hai0="19,95,110,10,121,99,127,81,5,122,116,131,26" hai1="104,45,108,56,22,47,8,72,39,134,21,43,14" hai2="89,12,29,78,54,30,117,0,57,40,107,98,75" hai3="76,106,27,42,126,18,124,79,83,69,85,55,114"/><W91/><G69/><T32/><D116/><U96/><E96/><V44/><F0/><W65/><G65/><T16/><D110/><U111/><E56/><V130/><F130/><W51/><G106/><T66/><D131/><U67/><E14/><V62/><F12/><W59/><G114/><T82/><D66/><U135/><E8/><V58/><F89/><W15/><G42/><T7/><D127/><U103/><E67/><V73/><F58/><W4/><G124/><T94/><D32/><U49/><E43/><V31/><F31/><W61/><G126/><T71/><D71/><U46/><E103/><V17/><F29/><W20/><G61/><T41/><D41/><U34/><E34/><V88/><F62/><W33/><G33/><T9/><D26/><U86/><E86/><V92/><F40/><W35/><G35/><T87/><D87/><U13/><E49/><V120/><F73/><W132/><G132/><N who="1" m="50730" /><E13/><V70/><F75/><W97/><G97/><T105/><D99/><U93/><E104/><V90/><F98/><W84/><G85/><T63/><D63/><U3/><E3/><V123/><F70/><W113/><G113/><T48/><D48/><U6/><E39/><V50/><F50/><W36/><G36/><T37/><D37/><U129/><E129/><V112/><F112/><W80/><G80/><T23/><D105/><U77/><E6/><V101/><F101/><W2/><G2/><T28/><D28/><U128/><E128/><V11/><F117/><W118/><G118/><T133/><D133/><U125/><E125/><V53/><F107/><RYUUKYOKU ba="0,0" sc="319,15,1,-15,451,-15,229,15" hai0="5,7,9,10,16,19,23,81,82,94,95,121,122" hai3="4,15,18,20,27,51,55,59,76,79,83,84,91" owari="334,13.0,-14,-51.0,436,54.0,244,-16.0" /></mjloggm>