<mjloggm ver="2.3"><GO type="169" lobby="0"/><UN n0="%23%37%34%E5%A4%A7%E6%B2%BB%E9%83%8E" n1="%E3%82%AD%E3%83%A0%E3%83%A9%E3%83%86" n2="%74%61%72%6F%6F" n3="%E8%B7%AF%E5%9C%B0%E8%A3%8F%E3%81%AE%E3%81%B2%E3%81%BE%E3%82%8F%E3%82%8A" dan="16,16,18,16" rate="2086.53,2114.52,2160.25,2126.11" sx="M,M,M,M"/><TAIKYOKU oya="0"/><INIT seed="0,0,0,5,0,60" ten="250,250,250,250" oya="0" hai0="62,90,92,82,6,71,22,61,52,72,74,80,34" hai1="112,10,121,109,81,35,36,53,95,78,57,69,51" hai2="126,32,43,116,133,131,84,9,8,94,75,48,106" hai3="104,76,41,79,55,64,50,38,23,96,113,107,134"/><T24/><D34/><U26/><E109/><V89/><F32/><W37/><G113/><T128/><D128/><U16/><E121/><V111/><F131/><W42/><G23/><T93/><D6/><U56/><E36/><V102/><F111/><W88/><G55/><T108/><D108/><U87/><E69/><V45/><F75/><W20/><G20/><T1/><D1/><U31/><E112/><V91/><F126/><W67/><G96/><T49/><D74/><U97/><E10/><V114/><F114/><W98/><G98/><T73/><D73/><U14/><E14/><V105/><F133/><W118/><G50/><T4/><D4/><U3/><E3/><V25/><F105/><W46/><G46/><T17/><D72/><U70/><E70/><V119/><F91/><W83/><G83/><N who="0" m="31787" /><D71/><U103/><REACH who="1" step="1"/><E16/><REACH who="1" ten="250,240,250,250" step="2"/><V0/><F0/><W47/><G134/><T19/><D17/><U86/><E86/><V68/><F68/><W115/><G115/><T120/><D120/><U110/><E110/><V13/><F13/><W135/><G135/><T132/><D132/><U58/><AGARI ba="0,1" hai="26,31,35,51,53,56,57,58,78,81,87,95,97,103" machi="58" ten="20,5200,0" yaku="1,1,0,1,7,1,53,1" doraHai="60" doraHaiUra="30" who="1" fromWho="1" sc="250,-26,240,62,250,-13,250,-13" /><INIT seed="1,0,0,5,0,98" ten="224,302,237,237" oya="1" hai0="15,123,117,36,50,73,60,9,130,64,40,115,25" hai1="30,97,41,10,83,31,29,62,85,77,2,95,111" hai2="116,109,13,18,102,6,96,21,71,34,49,82,101" hai3="108,16,112,17,65,113,23,45,125,119,70,92,100"/><U120/><E120/><V33/><F116/><W57/><G119/><T12/><D117/><U3/><E111/><V114/><F71/><W52/><G108/><T26/><D115/><U56/><E41/><V37/><F37/><W129/><G45/><T47/><D123/><U1/><E10/><V32/><F109/><W69/><G125/><T133/><D73/><U89/><REACH who="1" step="1"/><E31/><REACH who="1" ten="224,292,237,237" step="2"/><V5/><F114/><W58/><G113/><T106/><D9/><U7/><E7/><V55/><F5/><W131/><G112/><T11/><D11/><U38/><E38/><V0/><F6/><W118/><G118/><T20/><D36/><U72/><E72/><V78/><F0/><W35/><G131/><T87/><D130/><U99/><E99/><V86/><REACH who="2" step="1"/><F96/><REACH who="2" ten="224,292,227,237" step="2"/><W44/><G129/><T84/><D87/><U19/><E19/><V126/><F126/><W107/><G16/><T94/><D84/><U61/><E61/><V4/><F4/><W91/><G17/><T24/><D60/><U103/><E103/><V90/><F90/><W48/><G100/><T76/><D76/><U39/><E39/><V68/><F68/><W134/><G70/><T81/><D50/><U63/><E63/><V75/><F75/><W28/><G48/><T128/><D128/><U54/><AGARI ba="0,2" hai="1,2,3,29,30,54,56,62,77,83,85,89,95,97" machi="54" ten="30,6000,0" yaku="1,1,0,1,53,1" doraHai="98" doraHaiUra="80" who="1" fromWho="1" sc="224,-20,292,80,227,-20,237,-20" /><INIT seed="1,1,0,1,0,68" ten="204,372,207,217" oya="1" hai0="109,13,34,22,87,8,128,4,33,1,126,28,5" hai1="56,90,111,100,114,42,12,26,65,125,74,133,46" hai2="24,107,37,110,21,123,70,105,135,82,94,95,103" hai3="59,41,71,84,10,66,116,29,69,89,118,61,19"/><U40/><E114/><V55/><F123/><W134/><G134/><T39/><D39/><U80/><E125/><V77/><F70/><W53/><G29/><T92/><D92/><U52/><E100/><V20/><F135/><W49/><G41/><T113/><D87/><N who="1" m="50535" /><E74/><V2/><F2/><W44/><G118/><T132/><D113/><U124/><E124/><V79/><F37/><W91/><G116/><T60/><D60/><N who="1" m="38023" /><E111/><V121/><F121/><W43/><G43/><T0/><D126/><U9/><E26/><V47/><F24/><W31/><G31/><T93/><D93/><U127/><E127/><V3/><F3/><N who="0" m="1098" /><D132/><U81/><E81/><V50/><F103/><W104/><G104/><T86/><D86/><U57/><E46/><V131/><F110/><W17/><G91/><T130/><D109/><U98/><E98/><V129/><F82/><W7/><G71/><T117/><D117/><U64/><E64/><V36/><F36/><W75/><G69/><T35/><D4/><N who="1" m="3111" /><E133/><V112/><F112/><W115/><G115/><T78/><D78/><U120/><E120/><V85/><F85/><W14/><G75/><T83/><D83/><AGARI ba="1,0" hai="7,10,14,17,19,44,49,53,59,61,66,83,84,89" machi="83" ten="30,2000,0" yaku="7,1,8,1" doraHai="68" who="3" fromWho="0" sc="204,-23,372,0,207,0,217,23" /><INIT seed="2,0,0,0,2,23" ten="181,372,207,240" oya="2" hai0="72,43,63,87,48,100,0,109,66,133,125,128,20" hai1="89,38,16,22,30,60,7,102,98,94,83,103,71" hai2="10,36,49,59,82,126,33,5,118,44,9,113,27" hai3="25,77,132,81,31,2,37,123,97,127,105,104,135"/><V46/><F118/><W64/><G123/><T69/><D72/><U112/><E38/><V91/><F113/><W24/><G2/><T131/><D0/><U54/><E112/><V70/><F70/><W74/><G127/><T121/><D121/><U8/><E30/><V92/><F126/><W50/><G37/><T114/><D114/><U84/><E71/><V4/><F82/><W15/><G64/><T42/><D125/><U17/><E102/><V108/><F36/><W21/><G15/><T32/><D32/><U73/><E73/><V110/><F59/><W99/><G50/><T79/><D109/><N who="2" m="42090" /><F46/><W80/><G80/><T111/><D111/><U53/><E60/><V120/><F120/><W52/><G52/><N who="1" m="20074" /><E22/><V41/><F9/><W6/><G6/><T86/><D20/><U55/><E55/><V90/><F92/><W115/><G115/><T75/><D75/><U68/><E68/><V13/><F4/><W78/><G21/><T47/><D42/><U119/><E119/><V45/><F45/><W85/><G74/><T29/><D69/><U122/><E122/><V11/><F11/><W62/><G62/><T67/><D63/><U96/><E7/><V101/><F101/><W76/><G31/><AGARI ba="0,0" hai="5,10,13,27,31,33,41,44,49,90,91" m="42090" machi="31" ten="30,5800,0" yaku="14,1,10,1,52,1" doraHai="23" who="2" fromWho="3" sc="181,0,372,0,207,58,240,-58" /><INIT seed="2,1,0,4,3,74" ten="181,372,265,182" oya="2" hai0="45,20,51,55,22,43,10,47,71,122,61,11,90" hai1="107,44,36,76,12,114,34,6,2,115,73,48,4" hai2="130,58,0,113,8,37,62,15,80,120,65,132,92" hai3="14,101,134,95,26,54,110,126,72,19,46,121,111"/><V59/><F120/><W41/><G121/><T57/><D122/><U135/><E107/><V67/><F37/><W7/><G126/><T127/><D127/><U33/><E135/><V52/><F132/><W133/><G72/><T9/><D71/><U21/><E21/><V131/><F0/><W128/><G54/><T86/><REACH who="0" step="1"/><D45/><REACH who="0" ten="171,372,265,182" step="2"/><U56/><E44/><V82/><F113/><W31/><G134/><T89/><D89/><U85/><E115/><V18/><F131/><W100/><G133/><T109/><D109/><N who="3" m="41481" /><G128/><T3/><D3/><U116/><E2/><V87/><F130/><W63/><G63/><T81/><AGARI ba="1,1" hai="9,10,11,20,22,43,47,51,55,57,61,81,86,90" machi="81" ten="30,4000,0" yaku="1,1,0,1,8,1,53,0" doraHai="74" doraHaiUra="118" who="0" fromWho="0" sc="171,53,372,-11,265,-21,182,-11" /><INIT seed="3,0,0,1,2,14" ten="224,361,244,171" oya="3" hai0="90,134,33,37,75,55,123,74,18,118,42,69,83" hai1="98,22,67,25,15,63,32,26,16,109,46,70,89" hai2="107,79,106,80,103,2,10,38,114,0,27,125,53" hai3="105,58,73,131,102,122,88,29,4,21,77,65,99"/><W19/><G122/><T101/><D123/><U86/><E109/><V45/><F114/><W91/><G29/><T6/><D118/><U35/><E98/><V132/><F125/><W17/><G131/><T95/><D69/><U5/><E46/><V48/><F132/><W34/><G34/><T133/><D33/><U76/><E76/><V3/><F27/><W72/><G4/><T92/><D6/><U87/><E87/><V9/><F38/><W104/><G104/><T128/><D128/><U8/><REACH who="1" step="1"/><E26/><REACH who="1" ten="224,351,244,171" step="2"/><V68/><F45/><W111/><G111/><T71/><D75/><U126/><E126/><V108/><F79/><W13/><G73/><T23/><D74/><U94/><AGARI ba="0,1" hai="5,8,15,16,22,25,32,35,63,67,70,86,89,94" machi="94" ten="20,12000,2" yaku="1,1,0,1,7,1,52,1,54,1,53,1" doraHai="14" doraHaiUra="11" who="1" fromWho="1" sc="224,-30,351,130,244,-30,171,-60" /><INIT seed="4,0,0,1,0,5" ten="194,481,214,111" oya="0" hai0="104,39,77,115,114,19,22,105,91,68,3,82,11" hai1="69,94,122,124,64,75,50,118,27,112,109,51,117" hai2="2,125,12,29,89,14,76,81,53,47,44,9,103" hai3="73,72,107,17,49,97,67,78,86,131,10,38,42"/><T132/><D68/><U95/><E75/><V120/><F120/><W35/><G131/><T59/><D39/><U126/><E109/><V130/><F125/><W58/><G35/><T37/><D37/><U30/><E122/><V121/><F121/><W56/><G38/><T48/><D91/><U13/><E64/><V16/><F2/><W18/><G107/><T25/><D132/><U15/><E27/><V84/><F29/><W116/><G116/><T36/><D36/><U34/><E112/><N who="0" m="43049" /><D48/><U0/><E0/><V83/><F103/><W119/><G119/><T128/><D59/><U79/><E79/><V24/><F24/><W70/><G97/><T80/><D128/><U108/><E108/><V32/><F32/><W90/><G70/><T23/><D23/><U100/><E34/><V8/><F53/><W40/><G73/><N who="0" m="43055" /><D82/><U133/><E69/><V102/><F102/><W113/><G72/><T20/><D20/><U106/><E100/><V127/><F127/><W135/><G78/><T66/><D66/><U93/><E133/><V4/><F130/><W45/><G135/><T63/><D63/><U57/><E57/><N who="3" m="22122" /><G67/><T26/><D26/><U88/><E124/><V21/><F21/><W85/><G113/><T1/><D1/><U92/><E126/><V46/><F46/><W110/><G90/><T111/><D111/><U101/><E88/><V134/><F134/><W99/><G110/><T31/><D3/><U65/><E117/><V28/><F28/><W43/><G49/><T54/><D54/><U61/><E118/><V87/><AGARI ba="0,0" hai="4,8,9,12,14,16,44,47,76,81,83,84,87,89" machi="87" ten="20,12000,2" yaku="0,1,7,1,8,1,52,2,54,1" doraHai="5" who="2" fromWho="2" sc="194,-60,481,-30,214,120,111,-30" /><INIT seed="5,0,0,2,5,67" ten="134,451,334,81" oya="1" hai0="127,124,10,121,30,129,82,34,61,110,18,19,114" hai1="28,117,38,100,1,81,43,116,9,55,14,48,122" hai2="77,54,21,95,0,120,32,57,83,2,125,87,50" hai3="113,6,7,78,26,23,53,8,33,85,47,92,72"/><U109/><E122/><V25/><F125/><W79/><G33/><T88/><D110/><U118/><E1/><V75/><F120/><W64/><G113/><T123/><D114/><U31/><E100/><V45/><F32/><W29/><G72/><T35/><D129/><U106/><E106/><V104/><F104/><W36/><G64/><T93/><D82/><U70/><E70/><V108/><F108/><W12/><G7/><T115/><D115/><U94/><E109/><V68/><F68/><W98/><G85/><T130/><D130/><U63/><E63/><V73/><F73/><W5/><G5/><T27/><D61/><U111/><E111/><V52/><F95/><W76/><G36/><T99/><D35/><U80/><E94/><V11/><F11/><W60/><G60/><T16/><REACH who="0" step="1"/><D10/><REACH who="0" ten="124,451,334,81" step="2"/><U51/><E81/><V105/><F83/><W49/><REACH who="3" step="1"/><G76/><REACH who="3" ten="124,451,334,71" step="2"/><T13/><D13/><U135/><E14/><V4/><F77/><W40/><G40/><T126/><AGARI ba="0,2" hai="16,18,19,27,30,34,88,93,99,121,123,124,126,127" machi="126" ten="40,8000,1" yaku="1,1,0,1,18,1,54,2,53,0" doraHai="67" doraHaiUra="97" who="0" fromWho="0" sc="124,100,451,-40,334,-20,71,-20" /><INIT seed="6,0,0,0,5,69" ten="224,411,314,51" oya="2" hai0="23,30,68,8,27,21,66,108,120,61,86,87,92" hai1="36,88,72,5,70,90,56,7,25,102,78,77,131" hai2="134,112,133,115,0,109,93,81,80,6,14,91,110" hai3="40,97,74,94,44,71,118,128,4,38,84,16,122"/><V46/><F0/><W3/><G118/><T33/><D120/><U57/><E70/><V51/><F6/><W63/><G122/><T100/><D108/><N who="2" m="41578" /><F14/><W129/><G74/><T130/><D130/><N who="3" m="50281" /><G84/><T126/><D126/><U10/><E25/><V127/><F127/><W83/><G83/><N who="2" m="31817" /><F51/><W75/><G75/><T117/><D117/><U58/><E72/><V73/><F46/><W55/><G4/><T29/><D8/><U104/><E131/><V85/><F73/><W43/><G3/><T107/><D30/><U22/><E10/><V39/><F39/><N who="3" m="21631" /><G71/><T37/><D37/><U101/><E36/><V42/><F42/><W2/><G2/><T48/><D48/><U67/><E7/><V53/><F53/><W13/><G55/><T34/><D34/><U54/><E5/><V76/><F76/><W99/><G94/><T31/><D92/><U52/><E78/><V114/><AGARI ba="0,0" hai="85,91,93,112,114,115,133,134" m="31817,41578" machi="114" ten="40,12000,1" yaku="15,1,10,1,34,2" doraHai="69" who="2" fromWho="2" sc="224,-40,411,-40,314,120,51,-40" /><INIT seed="6,1,0,3,4,38" ten="184,371,434,11" oya="2" hai0="123,21,40,12,61,59,102,29,134,60,7,109,1" hai1="110,79,17,10,96,37,65,15,121,13,108,44,129" hai2="95,39,120,25,22,118,6,94,67,11,16,125,4" hai3="51,78,111,87,99,18,49,113,89,47,56,34,42"/><V20/><F120/><W103/><G111/><T126/><D123/><U5/><E129/><V101/><F118/><W62/><G78/><T112/><D109/><U115/><E115/><V58/><F39/><W75/><G75/><T117/><D112/><U64/><E121/><V82/><F125/><W135/><G113/><T104/><D117/><U107/><E110/><V19/><F82/><W93/><G135/><T71/><D126/><U55/><E108/><V100/><F67/><W92/><G34/><T130/><D130/><U26/><E26/><V133/><F58/><W63/><REACH who="3" step="1"/><G18/><REACH who="3" ten="184,371,434,1" step="2"/><T0/><D29/><U132/><E79/><V84/><F133/><W105/><G105/><T27/><D134/><U14/><E132/><V33/><F33/><W122/><G122/><T81/><D104/><U3/><E17/><V86/><F25/><W66/><G66/><T73/><D27/><U57/><E65/><V68/><F11/><W52/><AGARI ba="1,1" hai="42,47,49,51,52,56,62,63,87,89,92,93,99,103" machi="52" ten="30,8000,1" yaku="1,1,0,1,8,1,52,1,54,1,53,0" doraHai="38" doraHaiUra="9" who="3" fromWho="3" sc="184,-21,371,-21,434,-41,1,93" /><INIT seed="7,0,0,1,2,12" ten="163,350,393,94" oya="3" hai0="80,74,63,27,10,53,112,52,120,104,41,43,116" hai1="54,123,101,130,98,34,69,84,107,113,24,7,21" hai2="25,103,85,121,114,38,100,28,33,86,36,49,105" hai3="56,20,79,93,97,47,87,78,89,111,6,11,3"/><W16/><G111/><T135/><D120/><U117/><E123/><V77/><F121/><W102/><G47/><T65/><D116/><U29/><E117/><V23/><F114/><W35/><G56/><T5/><D104/><U83/><E113/><V17/><F38/><W51/><G51/><T132/><D112/><U59/><E130/><V1/><F36/><W109/><G35/><T44/><D27/><U0/><E69/><V70/><F1/><W2/><G2/><T31/><D31/><U8/><E34/><V4/><F4/><W75/><G75/><T62/><D80/><U129/><E129/><V60/><F103/><W108/><G108/><T122/><D122/><U66/><E66/><N who="2" m="41287" /><F77/><W110/><G110/><T106/><D106/><U39/><E39/><V67/><F67/><W42/><G42/><T128/><D74/><U131/><E131/><V125/><F49/><W92/><REACH who="3" step="1"/><G109/><REACH who="3" ten="163,350,393,84" step="2"/><T26/><D128/><U90/><E59/><V9/><F33/><W48/><G48/><T95/><D43/><U40/><E40/><V55/><F55/><W72/><G72/><T13/><D44/><U58/><E58/><V64/><F64/><W126/><G126/><T32/><D41/><U127/><E127/><V118/><F125/><W19/><G19/><T46/><D46/><U73/><E73/><V61/><F118/><W82/><G82/><T22/><D32/><U81/><E54/><V15/><F61/><W94/><G94/><T37/><D95/><U50/><E50/><V68/><F68/><W88/><G88/><T99/><D37/><U91/><E91/><RYUUKYOKU ba="0,1" sc="163,-30,350,10,393,10,84,10" hai1="0,7,8,21,24,29,81,83,84,90,98,101,107" hai2="9,15,17,23,25,28,85,86,100,105" hai3="3,6,11,16,20,78,79,87,89,92,93,97,102" /><INIT seed="7,1,1,1,2,111" ten="133,360,403,94" oya="3" hai0="31,73,9,44,88,41,118,27,51,131,77,100,105" hai1="53,62,97,18,116,72,55,76,110,10,8,69,21" hai2="7,61,112,63,113,84,130,91,87,5,38,40,109" hai3="107,90,29,115,58,93,71,119,25,20,123,68,43"/><W99/><G119/><T6/><D118/><U133/><E110/><V13/><F109/><W126/><G123/><T3/><D131/><U92/><E116/><V103/><F130/><W80/><G126/><T45/><D45/><U134/><E76/><V19/><F103/><W96/><G115/><N who="2" m="44105" /><F40/><W98/><G80/><N who="0" m="45103" /><D88/><N who="1" m="55431" /><E72/><V50/><F50/><W74/><G74/><T83/><D83/><U60/><E60/><N who="2" m="23115" /><F38/><W52/><G43/><T81/><D81/><U106/><E106/><V79/><F79/><W0/><G0/><T67/><D51/><U23/><E23/><N who="2" m="11759" /><F87/><W46/><G46/><T48/><D44/><U49/><E69/><V28/><F28/><W47/><G47/><T124/><D31/><U24/><E49/><V114/><F114/><W75/><G75/><T34/><D48/><U30/><E30/><V35/><F35/><W17/><G29/><T108/><D34/><U95/><E95/><AGARI ba="1,1" hai="5,7,84,91,95" m="11759,23115,44105" machi="95" ten="30,7700,0" yaku="15,1,52,3" doraHai="111" who="2" fromWho="1" sc="133,0,360,-80,403,90,94,0" owari="133,-27.0,280,8.0,493,60.0,94,-41.0" /></mjloggm>