<mjloggm ver="2.3"><GO type="169" lobby="0"/><UN n0="%E3%83%81%E3%83%AD%E3%83%AD%E8%BB%8D%E6%9B%B9" n1="%E3%83%A6%E3%82%A6%E3%82%A2%E3%82%B9%E3%82%AB" n2="%49%72%69%73%2A" n3="%E3%83%A6%E3%83%BC%E3%82%B9%E3%83%AC%E3%82%B9" dan="17,16,18,17" rate="2165.15,2011.83,2184.14,2150.34" sx="F,M,F,M"/><TAIKYOKU oya="0"/><INIT seed="0,0,0,4,0,131" ten="250,250,250,250" oya="0" hai0="6,48,72,24,43,129,90,116,26,113,77,55,21" hai1="81,57,71,95,27,46,62,108,42,22,38,74,45" hai2="3,8,4,54,14,20,19,60,35,78,99,109,18" hai3="110,117,132,41,119,31,61,103,36,39,87,120,49"/><T126/><D113/><U17/><E108/><V112/><F112/><W121/><G31/><T70/><D70/><U5/><E71/><V66/><F109/><W86/><G110/><T44/><D116/><N who="3" m="44617" /><G103/><T63/><D126/><U59/><E46/><V93/><F35/><W76/><G76/><T118/><D118/><U122/><E122/><N who="3" m="47210" /><G61/><T69/><D77/><U53/><E5/><V85/><F78/><W97/><G97/><T33/><D6/><U7/><E7/><V114/><F85/><N who="3" m="32267" /><G132/><T125/><D33/><U15/><E74/><V79/><F79/><W9/><G9/><T10/><D10/><U111/><E81/><V100/><F114/><W32/><G32/><T29/><D29/><U23/><E95/><V84/><F84/><W47/><AGARI ba="0,0" hai="36,39,41,47,49" m="32267,47210,44617" machi="47" ten="40,1500,0" yaku="13,1" doraHai="131" who="3" fromWho="3" sc="250,-7,250,-4,250,-4,250,15" /><INIT seed="1,0,0,3,0,114" ten="243,246,246,265" oya="1" hai0="117,57,22,67,121,5,94,100,13,33,60,124,125" hai1="46,44,89,92,4,110,132,126,112,61,0,31,78" hai2="106,95,91,120,104,48,76,58,103,37,12,65,17" hai3="109,99,77,66,63,11,83,19,70,50,54,115,129"/><U113/><E126/><V16/><F37/><W74/><G115/><T40/><D33/><U131/><E131/><V122/><F76/><W7/><G129/><T133/><D40/><U88/><E78/><V20/><F103/><W123/><G123/><T130/><D130/><U71/><E132/><V119/><F17/><W49/><G109/><T73/><D73/><U101/><E110/><V51/><F51/><W127/><G127/><N who="0" m="48715" /><D133/><U1/><E4/><V38/><F38/><W39/><G39/><T86/><D121/><U134/><E134/><V3/><F3/><W68/><G68/><T128/><D128/><U45/><E31/><V64/><F120/><W82/><G82/><T102/><D117/><U9/><E9/><V52/><F119/><W81/><G81/><T29/><D5/><U27/><E27/><V90/><F90/><W105/><G19/><N who="0" m="10607" /><D29/><U35/><E35/><V87/><F122/><W93/><G105/><AGARI ba="0,0" hai="12,16,20,48,52,58,64,65,87,91,95,104,105,106" machi="105" ten="40,8000,1" yaku="25,2,54,2" doraHai="114" who="2" fromWho="3" sc="243,0,246,0,246,80,265,-80" /><INIT seed="2,0,0,4,4,92" ten="243,246,326,185" oya="2" hai0="126,9,41,58,62,16,7,77,13,18,6,90,21" hai1="54,29,102,109,86,31,49,71,74,129,84,98,8" hai2="43,42,37,88,0,48,32,33,101,127,80,36,133" hai3="59,94,96,81,85,56,50,115,23,27,122,117,53"/><V35/><F0/><W111/><G117/><T39/><D126/><U1/><E71/><V47/><F127/><W2/><G122/><T45/><D77/><U87/><E74/><V65/><F133/><W119/><G119/><T15/><REACH who="0" step="1"/><D90/><REACH who="0" ten="233,246,326,185" step="2"/><U134/><E129/><V100/><F88/><N who="3" m="51247" /><G115/><T20/><D20/><U24/><E134/><V46/><F80/><W103/><G111/><T121/><D121/><U97/><E109/><V123/><F123/><W61/><G2/><T114/><D114/><U52/><E102/><V11/><F11/><W104/><G104/><T67/><AGARI ba="0,1" hai="6,7,9,13,15,16,18,21,39,41,45,58,62,67" machi="67" ten="20,5200,0" yaku="1,1,0,1,7,1,54,1,53,0" doraHai="92" doraHaiUra="107" who="0" fromWho="0" sc="233,62,246,-13,326,-26,185,-13" /><INIT seed="3,0,0,0,4,133" ten="295,233,300,172" oya="3" hai0="28,31,98,49,130,115,128,6,58,126,53,63,67" hai1="64,109,4,7,66,36,37,27,69,79,84,50,87" hai2="44,14,42,83,135,116,1,12,71,75,65,91,124" hai3="35,88,127,76,25,78,46,106,100,24,134,13,117"/><W0/><G117/><T77/><D6/><U41/><E109/><V47/><F47/><W107/><G0/><T125/><D77/><U29/><E79/><V80/><F80/><W26/><G35/><T54/><D98/><U8/><E69/><V45/><F45/><W10/><G134/><T56/><D67/><U96/><E96/><V2/><F14/><W17/><G127/><N who="0" m="48651" /><D115/><U108/><E108/><V110/><F65/><W15/><G46/><T111/><D111/><U57/><E41/><V97/><F42/><W30/><G30/><AGARI ba="0,0" hai="28,30,31,49,53,54,56,58,63,128,130" m="48651" machi="30" ten="30,7700,0" yaku="18,1,52,3" doraHai="133" who="0" fromWho="3" sc="295,77,233,0,300,0,172,-77" /><INIT seed="4,0,0,0,1,67" ten="372,233,300,95" oya="0" hai0="59,105,81,90,33,125,36,77,94,107,2,6,55" hai1="74,60,122,5,18,68,23,44,63,9,131,97,79" hai2="40,116,82,16,56,83,76,34,22,108,72,8,134" hai3="65,13,129,7,124,51,14,45,103,127,25,132,10"/><T49/><D36/><U46/><E131/><V50/><F108/><W42/><G129/><T133/><D33/><U37/><E122/><V98/><F34/><W91/><G132/><T85/><D125/><U4/><E97/><V118/><F134/><W62/><G103/><T26/><D26/><U123/><E123/><V115/><F8/><W30/><G91/><T38/><D38/><U24/><E46/><V61/><F83/><W102/><G102/><T100/><D133/><U119/><E119/><N who="2" m="45611" /><F98/><W95/><G95/><T73/><D6/><U106/><E106/><V66/><F115/><W99/><G99/><T84/><D2/><N who="1" m="151" /><E5/><V52/><F40/><W128/><G128/><T53/><D100/><U32/><E32/><V47/><F22/><W109/><G109/><T80/><REACH who="0" step="1"/><D55/><REACH who="0" ten="362,233,300,95" step="2"/><U35/><E35/><V78/><F52/><W48/><G127/><T93/><D93/><U113/><E24/><V20/><F82/><W17/><G124/><T15/><D15/><U120/><E37/><V12/><F12/><W130/><G130/><T43/><D43/><U88/><E120/><V110/><F110/><W121/><G121/><T86/><D86/><U117/><E117/><V29/><F72/><W28/><G25/><T87/><D87/><U27/><E74/><V111/><F111/><W54/><G13/><T58/><D58/><U64/><E27/><N who="2" m="14727" /><F29/><W71/><REACH who="3" step="1"/><G7/><REACH who="3" ten="362,233,300,85" step="2"/><T0/><D0/><U21/><E18/><V3/><F3/><W11/><G11/><T1/><D1/><U104/><E104/><V70/><F56/><AGARI ba="0,2" hai="10,14,17,28,30,42,45,48,51,54,56,62,65,71" machi="56" ten="30,3900,0" yaku="1,1,7,1,52,1,53,0" doraHai="67" doraHaiUra="69" who="3" fromWho="2" sc="362,0,233,0,300,-39,85,59" /><INIT seed="5,0,0,3,5,58" ten="362,233,261,144" oya="1" hai0="134,123,88,37,32,59,1,103,6,42,89,2,96" hai1="117,51,14,73,39,53,28,23,8,104,12,70,11" hai2="35,77,21,34,45,106,50,36,116,15,107,0,44" hai3="57,22,48,122,82,49,4,118,119,80,24,125,93"/><U83/><E117/><V52/><F116/><W115/><G122/><T85/><D32/><U7/><E70/><V40/><F0/><W120/><G120/><T65/><D123/><U97/><E39/><V64/><F77/><W74/><G74/><T98/><D134/><U109/><E109/><V66/><F66/><W86/><G4/><T95/><D42/><U54/><E73/><V31/><F64/><W102/><G119/><T87/><D37/><U26/><E83/><V90/><F90/><W46/><G118/><T94/><D6/><U3/><E3/><V5/><F21/><W29/><G115/><T99/><D103/><U84/><E84/><V47/><F47/><W128/><G128/><T121/><D121/><U30/><E30/><V126/><F126/><W27/><G27/><T130/><REACH who="0" step="1"/><D130/><REACH who="0" ten="352,233,261,144" step="2"/><U112/><E112/><V127/><F34/><W10/><G125/><T9/><D9/><U41/><E41/><V76/><F127/><W78/><G10/><T67/><D67/><U16/><REACH who="1" step="1"/><E51/><REACH who="1" ten="352,223,261,144" step="2"/><N who="2" m="28775" /><F36/><W75/><G48/><T105/><D105/><U124/><E124/><V56/><F106/><W43/><G43/><T71/><D71/><U111/><E111/><V38/><F107/><W13/><G49/><T92/><D92/><U110/><E110/><V79/><F38/><W55/><G93/><T33/><D33/><U108/><E108/><V101/><F50/><W91/><G82/><T69/><D69/><U18/><E18/><V132/><F35/><W19/><G80/><T60/><AGARI ba="0,2" hai="1,2,59,60,65,85,87,88,89,94,95,96,98,99" machi="60" ten="30,12000,2" yaku="1,1,0,1,9,1,52,1,54,1,53,1" doraHai="58" doraHaiUra="63" who="0" fromWho="0" sc="352,140,223,-60,261,-30,144,-30" /><INIT seed="6,0,0,1,0,17" ten="492,163,231,114" oya="2" hai0="7,106,89,34,111,41,122,32,71,105,118,104,123" hai1="67,25,39,133,70,33,92,60,24,22,128,61,102" hai2="112,73,119,110,79,43,46,114,6,91,62,29,65" hai3="1,2,103,69,8,57,0,129,10,126,31,125,20"/><V40/><F119/><W108/><G69/><T27/><D71/><U115/><E39/><V14/><F29/><W45/><G45/><T84/><D111/><U50/><E128/><V59/><F110/><W94/><G108/><T132/><D132/><U134/><E50/><V87/><F73/><W113/><G57/><T11/><D41/><U13/><E33/><V68/><F79/><W63/><G63/><T80/><D118/><U109/><E109/><V18/><F6/><W16/><G129/><T55/><D55/><U47/><E47/><V88/><F59/><W38/><G38/><T130/><D130/><U76/><E76/><V98/><F98/><W82/><G82/><T23/><D122/><U131/><E131/><V75/><F75/><W5/><G103/><T85/><D85/><U116/><E116/><V37/><F43/><W4/><G94/><T19/><REACH who="0" step="1"/><D123/><REACH who="0" ten="482,163,231,114" step="2"/><U117/><E117/><V56/><F68/><W107/><G113/><N who="2" m="43625" /><F87/><W12/><G107/><T78/><D78/><U21/><E115/><V74/><F74/><W77/><G77/><T28/><D28/><U83/><E134/><V93/><F93/><W15/><G31/><T97/><D97/><U135/><E92/><V53/><F53/><W100/><G100/><T9/><D9/><AGARI ba="0,1" hai="9,14,18,37,40,46,56,62,65,88,91" m="43625" machi="9" ten="30,2900,0" yaku="15,1,54,1" doraHai="17" who="2" fromWho="0" sc="482,-29,163,0,231,39,114,0" /><INIT seed="6,1,0,3,4,69" ten="453,163,270,114" oya="2" hai0="52,110,115,10,97,66,26,61,92,23,44,127,71" hai1="96,109,25,14,70,79,87,114,126,35,100,37,82" hai2="53,124,33,16,98,63,15,121,133,102,31,22,47" hai3="73,6,51,48,123,88,78,1,91,111,99,129,77"/><V104/><F121/><W134/><G123/><T65/><D110/><U108/><E14/><V20/><F124/><W39/><G111/><T60/><D115/><U41/><E114/><V30/><F33/><W12/><G1/><T107/><D107/><N who="1" m="63879" /><E126/><V116/><F133/><W86/><G134/><T119/><D10/><U135/><E135/><V74/><F74/><W29/><G29/><T19/><D119/><U113/><E113/><V125/><F116/><W17/><G6/><T130/><D130/><U49/><E49/><V90/><F125/><W4/><G4/><T18/><D127/><U9/><E9/><V72/><F72/><W54/><G129/><T68/><D44/><N who="1" m="23599" /><E87/><V84/><F22/><W94/><G73/><T120/><D120/><U95/><E95/><V83/><REACH who="2" step="1"/><F47/><REACH who="2" ten="453,163,260,114" step="2"/><W3/><G3/><T89/><D23/><U81/><E35/><V64/><F64/><W80/><G39/><T67/><D67/><U56/><E109/><V55/><F55/><W50/><G54/><T128/><D128/><U105/><E108/><V132/><F132/><W7/><REACH who="3" step="1"/><G7/><REACH who="3" ten="453,163,260,104" step="2"/><T118/><D118/><U112/><E112/><V93/><F93/><W122/><G122/><T101/><D52/><U131/><E131/><V117/><F117/><W5/><G5/><T57/><D66/><U34/><E105/><V45/><F45/><W59/><G59/><AGARI ba="1,2" hai="15,16,20,30,31,53,59,63,83,84,90,98,102,104" machi="59" ten="40,3900,0" yaku="1,1,54,1,53,0" doraHai="69" doraHaiUra="62" who="2" fromWho="3" sc="453,0,163,0,260,62,104,-42" /><INIT seed="6,2,0,2,5,43" ten="453,163,322,62" oya="2" hai0="27,2,81,9,6,42,113,109,118,83,38,11,58" hai1="52,97,104,29,7,80,39,50,60,47,86,3,84" hai2="78,30,59,32,25,21,133,94,103,66,41,119,33" hai3="44,79,64,45,55,73,96,22,128,100,61,8,90"/><V101/><F119/><W131/><G90/><T111/><D113/><U127/><E127/><V18/><F133/><W114/><G55/><T88/><D118/><U72/><E29/><V120/><F120/><W87/><G114/><T53/><D27/><U132/><E132/><V10/><F32/><W105/><G8/><T112/><D112/><U125/><E125/><V20/><F10/><W123/><G123/><T51/><D11/><N who="1" m="2559" /><E60/><V74/><F33/><W92/><G22/><T19/><D19/><U93/><E104/><V98/><F74/><W35/><G35/><T134/><D134/><U54/><E50/><V77/><F41/><W107/><G107/><T17/><D17/><U67/><E67/><V68/><F68/><W95/><G95/><T40/><D81/><U12/><E12/><N who="2" m="9287" /><F103/><W124/><G124/><T129/><D40/><N who="1" m="22943" /><E86/><V76/><F66/><W91/><G61/><T24/><D42/><U106/><E84/><V110/><F110/><W89/><G89/><T63/><D88/><N who="1" m="55463" /><E106/><V37/><F37/><W69/><G64/><T14/><D38/><U57/><E57/><AGARI ba="2,0" hai="21,25,30,57,59,76,77,78,94,98,101" m="9287" machi="57" ten="30,1500,0" yaku="8,1" doraHai="43" who="2" fromWho="1" sc="453,0,163,-21,322,21,62,0" /><INIT seed="6,3,0,0,5,118" ten="453,142,343,62" oya="2" hai0="10,132,91,117,44,59,115,73,108,126,102,129,80" hai1="97,78,20,95,60,30,105,56,121,21,84,29,88" hai2="130,23,39,61,72,7,2,94,15,11,53,41,1" hai3="51,119,54,111,63,125,79,67,64,49,92,98,43"/><V71/><F72/><W134/><G119/><T127/><D59/><U16/><E105/><V99/><F130/><W3/><G3/><T47/><D117/><U114/><E114/><V14/><F14/><W74/><G111/><T28/><D108/><U48/><E48/><V68/><F53/><W46/><G134/><T86/><D102/><U22/><E121/><V83/><F83/><W5/><G125/><T85/><D73/><U124/><E124/><N who="0" m="47657" /><D28/><U31/><E78/><V12/><F12/><W133/><G5/><T57/><D57/><U75/><E75/><V103/><F61/><W40/><G133/><T93/><D132/><U65/><REACH who="1" step="1"/><E97/><REACH who="1" ten="453,132,343,62" step="2"/><V96/><F99/><W82/><G51/><T24/><D115/><U135/><E135/><V0/><F39/><W101/><REACH who="3" step="1"/><G67/><REACH who="3" ten="453,132,343,52" step="2"/><T52/><D129/><U89/><E89/><V25/><F103/><W106/><G106/><T113/><D91/><U26/><AGARI ba="3,2" hai="16,20,21,22,26,29,30,31,56,60,65,84,88,95" machi="26" ten="30,8000,1" yaku="1,1,0,1,8,1,54,2,53,0" doraHai="118" doraHaiUra="120" who="1" fromWho="1" sc="453,-23,132,109,343,-43,52,-23" /><INIT seed="7,0,0,2,1,131" ten="430,241,300,29" oya="3" hai0="5,83,124,116,120,118,48,66,129,105,78,81,75" hai1="3,87,76,92,121,103,72,89,62,79,60,98,77" hai2="38,14,123,80,111,47,115,26,64,52,85,22,127" hai3="91,107,101,49,23,41,96,30,69,53,15,106,97"/><W117/><G117/><T65/><D105/><N who="1" m="63735" /><E3/><V94/><F111/><W110/><G69/><T12/><D120/><U114/><E62/><V104/><F104/><W1/><G1/><T2/><D2/><U57/><E57/><V6/><F38/><W25/><G110/><T102/><D102/><U132/><E60/><V56/><F64/><W42/><G15/><T109/><D109/><U35/><E35/><V54/><F47/><W11/><G11/><T90/><D124/><U9/><E9/><V33/><F54/><W74/><G74/><T21/><D129/><U71/><E71/><V73/><F33/><W95/><REACH who="3" step="1"/><G107/><REACH who="3" ten="430,241,300,19" step="2"/><T36/><D116/><U133/><E121/><V31/><F123/><W63/><G63/><T29/><D12/><U108/><E108/><V55/><F14/><W39/><G39/><T119/><D36/><U70/><E70/><V8/><F8/><W112/><G112/><T100/><D118/><U44/><E114/><V46/><F115/><W32/><G32/><T68/><D68/><U88/><E44/><AGARI ba="0,1" hai="23,25,30,41,42,44,49,53,91,95,96,97,101,106" machi="44" ten="30,2900,0" yaku="1,1,7,1,53,0" doraHai="131" doraHaiUra="10" who="3" fromWho="1" sc="430,0,241,-29,300,0,19,39" /><INIT seed="7,1,0,5,1,10" ten="430,212,300,58" oya="3" hai0="95,31,126,59,80,26,84,119,63,97,72,48,107" hai1="113,114,94,29,73,112,100,130,32,86,121,102,28" hai2="18,89,77,106,15,131,33,87,1,37,21,134,101" hai3="52,104,61,96,98,39,42,105,45,90,81,76,99"/><W20/><G90/><T103/><D119/><U110/><E110/><V22/><F33/><W7/><G7/><T68/><D68/><U2/><E2/><V24/><F1/><W38/><G38/><T75/><D126/><U71/><E71/><V9/><F37/><W132/><G132/><T92/><D48/><U8/><E8/><V69/><F69/><W74/><REACH who="3" step="1"/><G20/><REACH who="3" ten="430,212,300,48" step="2"/><N who="0" m="15815" /><D103/><U122/><E130/><V78/><F22/><W133/><G133/><T53/><D107/><U120/><E73/><V5/><F134/><W70/><G70/><T40/><D75/><U127/><E127/><V135/><F135/><W62/><G62/><T85/><D72/><U43/><E102/><V60/><F131/><W67/><G67/><T12/><D63/><U46/><E100/><V88/><F89/><W23/><G23/><T49/><D49/><N who="1" m="26847" /><E32/><V17/><F60/><W47/><G47/><T115/><D115/><U14/><E114/><V109/><F101/><W123/><G123/><T117/><D117/><U19/><E113/><V82/><F106/><W129/><G129/><T65/><D65/><U34/><E34/><V108/><F108/><W3/><G3/><T54/><D40/><U55/><E121/><V93/><F109/><W35/><G35/><T41/><D41/><U44/><E112/><V58/><F5/><W50/><G50/><T124/><D124/><U64/><E122/><V56/><F78/><W83/><G83/><T128/><D80/><U91/><E120/><V11/><F11/><W111/><G111/><T51/><D128/><U57/><E64/><V13/><F24/><RYUUKYOKU ba="1,1" sc="430,-15,212,-15,300,15,48,15" hai2="9,13,15,17,18,21,56,58,77,82,87,88,93" hai3="39,42,45,52,61,74,76,81,96,98,99,104,105" /><INIT seed="7,2,1,4,4,104" ten="415,197,315,63" oya="3" hai0="67,64,55,74,84,20,50,133,33,75,42,106,95" hai1="85,111,94,98,132,43,71,70,125,38,89,66,130" hai2="76,36,87,120,110,22,11,25,72,53,6,109,37" hai3="135,81,35,56,68,7,93,113,123,117,65,115,92"/><W51/><G35/><T48/><D106/><U80/><E111/><V31/><F87/><W128/><G123/><T83/><D33/><U78/><E125/><V122/><F53/><N who="3" m="31807" /><G117/><T5/><D5/><U108/><E108/><N who="2" m="41579" /><F76/><W82/><G7/><T30/><D133/><U101/><E132/><V96/><F72/><W49/><G135/><T3/><D3/><U12/><E130/><V14/><F96/><W61/><G128/><T121/><D95/><N who="3" m="36425" /><G49/><T62/><D121/><AGARI ba="2,1" hai="6,11,14,22,25,31,36,37,120,121,122" m="41579" machi="121" ten="30,1000,0" yaku="13,1" doraHai="104" who="2" fromWho="0" sc="415,-16,197,0,315,26,63,0" owari="399,50.0,197,-20.0,341,14.0,63,-44.0" /></mjloggm>