<mjloggm ver="2.3"><GO type="169" lobby="0"/><UN n0="%4D%49%4B%4F" n1="%E5%88%9D%E4%BB%A3%E2%98%86" n2="%73%65%69%79%61%6A%70%35" n3="%E3%82%86%E3%81%A3%E3%81%8D%E3%82%85%E3%82%93" dan="16,16,16,17" rate="2071.17,2038.59,2116.39,2152.90" sx="M,M,M,F"/><TAIKYOKU oya="0"/><INIT seed="0,0,0,1,1,100" ten="250,250,250,250" oya="0" hai0="59,77,84,79,92,37,108,5,98,8,39,23,38" hai1="85,51,6,127,44,90,120,126,104,43,35,130,105" hai2="73,101,97,7,70,40,86,28,14,81,10,69,134" hai3="54,16,91,93,17,112,64,12,75,121,30,24,119"/><T106/><D108/><U13/><E120/><V94/><F73/><W55/><G119/><T71/><D71/><U76/><E35/><V103/><F134/><W36/><G112/><T49/><D84/><U107/><E130/><V1/><F28/><W102/><G36/><T29/><D29/><U20/><E20/><V131/><F103/><W45/><G75/><T89/><D23/><U117/><E117/><V87/><F87/><W41/><G102/><T52/><REACH who="0" step="1"/><D106/><REACH who="0" ten="240,250,250,250" step="2"/><U72/><E72/><V111/><F111/><W129/><G30/><T2/><AGARI ba="0,1" hai="2,5,8,37,38,39,49,52,59,77,79,89,92,98" machi="2" ten="30,11700,0" yaku="1,1,2,1,0,1,54,1,53,0" doraHai="100" doraHaiUra="96" who="0" fromWho="0" sc="240,127,250,-39,250,-39,250,-39" /><INIT seed="0,1,0,1,5,6" ten="367,211,211,211" oya="0" hai0="114,73,13,0,111,106,119,80,79,19,133,67,135" hai1="112,100,35,81,63,59,25,30,5,34,62,65,42" hai2="86,64,93,131,54,71,107,103,45,61,39,40,11" hai3="97,8,10,52,58,108,32,21,7,72,55,101,91"/><T104/><D0/><U128/><E128/><V96/><F131/><W105/><G32/><T118/><D67/><U16/><E112/><V95/><F86/><W92/><G108/><T51/><D51/><U120/><E120/><V46/><F46/><W102/><G72/><T20/><D114/><U37/><E37/><V87/><F87/><W15/><G21/><T49/><D49/><U94/><E42/><V18/><REACH who="2" step="1"/><F54/><REACH who="2" ten="367,211,201,211" step="2"/><W3/><G105/><N who="0" m="40555" /><D111/><U83/><E65/><V41/><F41/><W99/><G97/><T38/><D38/><U126/><E126/><V22/><F22/><W12/><G3/><T109/><D109/><U77/><E35/><V48/><F48/><N who="3" m="30983" /><G55/><T69/><D119/><U2/><E34/><V125/><F125/><W50/><G50/><T36/><D36/><U74/><E2/><V14/><AGARI ba="1,1" hai="11,14,18,39,40,45,61,64,71,93,95,96,103,107" machi="14" ten="30,4000,0" yaku="1,1,0,1,52,1,53,0" doraHai="6" doraHaiUra="124" who="2" fromWho="2" sc="367,-21,211,-11,201,53,211,-11" /><INIT seed="1,0,0,2,5,118" ten="346,200,254,200" oya="1" hai0="114,2,13,83,121,79,56,12,135,57,82,78,26" hai1="19,34,96,92,55,109,36,111,89,71,107,134,25" hai2="16,112,116,43,73,70,115,88,49,81,93,128,74" hai3="20,62,17,21,23,61,119,86,76,101,35,0,41"/><U18/><E36/><V48/><F70/><W75/><G119/><T59/><D2/><U90/><E134/><V64/><F64/><W87/><G0/><T131/><D114/><N who="2" m="43562" /><F116/><W6/><G6/><T10/><D26/><U3/><E3/><V63/><F63/><W37/><G35/><T67/><D135/><U72/><E72/><N who="2" m="27755" /><F81/><N who="0" m="30730" /><D67/><U84/><E71/><V60/><F60/><W22/><G75/><T106/><D10/><U100/><E90/><V1/><F1/><W132/><G132/><T33/><D106/><U97/><E84/><N who="2" m="52359" /><F43/><W45/><G62/><T28/><D33/><U120/><E55/><V99/><F99/><W102/><G61/><T124/><D28/><N who="1" m="19727" /><E18/><V91/><F91/><W42/><G42/><T108/><D12/><U104/><E19/><V4/><F4/><W39/><G76/><T7/><D13/><U38/><E38/><V8/><F128/><W129/><G39/><T15/><D131/><U77/><E77/><V127/><F127/><W27/><G129/><T30/><D124/><U32/><E32/><V95/><F95/><W14/><G14/><AGARI ba="0,0" hai="8,14,16,48,49" m="52359,27755,43562" machi="14" ten="30,3900,0" yaku="11,1,54,2" doraHai="118" who="2" fromWho="3" sc="346,0,200,0,254,39,200,-39" /><INIT seed="2,0,0,4,2,124" ten="346,200,293,161" oya="2" hai0="85,52,10,133,113,104,42,131,67,36,46,108,39" hai1="3,21,120,77,65,8,102,111,62,55,97,5,26" hai2="118,107,56,90,9,116,126,89,105,119,66,40,31" hai3="53,35,47,100,7,70,18,93,48,109,72,115,68"/><V32/><F40/><W84/><G72/><T96/><D113/><U58/><E111/><V127/><F31/><W38/><G115/><T74/><D74/><U135/><E120/><V80/><F32/><W87/><G109/><T14/><D108/><U2/><E135/><V24/><F24/><W29/><G38/><T1/><D1/><U4/><E77/><V51/><F9/><W43/><G7/><T92/><D104/><N who="2" m="40010" /><F66/><W110/><G110/><T71/><D85/><U63/><E4/><V112/><F51/><W121/><G121/><T106/><D106/><U44/><E44/><V15/><F56/><W117/><G117/><T122/><D133/><U50/><E62/><V95/><F15/><W6/><G6/><T125/><D67/><U34/><E34/><V0/><F0/><W98/><G68/><T20/><D71/><U128/><E128/><V83/><F112/><W76/><G70/><T134/><D131/><U82/><E2/><V99/><F90/><W59/><G29/><T19/><D134/><U11/><E11/><V22/><F22/><W33/><G35/><T88/><D36/><U75/><E50/><V45/><F45/><W17/><G33/><T13/><D122/><U129/><E129/><V23/><F23/><W30/><G30/><T94/><D94/><N who="1" m="58679" /><E55/><V73/><F73/><W49/><REACH who="3" step="1"/><G76/><REACH who="3" ten="346,200,293,151" step="2"/><T132/><D132/><U86/><E75/><V130/><F130/><W25/><G25/><T16/><REACH who="0" step="1"/><D52/><REACH who="0" ten="336,200,293,151" step="2"/><U79/><E26/><V64/><F64/><W57/><G57/><T12/><D12/><U81/><E65/><V78/><F78/><RYUUKYOKU ba="0,2" sc="336,10,200,-30,293,10,151,10" hai0="10,13,14,16,19,20,39,42,46,88,92,96,125" hai2="80,83,89,95,99,116,118,119,126,127" hai3="17,18,43,47,48,49,53,59,84,87,93,98,100" /><INIT seed="2,1,2,5,4,59" ten="346,170,303,161" oya="2" hai0="66,77,30,53,57,100,80,126,134,33,26,106,11" hai1="68,91,67,42,107,15,71,47,46,48,20,120,73" hai2="50,38,16,96,22,39,13,56,103,83,58,110,74" hai3="114,87,108,122,124,2,135,19,117,6,61,17,105"/><V125/><F125/><W29/><G117/><T95/><D126/><U92/><E107/><V76/><F110/><W102/><G124/><T27/><D106/><U128/><E73/><V64/><F50/><W43/><G122/><T129/><D134/><U35/><E35/><V123/><F123/><W99/><G135/><T69/><D129/><U45/><E128/><V84/><F74/><W18/><G108/><T25/><D66/><U23/><E120/><V49/><F49/><W70/><G114/><T28/><D69/><U60/><E71/><V41/><F41/><W1/><G43/><T79/><D11/><U65/><E65/><V44/><F44/><W97/><G97/><N who="0" m="59455" /><D33/><U131/><E131/><V32/><F32/><W24/><G87/><N who="0" m="48527" /><D79/><U94/><E94/><V14/><F14/><W111/><G111/><T4/><D4/><U82/><E82/><V132/><F132/><W88/><G88/><T40/><D40/><U10/><E23/><V34/><F34/><N who="3" m="20775" /><G6/><T89/><D89/><U119/><E20/><V63/><F58/><W116/><G116/><T5/><D5/><U115/><E119/><V104/><AGARI ba="1,2" hai="13,16,22,38,39,56,63,64,76,83,84,96,103,104" machi="104" ten="20,7800,0" yaku="0,1,7,1,52,1,54,1" doraHai="59" who="2" fromWho="2" sc="346,-27,170,-27,303,101,161,-27" /><INIT seed="2,2,0,0,1,21" ten="319,143,404,134" oya="2" hai0="116,66,109,54,102,11,84,1,130,61,32,125,45" hai1="71,113,16,3,27,17,44,111,14,112,23,18,0" hai2="30,104,132,69,33,75,114,129,56,63,70,39,41" hai3="79,72,91,77,36,81,123,24,64,12,78,50,29"/><V128/><F75/><W2/><G123/><T53/><D116/><U92/><E71/><N who="2" m="27147" /><F104/><W7/><G64/><T105/><D109/><U117/><E44/><N who="2" m="23615" /><F30/><W28/><G36/><T9/><D102/><U115/><E92/><V134/><F33/><W131/><G131/><N who="2" m="50249" /><F114/><W88/><G2/><N who="1" m="554" /><E111/><V6/><F6/><W38/><G38/><T124/><D105/><U59/><E117/><V82/><F82/><W47/><G72/><T34/><D84/><U37/><E37/><V107/><F107/><W119/><G119/><T4/><D11/><N who="1" m="6239" /><E59/><V83/><F83/><W55/><G81/><T94/><D94/><U20/><E112/><V86/><F86/><W98/><G98/><T121/><D130/><U80/><E80/><V74/><F74/><W31/><REACH who="3" step="1"/><G24/><AGARI ba="2,0" hai="17,18,20,23,24,27,113,115" m="6239,554" machi="24" ten="30,8000,1" yaku="34,2,52,2,54,1" doraHai="21" who="1" fromWho="3" sc="319,0,143,86,404,0,134,-86" /><INIT seed="3,0,0,2,5,43" ten="319,229,404,48" oya="3" hai0="7,67,117,118,77,94,99,123,36,23,124,21,68" hai1="0,70,2,9,56,12,8,131,39,88,48,33,107" hai2="1,72,115,134,10,28,16,14,83,27,69,51,62" hai3="20,35,135,103,104,120,111,60,32,95,78,63,92"/><W87/><G120/><T55/><D123/><U57/><E39/><V59/><F115/><W37/><G37/><T132/><D7/><U22/><E33/><V18/><F134/><W41/><G135/><T84/><D132/><U49/><E70/><V3/><F69/><W45/><G111/><T133/><D133/><U119/><E107/><V26/><F51/><W74/><G32/><T121/><D121/><U128/><E22/><V109/><F109/><W66/><G35/><T38/><D38/><U106/><E106/><V127/><F127/><W13/><G74/><T47/><D124/><U25/><E12/><V34/><F26/><W4/><G104/><T31/><D67/><U54/><E25/><V30/><F30/><W73/><G73/><T93/><D68/><U113/><E113/><V129/><F129/><W97/><G66/><T15/><D23/><U79/><E79/><V80/><F18/><N who="3" m="10319" /><G4/><T40/><D55/><U5/><E5/><V90/><F72/><W81/><G92/><T112/><D112/><U82/><E54/><V76/><F1/><W96/><G96/><T114/><D114/><U100/><E119/><V101/><F3/><W58/><G58/><T122/><D122/><U110/><E110/><V108/><F59/><W91/><G78/><T98/><D98/><U42/><E128/><V52/><F76/><W24/><G24/><N who="0" m="16783" /><D15/><U116/><E131/><V50/><F34/><W6/><G6/><T17/><D17/><U11/><E116/><N who="0" m="44649" /><D99/><U105/><E105/><V46/><F108/><W125/><G125/><T75/><D75/><U19/><E2/><RYUUKYOKU ba="0,0" sc="319,15,229,-15,404,-15,48,15" hai0="36,40,47,77,84,93,94" hai3="41,45,60,63,81,87,91,95,97,103" /><INIT seed="3,1,0,5,3,64" ten="334,214,389,63" oya="3" hai0="15,16,82,128,117,126,45,17,118,85,56,122,119" hai1="134,129,54,101,63,28,68,12,46,90,115,110,76" hai2="19,42,107,51,67,96,133,79,60,88,13,100,124" hai3="27,2,92,21,114,1,31,26,58,44,102,4,97"/><W57/><G114/><T24/><D122/><U7/><E115/><V104/><F79/><W5/><G44/><T106/><D106/><U95/><E110/><V69/><F133/><W108/><G108/><T113/><D113/><U109/><E109/><V43/><F124/><W72/><G72/><T112/><D112/><U135/><E129/><V49/><F107/><W29/><G2/><T130/><D24/><U3/><E76/><V71/><F71/><W94/><G1/><T25/><D25/><U70/><E28/><V8/><REACH who="2" step="1"/><F88/><REACH who="2" ten="334,214,379,63" step="2"/><W37/><G37/><T132/><D126/><U91/><E90/><V59/><F59/><W83/><G83/><T84/><D132/><U48/><E91/><V34/><F34/><W99/><G21/><T65/><D56/><U73/><E134/><V131/><F131/><W22/><G22/><T123/><D130/><U30/><E135/><V9/><F9/><W66/><G66/><T80/><D128/><U47/><E70/><V11/><F11/><W50/><G50/><AGARI ba="1,1" hai="8,13,19,42,43,49,50,51,60,67,69,96,100,104" machi="50" ten="40,2600,0" yaku="1,1,52,1,53,0" doraHai="64" doraHaiUra="105" who="2" fromWho="3" sc="334,0,214,0,379,39,63,-29" /><INIT seed="4,0,0,0,5,18" ten="334,214,418,34" oya="0" hai0="83,129,32,56,106,62,15,90,80,17,38,71,4" hai1="117,22,131,85,1,58,124,52,100,65,113,50,101" hai2="77,53,26,40,75,98,127,36,47,73,48,111,81" hai3="30,43,99,108,69,34,10,49,55,2,66,8,88"/><T91/><D71/><U84/><E117/><V21/><F75/><W118/><G118/><T114/><D106/><U31/><E1/><V46/><F127/><W95/><G108/><T96/><D38/><U59/><E124/><V16/><REACH who="2" step="1"/><F98/><REACH who="2" ten="334,214,408,34" step="2"/><W132/><G132/><T0/><D96/><U64/><E131/><V57/><F57/><W12/><G43/><T9/><D129/><U19/><E113/><V122/><F122/><W126/><G126/><T20/><D114/><U13/><E31/><V70/><F70/><W41/><G41/><T45/><D45/><U35/><E35/><V94/><F94/><W42/><G42/><T109/><D109/><AGARI ba="0,1" hai="16,21,26,36,40,46,47,48,53,73,77,81,109,111" machi="109" ten="40,5200,0" yaku="1,1,52,1,54,1,53,0" doraHai="18" doraHaiUra="87" who="2" fromWho="0" sc="334,-52,214,0,408,62,34,0" /><INIT seed="5,0,0,2,3,62" ten="282,214,470,34" oya="1" hai0="60,40,77,31,21,5,86,113,57,84,9,66,44" hai1="41,51,24,80,58,73,52,99,64,98,112,116,2" hai2="125,6,129,122,78,74,54,128,110,14,20,85,39" hai3="102,43,55,10,111,49,126,48,88,65,71,105,13"/><U3/><E116/><V68/><F39/><W61/><G111/><T109/><D109/><U53/><E41/><V42/><F42/><W72/><G126/><T17/><D113/><U108/><E108/><V0/><F0/><W7/><G72/><T130/><D31/><U127/><E127/><V11/><F74/><W123/><G123/><T38/><D77/><U45/><E112/><V32/><F32/><W47/><G102/><T89/><D130/><N who="2" m="50282" /><F68/><W103/><G103/><T15/><REACH who="0" step="1"/><D89/><REACH who="0" ten="272,214,470,34" step="2"/><U29/><E2/><AGARI ba="0,1" hai="2,5,9,15,17,21,38,40,44,57,60,66,84,86" machi="2" ten="30,7700,0" yaku="1,1,2,1,7,1,52,1,53,0" doraHai="62" doraHaiUra="120" who="0" fromWho="1" sc="272,87,214,-77,470,0,34,0" /><INIT seed="6,0,0,5,0,36" ten="359,137,470,34" oya="2" hai0="55,102,29,46,128,123,54,14,20,7,106,65,104" hai1="56,121,117,133,79,16,21,75,40,60,19,71,5" hai2="114,13,84,48,109,127,108,120,52,125,51,69,34" hai3="72,76,24,43,23,126,90,100,132,96,8,33,107"/><V17/><F34/><W42/><G126/><N who="2" m="48137" /><F120/><W124/><G124/><T4/><D123/><U92/><E19/><V38/><F69/><W80/><G132/><T78/><D128/><U74/><E92/><V45/><F114/><W135/><G135/><T95/><D106/><U93/><E56/><N who="2" m="32775" /><F38/><W131/><G131/><T47/><D104/><U9/><E21/><N who="2" m="11439" /><F84/><W0/><G33/><T58/><D65/><U118/><E121/><V73/><F73/><W87/><G8/><T22/><D29/><U122/><E9/><V85/><F85/><W27/><G0/><T68/><D68/><U134/><E122/><V81/><F81/><W111/><G111/><T28/><D28/><U89/><E75/><V49/><F49/><W11/><G11/><T15/><D58/><U2/><E74/><V62/><F62/><W6/><G6/><T94/><REACH who="0" step="1"/><D102/><REACH who="0" ten="349,137,470,34" step="2"/><U66/><E71/><V50/><F50/><W31/><REACH who="3" step="1"/><G24/><REACH who="3" ten="349,137,470,24" step="2"/><T37/><D37/><U99/><E133/><V30/><F30/><W101/><G101/><T116/><D116/><U97/><E134/><V103/><F103/><W88/><G88/><T112/><D112/><U25/><E89/><V63/><F63/><W98/><G98/><T77/><AGARI ba="0,2" hai="4,7,14,15,20,22,46,47,54,55,77,78,94,95" machi="77" ten="25,8000,1" yaku="1,1,0,1,22,2,8,1,53,0" doraHai="36" doraHaiUra="119" who="0" fromWho="0" sc="349,100,137,-20,470,-40,24,-20" /><INIT seed="7,0,0,2,0,61" ten="449,117,430,4" oya="3" hai0="63,130,105,132,121,134,3,50,24,16,108,65,53" hai1="76,82,87,119,57,91,120,8,2,102,129,7,131" hai2="33,124,118,95,34,69,49,10,100,109,96,31,4" hai3="60,51,58,123,0,35,48,75,59,13,52,133,43"/><W88/><G123/><T29/><D105/><U85/><E120/><V135/><F109/><W101/><G0/><T54/><D121/><U38/><E119/><V125/><F118/><W32/><G75/><T113/><D108/><U86/><E38/><V77/><F77/><W89/><G32/><T20/><D3/><U1/><E102/><V104/><F135/><N who="0" m="51754" /><D130/><U22/><E22/><V71/><F49/><N who="3" m="30991" /><G35/><N who="2" m="13321" /><F31/><W19/><G101/><T55/><D113/><U40/><E40/><V15/><F95/><W26/><G26/><T127/><D29/><U25/><E25/><V84/><F84/><W23/><G133/><T42/><D42/><U39/><E39/><V128/><F128/><N who="1" m="49225" /><E57/><V68/><F15/><W112/><G112/><T110/><D110/><U99/><E99/><V5/><F10/><W80/><G80/><T17/><D17/><U67/><E67/><V98/><F98/><W28/><G28/><T116/><D116/><U47/><E47/><V94/><F104/><W56/><G56/><N who="0" m="37095" /><D127/><AGARI ba="0,0" hai="4,5,68,69,71,94,96,100,124,125,127" m="13321" machi="127" ten="40,1300,0" yaku="18,1" doraHai="61" who="2" fromWho="0" sc="449,-13,117,0,430,13,4,0" owari="436,24.0,117,-28.0,443,54.0,4,-50.0" /></mjloggm>