<mjloggm ver="2.3"><GO type="169" lobby="0"/><UN n0="%EF%BC%A6%EF%BC%B8%E9%9B%80%E5%A3%AB" n1="%E6%80%96%E3%81%8F%E3%81%AA%E3%81%84%E3%81%8A" n2="%E3%82%86%E3%81%BF%E2%98%86%E3%83%9F" n3="%E3%83%81%E3%83%AD%E3%83%AD%E8%BB%8D%E6%9B%B9" dan="17,18,16,17" rate="2143.97,2130.40,2092.07,2170.40" sx="M,M,F,F"/><TAIKYOKU oya="0"/><INIT seed="0,0,0,1,4,87" ten="250,250,250,250" oya="0" hai0="4,83,27,44,22,39,28,42,76,64,116,95,106" hai1="7,62,57,89,66,90,56,77,75,94,92,73,46" hai2="104,53,68,16,26,21,109,133,19,8,15,17,24" hai3="13,5,111,30,117,102,6,115,129,52,110,123,71"/><T134/><D106/><U65/><E7/><V33/><F104/><W40/><G71/><T100/><D116/><U127/><E77/><V23/><F68/><W3/><G3/><T11/><D134/><U108/><E108/><V10/><F53/><W78/><G115/><T88/><D64/><U14/><E46/><V72/><F72/><W81/><G117/><T34/><D100/><U51/><E14/><N who="2" m="7239" /><F109/><W38/><G129/><T105/><D105/><U58/><E51/><V32/><F133/><W74/><G123/><T35/><D83/><U0/><E0/><V96/><F96/><W50/><G102/><T47/><D47/><U31/><E31/><AGARI ba="0,0" hai="10,15,17,19,21,23,24,26,31,32,33" m="7239" machi="31" ten="30,12000,2" yaku="35,5,54,1" doraHai="87" who="2" fromWho="1" sc="250,0,250,-120,250,120,250,0" /><INIT seed="1,0,0,5,5,75" ten="250,130,370,250" oya="1" hai0="89,51,83,62,29,22,6,73,78,30,81,99,8" hai1="4,111,108,128,123,118,101,64,94,60,23,74,55" hai2="129,103,43,0,17,122,53,124,46,100,106,82,79" hai3="67,35,34,52,126,57,104,119,12,20,19,91,11"/><U10/><E118/><V92/><F0/><W86/><G104/><T49/><D62/><U132/><E123/><V93/><F122/><W37/><G37/><T28/><D22/><U45/><E74/><V114/><F114/><W120/><G120/><T71/><D71/><U88/><E101/><V110/><F110/><N who="1" m="42025" /><E23/><V76/><F124/><W26/><G126/><T5/><D5/><U13/><E132/><V107/><F53/><W41/><G41/><T9/><D9/><U87/><E128/><V68/><F68/><W39/><G39/><T27/><D27/><U98/><E45/><V135/><F129/><W97/><G97/><T63/><D73/><U58/><E98/><V14/><F107/><W72/><G72/><T121/><D99/><U102/><E102/><N who="2" m="38955" /><F82/><W105/><G105/><T18/><D121/><U54/><AGARI ba="0,0" hai="4,10,13,54,55,58,60,64,87,88,94" m="42025" machi="54" ten="30,6000,0" yaku="14,1,10,1,54,1" doraHai="75" who="1" fromWho="1" sc="250,-20,130,60,370,-20,250,-20" /><INIT seed="1,1,0,5,1,12" ten="230,190,350,230" oya="1" hai0="86,16,43,96,27,50,115,70,116,135,1,3,131" hai1="7,114,71,118,132,125,68,83,93,124,17,32,0" hai2="92,97,15,64,19,127,119,24,46,130,74,23,67" hai3="21,78,76,28,40,85,56,11,87,82,60,98,112"/><U29/><E114/><V4/><F74/><W34/><G34/><T39/><D115/><U10/><E118/><V79/><F119/><W14/><G112/><T58/><D70/><U45/><E93/><V41/><F79/><W35/><G35/><T108/><D39/><U8/><E132/><V63/><F130/><W81/><G40/><T22/><D116/><U95/><E95/><V20/><F127/><N who="1" m="48713" /><E45/><V66/><F4/><W113/><G98/><T48/><D96/><U55/><E55/><V134/><F134/><W104/><G104/><T6/><D135/><U105/><E105/><V51/><F63/><W13/><G113/><T128/><D43/><U117/><E117/><V33/><F33/><W90/><G90/><T42/><D42/><U99/><E99/><V38/><F38/><W80/><G80/><T129/><D129/><U9/><E29/><N who="2" m="17543" /><F64/><W107/><G107/><T72/><D128/><U106/><E106/><V84/><F84/><W94/><G94/><T101/><D131/><U30/><E83/><V52/><F41/><W123/><G123/><T109/><D86/><U26/><E8/><V57/><F46/><W77/><G77/><T36/><D72/><U44/><E44/><V61/><F61/><W2/><G2/><T73/><D73/><U120/><E120/><V75/><F75/><W62/><G11/><T133/><D133/><U47/><E47/><V111/><F111/><W103/><G103/><AGARI ba="1,0" hai="15,19,23,51,52,57,66,67,92,97,103" m="17543" machi="103" ten="30,3900,0" yaku="8,1,52,1,54,1" doraHai="12" who="2" fromWho="3" sc="230,0,190,0,350,42,230,-42" /><INIT seed="2,0,0,3,5,31" ten="230,190,392,188" oya="2" hai0="112,95,49,93,34,106,108,14,113,101,94,82,37" hai1="16,60,51,128,65,124,36,123,80,0,102,70,62" hai2="115,61,21,91,105,103,30,83,35,107,81,13,2" hai3="64,74,67,92,86,90,18,15,12,99,122,45,57"/><V125/><F115/><W68/><G68/><T76/><D37/><U4/><E36/><V48/><F2/><W1/><G1/><T126/><D49/><U119/><E119/><V39/><F39/><W71/><G71/><T116/><D14/><U24/><E102/><V133/><F48/><W52/><G74/><N who="0" m="43287" /><D34/><U6/><E123/><V131/><F91/><W54/><G122/><T50/><D50/><U7/><E124/><V8/><F103/><W85/><G12/><T38/><D38/><U97/><E97/><V28/><F125/><W118/><G118/><T114/><D126/><U127/><E128/><V17/><F131/><W110/><G110/><T9/><D9/><U96/><E96/><V117/><F8/><W25/><G25/><T44/><D44/><U56/><E80/><V78/><F78/><W41/><G64/><T135/><D135/><U130/><E51/><V22/><F61/><W19/><G67/><T47/><D47/><U20/><E130/><V84/><F117/><W33/><G33/><T73/><D73/><U10/><REACH who="1" step="1"/><E127/><REACH who="1" ten="230,180,392,188" step="2"/><V3/><F133/><W100/><G45/><T32/><D116/><U63/><E63/><V42/><F83/><W46/><G46/><T121/><D121/><U5/><E5/><V11/><F81/><W77/><G41/><T109/><D101/><U89/><E89/><V40/><F40/><W104/><G77/><T69/><D113/><U23/><E23/><V129/><F22/><W66/><G100/><T43/><D43/><U134/><E134/><V75/><F42/><W55/><G104/><T79/><D106/><RYUUKYOKU ba="0,1" sc="230,-10,180,30,392,-10,188,-10" hai1="0,4,6,7,10,16,20,24,56,60,62,65,70" /><INIT seed="3,1,1,1,0,54" ten="220,210,382,178" oya="3" hai0="107,90,97,132,78,76,32,102,49,60,11,99,52" hai1="117,65,95,89,74,91,62,19,13,85,10,133,16" hai2="41,93,119,129,80,14,113,33,67,103,25,116,5" hai3="0,128,124,70,111,121,57,104,45,69,71,115,58"/><W130/><G0/><T9/><D32/><U61/><E74/><V48/><F113/><W40/><G104/><T105/><D60/><U39/><E39/><V44/><F80/><W18/><G18/><T98/><D132/><U50/><E133/><V2/><F2/><W8/><G8/><N who="0" m="3147" /><D105/><U21/><E117/><V43/><F5/><W35/><G35/><T7/><D102/><U86/><E50/><V34/><F14/><W134/><G134/><T1/><D7/><U3/><E65/><V55/><F25/><W28/><G28/><T17/><D107/><U77/><E77/><N who="0" m="29801" /><D17/><U4/><E19/><V75/><F75/><W29/><G29/><T20/><D20/><U38/><E38/><V101/><F33/><W83/><G83/><AGARI ba="1,1" hai="3,4,10,13,16,21,61,62,83,85,86,89,91,95" machi="83" ten="30,2000,0" yaku="7,1,54,1" doraHai="54" who="1" fromWho="3" sc="220,0,210,33,382,0,178,-23" /><INIT seed="4,0,0,5,0,6" ten="220,243,382,155" oya="0" hai0="97,81,5,112,59,8,73,12,100,43,2,102,57" hai1="131,23,31,133,69,78,4,98,20,68,65,24,60" hai2="122,89,86,42,0,63,32,88,119,30,107,61,54" hai3="51,7,38,79,50,13,27,34,55,116,62,109,48"/><T123/><D123/><U37/><E37/><V44/><F122/><W40/><G109/><T70/><D70/><U84/><E133/><V105/><F0/><W108/><G108/><T82/><D43/><U19/><E131/><V85/><F32/><W74/><G116/><T129/><D129/><U124/><E124/><V130/><F30/><W134/><G134/><T104/><D100/><U67/><E4/><V17/><F119/><W76/><G38/><T87/><D112/><U64/><E69/><V22/><F107/><W75/><G40/><T45/><D45/><U83/><REACH who="1" step="1"/><E98/><REACH who="1" ten="220,233,382,155" step="2"/><V66/><F130/><W53/><G7/><T71/><D71/><U92/><E92/><V103/><F105/><W72/><G74/><T110/><D110/><U115/><E115/><V29/><F86/><W106/><G72/><T33/><D73/><U77/><E77/><V127/><F85/><W3/><G76/><T90/><D2/><U1/><E1/><V52/><F127/><W93/><G79/><T114/><D114/><U101/><E101/><V132/><F103/><W118/><G75/><T35/><D81/><U49/><E49/><V91/><F89/><W18/><G3/><T47/><D97/><U39/><E39/><V41/><F88/><W121/><G106/><T14/><D102/><U126/><E126/><V46/><F91/><W21/><G118/><T113/><D113/><U117/><E117/><V58/><F132/><W36/><G36/><T16/><D104/><U80/><E80/><V28/><F63/><W26/><G62/><T25/><D82/><U10/><E10/><RYUUKYOKU ba="0,1" sc="220,-10,233,30,382,-10,155,-10" hai1="19,20,23,24,31,60,64,65,67,68,78,83,84" /><INIT seed="5,1,1,1,4,130" ten="210,263,372,145" oya="1" hai0="93,112,126,31,90,17,61,44,129,103,27,57,69" hai1="18,3,123,42,54,48,125,101,119,71,33,46,55" hai2="66,107,21,121,85,68,22,2,40,32,128,76,38" hai3="114,92,124,20,120,95,109,29,86,74,11,13,108"/><U65/><E119/><V73/><F107/><W1/><G74/><T79/><D69/><U81/><E123/><V78/><F121/><W89/><G120/><T72/><D129/><U60/><E33/><V77/><F128/><W94/><G1/><T116/><D103/><U106/><E3/><V45/><F32/><W56/><G114/><T135/><D112/><U122/><E122/><V26/><F2/><W24/><G124/><T50/><D126/><U7/><E7/><V37/><F73/><W41/><G41/><T34/><D79/><U47/><E81/><V80/><F21/><W131/><G56/><T51/><D72/><U63/><E18/><V59/><F38/><W8/><G131/><T4/><D4/><U36/><E101/><V39/><F39/><W23/><G23/><T113/><D17/><U99/><E99/><V100/><F68/><W127/><G127/><T110/><D116/><U53/><E106/><V0/><F0/><W87/><G11/><T52/><D110/><U6/><E6/><V88/><F100/><W9/><G9/><T75/><D75/><U15/><E15/><V132/><F26/><W105/><G105/><T97/><D113/><U104/><E104/><V91/><F22/><W67/><G67/><T19/><D19/><U30/><E30/><V35/><F35/><W82/><REACH who="3" step="1"/><G87/><REACH who="3" ten="210,263,372,135" step="2"/><T70/><D70/><N who="1" m="42279" /><E125/><V117/><F117/><W58/><G58/><T83/><D57/><N who="1" m="35263" /><E71/><V43/><F59/><W12/><G12/><T118/><D34/><U111/><E111/><V133/><F85/><W115/><G115/><T49/><D118/><RYUUKYOKU ba="1,2" sc="210,-15,263,15,372,-15,135,15" hai1="36,42,46,47,48,53,54" hai3="8,13,20,24,29,82,86,89,92,94,95,108,109" /><INIT seed="5,2,2,2,4,31" ten="195,278,357,150" oya="1" hai0="124,42,125,49,30,119,57,1,115,13,77,7,50" hai1="83,58,103,134,113,69,48,0,100,80,44,76,47" hai2="109,91,18,93,52,118,38,39,132,36,81,107,45" hai3="68,101,26,106,128,116,22,53,70,56,71,29,37"/><U102/><E69/><V34/><F118/><W95/><G37/><T97/><D119/><U10/><E134/><V4/><F34/><W110/><G106/><T117/><D1/><U84/><E113/><V111/><F107/><W27/><G110/><T25/><D117/><U55/><E0/><V66/><F66/><W96/><G116/><T17/><D7/><U59/><E10/><V74/><F4/><W11/><G11/><N who="0" m="6335" /><D77/><U23/><E47/><V112/><F18/><W46/><G46/><T126/><D42/><U92/><E80/><V94/><F132/><W41/><G41/><T85/><D85/><U6/><E6/><V21/><F21/><W28/><G128/><T14/><D14/><U87/><E23/><V20/><F20/><W133/><G133/><T64/><D97/><U15/><E15/><V8/><F8/><W51/><REACH who="3" step="1"/><G71/><REACH who="3" ten="195,278,357,140" step="2"/><T35/><D115/><U90/><AGARI ba="2,3" hai="44,48,55,58,59,76,83,84,87,90,92,100,102,103" machi="90" ten="30,3000,0" yaku="0,1,8,1" doraHai="31" who="1" fromWho="1" sc="195,-12,278,66,357,-12,140,-12" /><INIT seed="5,3,0,0,4,8" ten="183,344,345,128" oya="1" hai0="45,41,69,95,108,17,26,123,61,12,111,73,24" hai1="99,72,133,126,112,46,100,58,113,1,107,9,124" hai2="59,77,14,93,135,3,114,20,127,91,33,23,101" hai3="13,31,85,122,5,40,74,35,62,11,30,102,129"/><U94/><E72/><V109/><F3/><W10/><G74/><T50/><D73/><U98/><E58/><V7/><F33/><W110/><G110/><T57/><D69/><U96/><E46/><V18/><F109/><W121/><G102/><T104/><D104/><U28/><E28/><V60/><F77/><W29/><G40/><T82/><D82/><U4/><E98/><V42/><F42/><W67/><G85/><T0/><D0/><U106/><E133/><V48/><F135/><W125/><G35/><T6/><D6/><U37/><E37/><V44/><F7/><W119/><G125/><N who="1" m="48234" /><E99/><N who="2" m="57791" /><F127/><W71/><G129/><T21/><D108/><U118/><E118/><V128/><F128/><W131/><G131/><T54/><D111/><U134/><E134/><V84/><F84/><W36/><G36/><T51/><D61/><U87/><E87/><V55/><F114/><AGARI ba="3,0" hai="1,4,9,94,96,100,106,107,112,113,114" m="48234" machi="114" ten="30,2900,0" yaku="15,1,18,1" doraHai="8" who="1" fromWho="2" sc="183,0,344,38,345,-38,128,0" /><INIT seed="5,4,0,3,1,117" ten="183,382,307,128" oya="1" hai0="1,115,29,4,20,104,9,80,68,100,83,91,41" hai1="53,21,73,74,130,114,30,0,112,49,2,12,65" hai2="57,121,81,97,127,88,76,17,3,19,70,18,33" hai3="15,96,45,55,23,27,82,113,52,99,56,110,44"/><U32/><E32/><V129/><F70/><W38/><G110/><T134/><D68/><U46/><E65/><V28/><F3/><W89/><G113/><N who="1" m="43626" /><E130/><V11/><F129/><W106/><G106/><T36/><D41/><U61/><E61/><V94/><F127/><W8/><G38/><T119/><D119/><U75/><E12/><V16/><F57/><W58/><G82/><T7/><D91/><U107/><E107/><V108/><F108/><W132/><G132/><T48/><D36/><U59/><E46/><V78/><F11/><W131/><G131/><T14/><D9/><U105/><E105/><V79/><F19/><W109/><G109/><T37/><D104/><U63/><E63/><V50/><F50/><W22/><G15/><T5/><D48/><U86/><E86/><V128/><F128/><W101/><G89/><T135/><D37/><U116/><E116/><V67/><F67/><W13/><G13/><T93/><D14/><U62/><E49/><V34/><F81/><W69/><G69/><T10/><D80/><U92/><E92/><V111/><F111/><W26/><REACH who="3" step="1"/><G8/><REACH who="3" ten="183,382,307,118" step="2"/><T90/><D10/><U84/><E2/><V103/><F103/><AGARI ba="4,1" hai="22,23,26,27,44,45,52,55,56,58,96,99,101,103" machi="103" ten="25,12000,2" yaku="1,1,2,1,22,2,8,1,54,1,53,0" doraHai="117" doraHaiUra="31" who="3" fromWho="2" sc="183,0,382,0,307,-132,118,142" /><INIT seed="6,0,0,4,5,72" ten="183,382,175,260" oya="2" hai0="106,24,51,18,117,85,110,4,54,9,21,25,124" hai1="70,101,116,6,11,22,7,87,93,90,129,104,68" hai2="130,78,38,2,63,86,80,98,59,111,66,76,103" hai3="15,102,46,35,96,126,118,69,91,30,5,13,41"/><V97/><F2/><W128/><G69/><T119/><D110/><U82/><E116/><N who="0" m="44617" /><D106/><U77/><E129/><V17/><F38/><W43/><G118/><T125/><D85/><U40/><E40/><V58/><F111/><W115/><G126/><N who="0" m="48747" /><D21/><U123/><E22/><V121/><F130/><W120/><G128/><T1/><D18/><U95/><E123/><V100/><F121/><W114/><G120/><T62/><D62/><U19/><E93/><N who="2" m="58415" /><F58/><AGARI ba="0,0" hai="1,4,9,24,25,51,54,58" m="48747,44617" machi="58" ten="30,2000,0" yaku="12,1,18,1" doraHai="72" who="0" fromWho="2" sc="183,20,382,0,175,-20,260,0" /><INIT seed="7,0,0,2,2,4" ten="203,382,155,260" oya="3" hai0="43,1,37,27,116,52,31,107,70,10,64,20,59" hai1="69,79,106,36,129,33,26,19,130,113,102,45,82" hai2="80,51,108,110,28,47,132,35,30,131,49,67,6" hai3="135,62,78,21,95,93,96,58,120,77,92,101,7"/><W89/><G120/><T109/><D116/><U128/><E113/><V56/><F80/><W94/><G135/><T42/><D107/><U55/><E69/><V46/><F132/><W50/><G7/><T12/><D1/><U134/><E134/><V90/><F6/><W111/><G111/><T34/><D34/><U114/><E114/><V24/><F131/><W5/><G5/><T87/><D37/><U99/><E55/><V66/><F56/><W14/><G50/><T53/><D70/><U74/><E45/><V75/><F24/><W39/><G39/><T71/><D71/><U48/><E48/><V115/><F115/><W18/><REACH who="3" step="1"/><G101/><REACH who="3" ten="203,382,155,250" step="2"/><T41/><D109/><U29/><E36/><V38/><F38/><W22/><G22/><T97/><D20/><U3/><E3/><V85/><F35/><W118/><G118/><T23/><D23/><N who="1" m="13695" /><E29/><V57/><F57/><W84/><G84/><T8/><D31/><U125/><E33/><V25/><F25/><W65/><AGARI ba="0,1" hai="14,18,21,58,62,65,77,78,89,92,93,94,95,96" machi="65" ten="30,6000,0" yaku="1,1,0,1,8,1,53,0" doraHai="4" doraHaiUra="127" who="3" fromWho="3" sc="203,-20,382,-20,155,-20,250,70" /><INIT seed="7,1,0,5,0,118" ten="183,362,135,320" oya="3" hai0="135,113,124,67,71,110,63,125,36,58,7,1,134" hai1="121,56,24,33,46,70,114,49,5,54,17,29,101" hai2="97,41,38,14,65,115,8,12,34,77,69,123,32" hai3="4,108,9,39,127,19,91,52,120,27,131,103,3"/><W99/><G39/><T22/><D110/><U102/><E121/><V74/><F115/><W92/><G127/><N who="0" m="48715" /><D36/><U31/><E70/><V128/><F128/><W30/><G131/><T116/><D116/><U79/><E114/><V87/><F97/><W47/><G108/><T23/><D113/><U88/><E79/><V43/><F38/><W111/><G111/><T44/><D44/><U107/><E5/><V84/><F8/><W45/><G120/><T76/><D76/><U48/><E88/><V132/><F77/><W11/><G103/><N who="1" m="39434" /><E33/><V0/><F65/><W13/><REACH who="3" step="1"/><G52/><REACH who="3" ten="183,362,135,310" step="2"/><T2/><D134/><U26/><E107/><V82/><F132/><W25/><G25/><N who="1" m="9834" /><E17/><V6/><F6/><W73/><G73/><T37/><D37/><U75/><E75/><V112/><F74/><W94/><G94/><T133/><D7/><U126/><E126/><V42/><F112/><W78/><G78/><T93/><D93/><U89/><E89/><V80/><F43/><AGARI ba="1,1" hai="29,31,43,46,48,49,54,56" m="9834,39434" machi="43" ten="30,1000,0" yaku="8,1" doraHai="118" who="1" fromWho="2" sc="183,0,362,23,135,-13,310,0" owari="183,-22.0,385,49.0,122,-38.0,310,11.0" /></mjloggm>