<mjloggm ver="2.3"><GO type="169" lobby="0"/><UN n0="%E3%81%BE%E3%81%AA%E3%81%84%E3%81%9F%E3%82%88%E3%81%86%E3%81%98%E3%82%87" n1="%73%68%6F%6F%74%33%39" n2="%4B%E3%80%82" n3="%41%72%63%75%65%69%64%31" dan="16,16,17,16" rate="2127.92,2130.91,2124.97,2035.55" sx="M,M,M,F"/><TAIKYOKU oya="0"/><INIT seed="0,0,0,5,4,100" ten="250,250,250,250" oya="0" hai0="11,4,33,46,55,114,91,35,12,30,107,88,85" hai1="97,60,105,22,120,24,0,81,44,7,122,1,34" hai2="13,94,124,119,103,96,18,79,32,80,99,104,63" hai3="73,93,38,130,50,26,87,36,133,66,53,70,102"/><T84/><D114/><U64/><E44/><V21/><F124/><W57/><G73/><T75/><D75/><U29/><E22/><V89/><F119/><W111/><G111/><T49/><D30/><U61/><E81/><V3/><F3/><N who="1" m="1097" /><E7/><V117/><F117/><W98/><G133/><T126/><D126/><U28/><E60/><V10/><F63/><W101/><G130/><T17/><D4/><U43/><E43/><V37/><F37/><W90/><G102/><T59/><D59/><U40/><E40/><V108/><F108/><W67/><G70/><T83/><REACH who="0" step="1"/><D107/><REACH who="0" ten="240,250,250,250" step="2"/><U71/><E29/><V25/><F32/><W123/><G123/><T47/><D47/><U42/><E42/><V82/><REACH who="2" step="1"/><F79/><REACH who="2" ten="240,250,240,250" step="2"/><W48/><G36/><T92/><AGARI ba="0,2" hai="11,12,17,33,35,46,49,55,83,84,85,88,91,92" machi="92" ten="20,18000,2" yaku="1,1,0,1,7,1,25,2,54,1,53,0" doraHai="100" doraHaiUra="131" who="0" fromWho="0" sc="240,200,250,-60,240,-60,250,-60" /><INIT seed="0,1,0,4,4,61" ten="440,190,180,190" oya="0" hai0="99,0,132,29,12,105,50,24,64,115,46,131,62" hai1="55,70,31,60,33,121,23,54,78,82,118,10,76" hai2="36,100,66,114,110,87,93,42,1,2,7,45,98" hai3="129,48,5,52,67,101,39,133,109,103,113,107,123"/><T112/><D0/><U22/><E121/><V69/><F114/><W89/><G113/><N who="0" m="43595" /><D131/><U94/><E118/><V34/><F34/><W56/><G39/><T41/><D12/><U127/><E33/><V125/><F7/><W104/><G109/><T47/><D99/><U35/><E35/><V85/><F110/><W30/><G133/><T71/><D105/><U91/><E127/><V73/><F73/><W79/><G79/><T88/><D88/><U74/><E78/><V116/><F125/><W4/><G129/><T81/><D81/><U117/><E117/><V134/><F134/><W77/><G77/><T80/><D80/><U106/><E106/><V6/><F116/><W28/><G123/><T90/><D90/><U32/><E10/><V57/><F2/><W38/><G38/><N who="0" m="21815" /><D24/><U119/><E119/><V102/><F102/><N who="3" m="38923" /><G89/><T108/><D29/><N who="3" m="11369" /><G104/><T122/><D122/><U75/><E75/><V130/><F130/><W51/><G107/><T37/><D37/><U43/><E32/><V128/><F128/><W95/><G95/><T17/><D17/><U27/><E22/><V83/><F1/><W63/><G5/><T13/><D132/><U59/><E94/><V44/><F6/><W68/><G4/><T26/><D108/><U15/><E91/><V126/><F126/><W40/><G68/><T20/><D20/><U86/><E70/><V53/><F83/><W9/><G9/><T11/><D11/><U72/><E72/><V111/><F111/><W16/><G16/><T135/><D135/><U124/><E124/><V49/><F69/><W92/><G92/><RYUUKYOKU ba="1,0" sc="440,-10,190,-10,180,30,190,-10" hai2="36,42,44,45,49,53,57,66,85,87,93,98,100" /><INIT seed="1,2,0,3,1,83" ten="430,180,210,180" oya="1" hai0="63,58,21,51,101,109,69,130,15,33,12,49,82" hai1="7,97,131,11,20,40,25,72,98,30,78,110,120" hai2="76,115,6,47,32,111,16,89,64,84,102,38,108" hai3="18,112,62,123,86,17,71,107,39,103,113,116,118"/><U114/><E120/><V65/><F32/><W48/><G39/><T88/><D33/><U29/><E114/><N who="3" m="44138" /><G123/><T54/><D109/><N who="2" m="42058" /><F115/><W35/><G35/><T8/><D130/><U52/><E110/><V13/><F6/><W28/><G28/><T77/><D101/><U42/><E131/><V27/><F27/><W73/><G73/><T128/><D128/><U90/><E29/><V5/><F76/><W119/><G48/><T75/><D69/><U104/><E104/><V43/><F5/><W70/><G62/><T50/><D8/><U122/><E122/><V56/><F56/><W93/><G107/><T19/><D12/><N who="1" m="5247" /><E78/><V9/><F102/><W91/><G103/><T66/><D66/><U105/><E72/><V59/><F59/><W0/><G0/><T14/><D14/><U100/><E100/><V126/><F126/><W125/><G125/><T45/><D45/><U117/><E105/><V106/><F106/><W53/><G53/><T133/><D133/><U4/><E4/><V94/><AGARI ba="2,0" hai="9,13,16,38,43,47,64,65,84,89,94" m="42058" machi="94" ten="30,4000,0" yaku="14,1,52,1,54,1" doraHai="83" who="2" fromWho="2" sc="430,-12,180,-22,210,46,180,-12" /><INIT seed="2,0,0,0,1,45" ten="418,158,256,168" oya="2" hai0="26,93,99,28,42,20,29,8,107,102,66,31,81" hai1="133,4,91,118,35,104,103,134,15,117,46,108,51" hai2="101,38,92,96,14,111,116,69,40,84,59,115,126" hai3="65,21,132,5,30,110,22,131,2,41,19,48,53"/><V129/><F116/><W124/><G110/><T0/><D107/><U72/><E35/><V119/><F69/><W75/><G75/><T55/><D42/><U63/><E72/><V47/><F119/><W52/><G41/><T1/><D66/><U122/><E122/><V6/><F111/><W61/><G124/><T85/><D0/><U64/><E108/><V90/><F126/><W97/><G132/><N who="1" m="50794" /><E91/><V3/><F115/><W71/><G131/><T58/><D8/><N who="1" m="4487" /><E103/><V121/><F129/><W34/><G34/><T89/><D1/><U80/><E80/><V33/><F33/><W62/><G30/><T78/><REACH who="0" step="1"/><D102/><REACH who="0" ten="408,158,256,168" step="2"/><U98/><E104/><V128/><F128/><W13/><G2/><T12/><D12/><U87/><E87/><V18/><F121/><W37/><G13/><T88/><D88/><U113/><E98/><V16/><F3/><W76/><G97/><T11/><D11/><U17/><E113/><V125/><F125/><W68/><G65/><T9/><D9/><U60/><E64/><V74/><F14/><W109/><G109/><T120/><D120/><U135/><E135/><V112/><F112/><W100/><G100/><T86/><D86/><U7/><E118/><V44/><F74/><W123/><G123/><T105/><D105/><U130/><E117/><V32/><F84/><W70/><G68/><T25/><D25/><U23/><E130/><V57/><F101/><W106/><G70/><T114/><D114/><U127/><E127/><V39/><F40/><W10/><G71/><T73/><D73/><U77/><E7/><V36/><F6/><RYUUKYOKU ba="0,1" sc="408,30,158,-10,256,-10,168,-10" hai0="20,26,28,29,31,55,58,78,81,85,89,93,99" /><INIT seed="3,1,1,0,2,34" ten="438,148,246,158" oya="3" hai0="80,103,40,13,22,41,49,54,116,57,119,12,60" hai1="98,76,33,126,67,62,130,43,14,95,4,64,58" hai2="107,127,125,71,15,17,52,72,20,56,89,129,42" hai3="74,92,134,59,108,84,18,85,104,44,1,23,106"/><W91/><G74/><T111/><D111/><U37/><E33/><V21/><F71/><W110/><G134/><T122/><D122/><U99/><E126/><N who="2" m="48139" /><F72/><W51/><G59/><T7/><D103/><U36/><E130/><V45/><F129/><W77/><G1/><T25/><D116/><U101/><E76/><V19/><F107/><W39/><G39/><T47/><D119/><U88/><E64/><V55/><F89/><W24/><G77/><T65/><D80/><U66/><E66/><V48/><F56/><W123/><G123/><T2/><D2/><U109/><E109/><N who="3" m="42090" /><G84/><T16/><D7/><U121/><E43/><AGARI ba="1,1" hai="18,23,24,43,44,51,85,91,92,104,106" m="42090" machi="43" ten="30,2900,0" yaku="14,1,10,1" doraHai="34" who="3" fromWho="1" sc="438,0,148,-32,246,0,158,42" /><AGARI ba="1,0" hai="12,13,16,22,25,40,41,43,47,49,54,57,60,65" machi="43" ten="40,2600,0" yaku="8,1,54,1" doraHai="34" who="0" fromWho="1" sc="438,26,116,-26,246,0,200,0" /><INIT seed="3,2,0,2,2,9" ten="464,90,246,200" oya="3" hai0="23,119,124,130,8,63,95,107,90,69,45,79,64" hai1="16,96,62,27,103,104,37,115,57,105,111,133,29" hai2="128,39,92,82,91,33,89,129,56,126,110,108,17" hai3="47,83,26,55,77,80,32,34,65,71,41,4,98"/><W114/><G114/><T21/><D119/><U0/><E115/><V75/><F39/><W101/><G4/><T134/><D107/><U44/><E0/><V61/><F33/><W46/><G55/><T72/><D130/><N who="2" m="50282" /><F17/><W52/><G83/><T78/><D134/><U81/><E133/><V84/><F56/><W73/><G47/><T100/><D100/><U18/><E111/><N who="2" m="42539" /><F61/><N who="3" m="40367" /><G52/><T2/><D45/><U42/><E105/><V5/><F5/><W86/><G86/><T10/><D21/><U109/><E81/><V58/><F58/><W30/><G26/><T88/><D2/><U25/><E109/><V53/><F53/><W19/><G19/><T22/><D64/><U74/><E74/><V87/><F126/><W36/><G30/><T70/><D72/><AGARI ba="2,0" hai="72,75,82,84,87,89,91,92" m="42539,50282" machi="72" ten="30,7700,0" yaku="19,1,14,1,34,2" doraHai="9" who="2" fromWho="0" sc="464,-83,90,0,246,83,200,0" /><INIT seed="4,0,0,3,2,51" ten="381,90,329,200" oya="0" hai0="8,98,62,15,14,102,17,115,42,36,32,9,130" hai1="121,93,1,63,6,65,4,116,13,12,35,117,28" hai2="110,31,60,74,131,44,59,113,18,45,75,88,101" hai3="129,109,57,46,80,3,21,86,25,34,92,37,71"/><T114/><D32/><U124/><E93/><V134/><F110/><W69/><G109/><T5/><D130/><U10/><E63/><V104/><F131/><W133/><G34/><T118/><D118/><U107/><E65/><V132/><F31/><W41/><G129/><T54/><D42/><U94/><E94/><V53/><F18/><W56/><G3/><T103/><D36/><U108/><E107/><V82/><F113/><N who="0" m="43018" /><D98/><U58/><E58/><AGARI ba="0,0" hai="5,8,9,14,15,17,54,58,62,102,103" m="43018" machi="58" ten="30,2900,0" yaku="15,1,52,1" doraHai="51" who="0" fromWho="1" sc="381,29,90,-29,329,0,200,0" /><INIT seed="4,1,0,3,5,60" ten="410,61,329,200" oya="0" hai0="105,31,100,119,70,107,133,78,24,129,3,79,91" hai1="63,117,36,38,122,59,56,57,43,92,95,116,97" hai2="32,48,10,88,108,25,65,18,131,121,118,72,94" hai3="111,93,55,81,98,135,75,9,7,126,52,4,42"/><T113/><D119/><U80/><E80/><V77/><F108/><W123/><G111/><T50/><D3/><U21/><E97/><V47/><F121/><W112/><G112/><T12/><D113/><U85/><E85/><V124/><F118/><W2/><G126/><T125/><D125/><U61/><E122/><V22/><F124/><W23/><G135/><T16/><D133/><U96/><E96/><V67/><F131/><W109/><G109/><T20/><D129/><U102/><E59/><V127/><F32/><W49/><G123/><T1/><D1/><U86/><E86/><N who="2" m="52503" /><F72/><W15/><G42/><T73/><D70/><U106/><E43/><N who="2" m="24703" /><F127/><W0/><G55/><T69/><D69/><U17/><E21/><V74/><F74/><W37/><G23/><T6/><D73/><U19/><REACH who="1" step="1"/><E102/><REACH who="1" ten="410,51,329,200" step="2"/><V130/><F130/><W26/><G98/><T120/><D100/><U54/><E54/><V11/><F77/><W58/><G81/><T128/><D78/><U62/><E62/><V40/><F40/><W84/><G84/><T89/><D79/><U33/><E33/><V87/><F87/><W39/><G75/><T45/><D120/><U28/><E28/><V76/><F76/><W71/><G52/><N who="0" m="29775" /><D31/><U53/><E53/><V5/><F11/><W46/><G9/><N who="0" m="4151" /><D128/><U114/><E114/><V132/><F132/><W29/><G71/><T35/><D35/><U90/><E90/><V103/><F103/><W41/><G29/><T51/><D89/><U101/><E101/><V66/><F10/><W34/><G34/><T44/><D91/><U99/><E99/><RYUUKYOKU ba="1,1" sc="410,10,51,10,329,10,200,-30" hai0="16,20,24,44,51,105,107" hai1="17,19,36,38,56,57,61,63,92,95,106,116,117" hai2="5,18,22,25,65,66,67" /><INIT seed="4,2,1,4,3,114" ten="420,61,339,170" oya="0" hai0="46,70,75,99,84,54,95,21,22,103,66,31,49" hai1="86,78,0,7,133,35,53,123,15,115,59,118,102" hai2="60,20,17,134,94,41,48,23,34,73,85,28,29" hai3="6,40,25,12,110,80,61,69,79,58,56,36,97"/><T109/><D75/><U112/><E123/><V131/><F73/><W132/><G110/><T119/><D109/><U127/><E35/><V93/><F34/><W9/><G132/><T18/><D70/><U26/><E0/><V83/><F134/><W4/><G4/><T117/><D66/><U124/><E26/><N who="2" m="16479" /><F60/><W65/><G97/><T37/><D37/><U128/><E102/><V125/><F29/><W121/><G121/><T89/><D31/><U24/><E24/><N who="2" m="14351" /><F125/><N who="1" m="48201" /><E133/><V1/><F1/><W135/><G135/><T111/><D111/><U129/><E15/><V10/><F10/><W90/><G90/><T13/><D22/><U82/><E7/><V32/><F131/><N who="1" m="50249" /><E118/><V74/><F32/><W101/><G101/><T62/><D62/><AGARI ba="2,1" hai="53,59,62,78,82,86,112,115" m="50249,48201" machi="62" ten="40,2600,0" yaku="18,1,19,1" doraHai="114" who="1" fromWho="0" sc="420,-32,61,42,339,0,170,0" /><INIT seed="5,0,0,2,0,110" ten="388,103,339,170" oya="1" hai0="123,22,69,16,106,26,46,65,70,8,101,127,27" hai1="121,99,77,15,7,52,76,33,104,43,95,0,132" hai2="85,93,34,20,135,96,12,92,133,66,129,63,11" hai3="117,73,78,42,14,109,2,57,17,86,44,5,23"/><U81/><E33/><V83/><F34/><W126/><G109/><T124/><D123/><U72/><E0/><V103/><F20/><W28/><G126/><N who="0" m="48171" /><D65/><U122/><E104/><V45/><F45/><W82/><G117/><T119/><D119/><U97/><E77/><V134/><F129/><W35/><G57/><T98/><D8/><U64/><E43/><V24/><F24/><N who="0" m="9258" /><D46/><U51/><E64/><V120/><F120/><W55/><G55/><T74/><D74/><U58/><E132/><V59/><F92/><W4/><G28/><T118/><D118/><U25/><E25/><AGARI ba="0,0" hai="16,22,25,69,70,98,101,106" m="9258,48171" machi="25" ten="30,2000,0" yaku="18,1,54,1" doraHai="110" who="0" fromWho="1" sc="388,20,103,-20,339,0,170,0" /><INIT seed="6,0,0,3,2,55" ten="408,83,339,170" oya="2" hai0="123,129,86,96,6,66,90,106,43,109,74,124,112" hai1="46,10,125,117,38,11,20,116,118,115,110,22,34" hai2="62,91,93,4,12,15,23,39,16,24,53,51,26" hai3="131,132,13,40,134,98,5,3,0,1,105,83,122"/><V45/><F39/><W70/><G122/><T107/><D66/><U103/><E46/><V72/><F72/><W42/><G70/><T92/><D43/><U104/><E103/><V65/><F4/><W95/><G105/><T121/><D6/><U68/><E104/><V111/><F24/><W114/><G131/><T60/><D60/><U28/><E68/><V35/><F35/><W130/><G130/><T56/><D56/><U61/><E61/><V2/><F2/><W8/><G114/><T29/><D29/><U69/><E69/><V67/><F111/><W120/><G83/><T25/><D25/><N who="1" m="18703" /><E38/><V57/><REACH who="2" step="1"/><F67/><REACH who="2" ten="408,83,329,170" step="2"/><W126/><G120/><T49/><D74/><U18/><E110/><V87/><AGARI ba="0,1" hai="12,15,16,23,26,45,51,53,57,62,65,87,91,93" machi="87" ten="20,18000,2" yaku="1,1,2,1,0,1,7,1,8,1,52,1,54,1,53,0" doraHai="55" doraHaiUra="113" who="2" fromWho="2" sc="408,-60,83,-60,329,190,170,-60" /><INIT seed="6,1,0,3,4,112" ten="348,23,519,110" oya="2" hai0="50,52,77,39,74,124,8,93,91,47,111,126,14" hai1="4,109,53,25,32,65,49,41,130,86,13,76,97" hai2="54,117,80,81,133,131,123,119,104,3,89,35,107" hai3="2,38,118,0,134,9,71,88,34,103,36,102,20"/><V127/><F123/><W128/><G34/><T43/><D111/><U56/><E109/><V105/><F3/><W44/><G71/><T51/><D74/><U1/><E1/><V115/><F35/><W45/><G134/><T6/><D77/><U84/><E130/><V30/><F30/><W57/><G128/><T95/><D39/><U135/><E135/><V116/><F131/><W108/><G108/><T22/><D22/><U12/><E32/><V10/><F10/><W55/><G20/><T125/><REACH who="0" step="1"/><D91/><REACH who="0" ten="338,23,519,110" step="2"/><U19/><E76/><V46/><F133/><W96/><G88/><T121/><D121/><U92/><E41/><V62/><F89/><W82/><G38/><T18/><D18/><U129/><E129/><V59/><F115/><W17/><G17/><T60/><D60/><N who="1" m="38023" /><E4/><V29/><F29/><W23/><G23/><T99/><D99/><U106/><E106/><V132/><F132/><W61/><G96/><T11/><D11/><N who="1" m="6559" /><E13/><V83/><F127/><W98/><G98/><T16/><D16/><U69/><E25/><V73/><F73/><W87/><G36/><T7/><D7/><U75/><E75/><V63/><F63/><W94/><G61/><T72/><D72/><U42/><E97/><V58/><F62/><W114/><G114/><T28/><D28/><U37/><E69/><V64/><F64/><W67/><G67/><T40/><D40/><U5/><E5/><V15/><F15/><W24/><G24/><T78/><D78/><U31/><E31/><V100/><F105/><W33/><G0/><T26/><D26/><U27/><E27/><RYUUKYOKU ba="1,1" sc="338,30,23,-10,519,-10,110,-10" hai0="6,8,14,43,47,50,51,52,93,95,124,125,126" /><INIT seed="7,2,1,3,3,48" ten="368,13,509,100" oya="3" hai0="51,58,76,96,40,16,28,7,119,108,42,94,61" hai1="34,50,73,38,92,117,128,27,56,118,83,110,70" hai2="21,69,18,4,80,88,78,39,91,17,32,81,116" hai3="26,1,112,85,63,41,52,79,113,12,123,84,46"/><W25/><G123/><T93/><D108/><U109/><E73/><V122/><F32/><W120/><G120/><T64/><D119/><N who="1" m="45579" /><E83/><V13/><F69/><W74/><G1/><T103/><D7/><U23/><E92/><V68/><F68/><W53/><G74/><T35/><D35/><U129/><E23/><V60/><F39/><N who="3" m="21823" /><G12/><T9/><D28/><U127/><E27/><N who="3" m="10250" /><G63/><T62/><D76/><U124/><E34/><V2/><F116/><W8/><G8/><T65/><D93/><U5/><E5/><V43/><F122/><W133/><G133/><T75/><D75/><U87/><E87/><N who="3" m="33354" /><G79/><T126/><D51/><U44/><E70/><V67/><F2/><W135/><G135/><T90/><D103/><U6/><E6/><V24/><F4/><W14/><G14/><T71/><D71/><U22/><E22/><N who="2" m="13399" /><F78/><W107/><G107/><T99/><D99/><U131/><E56/><N who="2" m="37255" /><F43/><W20/><G20/><T47/><D47/><U19/><E19/><V0/><F0/><W59/><G59/><T89/><D89/><AGARI ba="2,1" hai="13,17,21,80,81,88,89,91" m="37255,13399" machi="89" ten="30,2000,0" yaku="8,1,54,1" doraHai="48" who="2" fromWho="0" sc="368,-26,13,0,509,36,100,0" owari="342,14.0,13,-49.0,545,65.0,100,-30.0" /></mjloggm>