<mjloggm ver="2.3"><GO type="169" lobby="0"/><UN n0="%6E%69%6A%69" n1="%E6%B5%81%E5%A4%AA" n2="%EF%BC%A3%EF%BC%93%E9%BE%8D%E9%96%80" n3="%E3%83%90%E3%82%A4%E3%82%A2%E3%83%A9%E3%83%B3" dan="17,16,16,16" rate="2186.83,2065.11,2058.39,2117.51" sx="M,M,M,M"/><TAIKYOKU oya="0"/><INIT seed="0,0,0,2,3,119" ten="250,250,250,250" oya="0" hai0="56,80,109,134,83,14,110,71,15,117,84,35,97" hai1="95,120,121,76,131,81,33,123,72,41,116,118,13" hai2="94,104,36,111,38,31,127,98,20,45,34,62,11" hai3="27,100,53,124,12,65,68,69,32,30,129,28,126"/><T82/><D71/><N who="3" m="27209" /><G65/><T132/><D35/><U113/><E33/><V19/><F104/><W0/><G0/><T51/><D117/><N who="1" m="45163" /><E41/><V90/><F111/><N who="0" m="42506" /><D97/><U57/><E13/><N who="0" m="4617" /><D84/><U86/><E57/><V44/><F11/><W52/><G12/><T24/><D24/><U2/><E2/><V108/><F31/><N who="3" m="11819" /><G27/><T7/><D7/><U61/><E61/><V6/><F108/><W106/><G32/><T85/><D85/><U55/><E55/><AGARI ba="0,0" hai="51,55,56,80,82,83,132,134" m="4617,42506" machi="55" ten="40,3900,0" yaku="14,1,10,1" doraHai="119" who="0" fromWho="1" sc="250,39,250,-39,250,0,250,0" /><INIT seed="0,1,0,3,1,126" ten="289,211,250,250" oya="0" hai0="64,0,55,117,129,16,72,17,105,70,49,120,50" hai1="123,23,58,26,104,101,93,2,76,54,97,21,103" hai2="7,116,6,82,113,4,22,24,111,38,130,34,61" hai3="84,3,11,44,60,125,52,109,30,121,62,8,69"/><T92/><D105/><U94/><E123/><V74/><F113/><W5/><G121/><T80/><D0/><U79/><E2/><V122/><F122/><W88/><G125/><T132/><D117/><U27/><E104/><V53/><F38/><W110/><G30/><T133/><D120/><U81/><E81/><V48/><F61/><W99/><G99/><T47/><D64/><U112/><E112/><V98/><F34/><W46/><G8/><T85/><D70/><U124/><E124/><V14/><F111/><N who="3" m="42507" /><G69/><T19/><D72/><U56/><E97/><V35/><F35/><W78/><G78/><T90/><D80/><U67/><E54/><V37/><F37/><W73/><G73/><T42/><REACH who="0" step="1"/><D129/><REACH who="0" ten="279,211,250,250" step="2"/><U10/><REACH who="1" step="1"/><E10/><REACH who="1" ten="279,201,250,250" step="2"/><V107/><F107/><W43/><G11/><T41/><D41/><U108/><E108/><V29/><F116/><W89/><G3/><T86/><D86/><U102/><E102/><V66/><F82/><W57/><G84/><T51/><D51/><U12/><E12/><V115/><F74/><W77/><G43/><T100/><D100/><U95/><E95/><V25/><F115/><W71/><G62/><T68/><D68/><U1/><E1/><V135/><F48/><W106/><G106/><T96/><D96/><U83/><E83/><V119/><F98/><W59/><G71/><T87/><D87/><U65/><AGARI ba="1,2" hai="21,23,26,27,56,58,65,67,76,79,93,94,101,103" machi="65" ten="25,8000,1" yaku="1,1,0,1,22,2,8,1,53,0" doraHai="126" doraHaiUra="114" who="1" fromWho="1" sc="279,-41,201,103,250,-21,250,-21" /><INIT seed="1,0,0,3,1,11" ten="238,304,229,229" oya="1" hai0="28,45,46,102,26,92,44,73,51,113,112,14,93" hai1="8,125,108,29,104,78,106,70,1,62,76,101,82" hai2="74,55,118,43,128,61,123,34,97,32,31,77,132" hai3="75,17,124,58,7,42,110,15,88,95,27,121,48"/><U4/><E78/><V65/><F55/><N who="3" m="32103" /><G75/><T99/><D73/><N who="1" m="43279" /><E29/><V129/><F123/><W87/><G110/><T59/><D92/><U52/><E52/><V30/><F132/><W79/><G124/><T115/><D59/><U83/><E83/><N who="2" m="45495" /><F118/><W63/><G121/><T116/><D51/><U68/><E125/><V18/><F18/><W19/><G42/><T49/><D49/><U133/><E133/><V109/><F109/><W12/><G79/><T69/><D69/><N who="1" m="26731" /><E62/><V134/><F43/><W5/><G63/><T24/><D116/><U130/><E108/><V6/><F31/><W50/><G27/><T89/><D89/><U10/><E10/><V67/><F61/><W39/><G39/><T2/><D28/><U47/><E47/><V22/><F32/><W56/><G56/><T111/><D111/><U54/><E54/><V71/><F34/><W131/><G131/><T23/><D2/><U119/><E119/><V37/><F30/><W96/><G87/><T40/><D40/><U9/><E9/><V66/><F37/><W107/><G107/><N who="1" m="41002" /><E101/><V105/><F134/><W13/><G50/><T122/><D122/><U85/><E85/><V36/><F22/><N who="3" m="11559" /><G15/><T38/><D38/><U3/><E130/><N who="2" m="50283" /><F36/><W84/><G84/><T80/><D80/><U120/><E120/><V53/><F71/><W98/><G98/><T64/><D64/><U126/><E126/><V127/><F127/><W114/><G114/><T81/><D81/><U60/><E60/><V25/><F25/><W86/><G86/><T117/><D117/><U135/><E135/><V21/><F105/><RYUUKYOKU ba="0,0" sc="238,10,304,10,229,-30,229,10" hai0="14,23,24,26,44,45,46,93,99,102,112,113,115" hai1="1,3,4,8" hai3="5,7,13,19,88,95,96" /><INIT seed="1,1,0,1,5,96" ten="248,314,199,239" oya="1" hai0="120,36,13,8,99,78,69,45,52,114,111,7,94" hai1="66,34,18,80,88,9,1,76,5,122,134,63,0" hai2="71,10,113,117,121,77,83,58,135,108,42,11,56" hai3="101,57,47,112,131,116,43,72,49,102,97,46,82"/><U51/><E122/><V2/><F121/><W90/><G112/><T89/><D69/><U30/><E18/><V19/><F117/><W65/><G116/><T53/><D120/><U12/><E134/><V125/><F71/><W20/><G131/><T25/><D114/><U60/><E60/><V40/><F113/><W32/><G32/><T123/><D123/><U31/><E51/><V16/><F135/><W105/><G105/><T85/><D111/><U93/><E31/><V14/><F125/><W73/><G73/><T98/><D36/><U64/><E64/><V50/><F108/><W128/><G46/><T115/><D115/><U33/><E33/><V67/><F67/><W61/><G128/><T37/><D37/><U129/><E129/><V23/><F2/><W55/><G72/><T17/><D78/><U81/><E30/><V126/><F126/><W21/><G65/><T54/><D45/><U95/><E95/><V28/><F28/><W74/><G74/><T62/><D62/><U70/><E34/><V41/><F50/><W59/><G59/><T100/><D100/><N who="3" m="38505" /><G82/><T107/><D107/><U133/><E133/><V84/><REACH who="2" step="1"/><F10/><REACH who="2" ten="248,314,189,239" step="2"/><W91/><G97/><T104/><D104/><U124/><E124/><V35/><F35/><W86/><G86/><T26/><D85/><N who="1" m="52367" /><E1/><V109/><F109/><W68/><G68/><T29/><D99/><U87/><E0/><V118/><F118/><W15/><G21/><T38/><D38/><U127/><E127/><V24/><AGARI ba="1,1" hai="11,14,16,19,23,24,40,41,42,56,58,77,83,84" machi="24" ten="30,7900,0" yaku="1,1,0,1,8,1,54,1,53,0" doraHai="96" doraHaiUra="103" who="2" fromWho="2" sc="248,-21,314,-40,189,92,239,-21" /><INIT seed="2,0,0,2,0,54" ten="227,274,281,218" oya="2" hai0="133,76,39,43,22,53,28,108,121,120,40,116,7" hai1="49,81,83,73,104,75,2,57,123,31,131,105,115" hai2="79,71,9,78,70,51,0,97,10,134,119,44,68" hai3="19,58,86,11,129,92,1,29,110,42,69,62,61"/><V48/><F119/><W88/><G110/><T59/><D108/><U85/><E115/><V16/><F134/><W94/><G129/><T82/><D133/><U77/><E2/><V130/><F130/><W91/><G29/><T106/><D106/><U84/><E131/><V125/><F125/><W35/><G35/><T5/><D116/><U38/><E38/><V80/><F79/><W117/><G117/><T60/><D120/><U26/><E123/><V47/><F97/><W127/><G127/><T45/><D40/><U52/><E105/><V15/><F0/><W126/><G126/><T101/><D101/><U4/><E4/><V89/><F89/><W34/><G34/><T128/><D128/><U111/><E104/><V132/><F10/><W50/><G69/><T36/><D36/><U96/><E96/><V12/><F12/><N who="3" m="7583" /><G1/><T74/><REACH who="0" step="1"/><D121/><REACH who="0" ten="217,274,281,218" step="2"/><U103/><E111/><V32/><F132/><W114/><G42/><T63/><D63/><U72/><E103/><V24/><F51/><W100/><G100/><T95/><D95/><U23/><REACH who="1" step="1"/><E75/><REACH who="1" ten="217,264,281,218" step="2"/><N who="2" m="43103" /><F48/><W25/><G50/><T93/><D93/><U17/><E17/><V118/><F16/><W41/><G94/><T18/><D18/><U21/><E21/><V98/><F32/><W27/><G92/><T65/><D65/><U64/><E64/><V107/><F107/><W99/><G99/><T30/><D30/><U46/><E46/><V102/><F118/><W112/><G112/><T13/><D13/><U14/><E14/><V55/><F47/><W90/><G114/><T33/><D33/><U67/><E67/><RYUUKYOKU ba="0,2" sc="217,15,264,15,281,-15,218,-15" hai0="5,7,22,28,39,43,45,53,59,60,74,76,82" hai1="23,26,31,49,52,57,72,73,77,81,83,84,85" /><INIT seed="3,1,2,5,0,108" ten="232,279,266,203" oya="3" hai0="104,68,47,64,111,84,41,88,29,19,2,82,70" hai1="15,40,78,11,126,54,133,55,119,9,91,74,60" hai2="39,62,110,72,99,125,37,31,8,44,135,51,43" hai3="65,117,101,83,130,127,96,106,50,116,107,109,63"/><W94/><G109/><T85/><D2/><U120/><E120/><V22/><F110/><W12/><G130/><T105/><D111/><U1/><E40/><V95/><F72/><W21/><G127/><T27/><D19/><U118/><E126/><V30/><F125/><W23/><G50/><T58/><D58/><N who="1" m="34903" /><E133/><V17/><F135/><W67/><G83/><T97/><D84/><U80/><E55/><V87/><F87/><W66/><G63/><T132/><D132/><U81/><E1/><V16/><F62/><W57/><G57/><T49/><D64/><U52/><E15/><N who="2" m="7271" /><F39/><W25/><G12/><T59/><D59/><U33/><E33/><V79/><F79/><W42/><G42/><T112/><D112/><U24/><E24/><N who="2" m="14415" /><F37/><W102/><G25/><T56/><D56/><U115/><E115/><V35/><F35/><W5/><G5/><T92/><D68/><U98/><E78/><V86/><F86/><W48/><G48/><T103/><D70/><U38/><E74/><V7/><F7/><W18/><G18/><T77/><D77/><U129/><E38/><V75/><F75/><W131/><G131/><T93/><D82/><N who="1" m="31851" /><E129/><V90/><AGARI ba="1,2" hai="30,31,43,44,51,90,95,99" m="14415,7271" machi="90" ten="30,2000,0" yaku="8,1,54,1" doraHai="108" who="2" fromWho="2" sc="232,-6,279,-6,266,43,203,-11" /><INIT seed="4,0,0,4,1,25" ten="226,273,309,192" oya="0" hai0="10,7,46,28,3,110,120,74,21,53,85,47,59" hai1="67,24,18,63,133,98,116,128,9,19,65,95,132" hai2="86,135,104,27,51,58,20,108,123,126,68,61,30" hai3="23,12,77,92,31,41,96,91,72,75,121,99,117"/><T22/><D74/><U124/><E116/><V0/><F0/><W118/><G41/><T64/><D120/><U62/><E124/><V82/><F135/><W73/><G121/><T8/><D110/><U115/><E128/><V80/><F104/><W119/><G12/><T102/><D64/><U4/><E115/><V39/><F39/><W81/><G23/><T33/><D102/><U111/><E111/><V122/><F126/><W26/><G26/><T127/><D127/><U109/><E109/><V101/><F101/><W78/><G31/><T13/><D85/><U100/><E63/><V43/><F108/><W15/><G15/><T34/><D21/><U113/><E67/><V70/><F70/><W76/><G81/><T103/><D103/><U40/><E40/><V114/><F80/><W16/><G16/><N who="0" m="10511" /><D8/><U17/><E113/><V125/><F125/><W66/><G66/><T11/><D11/><U69/><REACH who="1" step="1"/><E24/><REACH who="1" ten="226,263,309,192" step="2"/><V87/><F114/><W129/><REACH who="3" step="1"/><G129/><REACH who="3" ten="226,263,309,182" step="2"/><T55/><D53/><U97/><E97/><AGARI ba="0,2" hai="72,73,75,76,77,78,91,92,96,97,99,117,118,119" machi="97" ten="60,12000,2" yaku="1,1,2,1,29,2,34,3,53,0" doraHai="25" doraHaiUra="35" who="3" fromWho="1" sc="226,0,263,-120,309,0,182,140" /><INIT seed="5,0,0,5,3,90" ten="226,143,309,322" oya="1" hai0="42,112,13,75,54,57,109,4,130,102,40,124,31" hai1="63,43,1,58,24,12,120,22,48,39,56,91,108" hai2="98,66,16,68,49,117,92,84,80,104,5,111,114" hai3="97,36,33,93,127,35,106,71,134,73,89,72,103"/><U7/><E120/><V88/><F111/><W3/><G36/><T135/><D75/><U100/><E39/><V132/><F117/><W122/><G71/><T118/><D109/><U99/><E1/><V34/><F34/><W10/><G35/><T32/><D32/><U126/><E126/><V96/><F5/><W129/><G33/><T11/><D31/><U125/><E108/><V18/><F114/><W64/><G64/><T76/><D76/><U37/><E37/><V67/><F132/><W107/><G10/><T19/><D118/><U45/><E125/><V15/><F68/><W85/><G3/><T46/><D135/><U69/><E91/><N who="2" m="51591" /><F104/><N who="3" m="63599" /><G127/><T74/><D112/><U86/><E86/><N who="2" m="52247" /><F18/><W101/><G122/><T2/><D19/><U14/><E69/><V38/><F38/><W8/><G134/><T55/><D124/><U60/><E7/><V61/><F49/><W131/><G8/><T77/><D11/><U59/><E63/><V119/><F119/><W27/><G27/><T78/><D4/><U121/><E60/><V20/><F61/><W29/><G29/><T25/><D2/><U116/><E121/><V115/><F115/><W28/><G28/><T65/><D25/><U82/><E116/><V47/><F47/><W21/><G106/><T123/><D46/><U87/><E24/><V0/><F0/><W83/><G107/><T70/><D70/><U95/><E22/><V53/><F53/><W128/><G21/><T17/><D54/><U81/><E81/><V51/><F51/><W44/><G44/><T9/><D123/><U113/><E113/><RYUUKYOKU ba="0,0" sc="226,-30,143,10,309,10,322,10" hai1="12,14,43,45,48,56,58,59,82,87,95,99,100" hai2="15,16,20,66,67,96,98" hai3="72,73,83,85,89,93,101,128,129,131" /><INIT seed="5,1,0,1,1,1" ten="196,153,319,332" oya="1" hai0="97,19,76,29,123,102,126,47,18,33,120,0,13" hai1="46,40,134,92,4,121,51,135,55,23,53,112,44" hai2="32,50,49,48,21,82,58,78,17,67,54,20,122" hai3="128,16,28,10,66,93,15,31,110,85,111,115,87"/><U45/><E121/><N who="0" m="46665" /><D0/><U69/><E69/><V61/><F32/><W124/><G124/><T107/><D126/><U91/><E112/><V11/><F122/><W59/><G128/><T70/><D70/><U24/><E45/><V99/><F99/><W6/><G115/><T64/><D64/><U80/><E80/><V12/><REACH who="2" step="1"/><F67/><REACH who="2" ten="196,153,309,332" step="2"/><W105/><G111/><T72/><D33/><U35/><E35/><V96/><F96/><W65/><G65/><T83/><D97/><N who="1" m="57503" /><E135/><V38/><F38/><W73/><G110/><T57/><D107/><U101/><E134/><V42/><F42/><W39/><G39/><T62/><D102/><U117/><E101/><V116/><F116/><W81/><G105/><T113/><D113/><U3/><E40/><V98/><F98/><W71/><G71/><T79/><D72/><AGARI ba="1,1" hai="11,12,17,20,21,48,49,50,54,58,61,72,78,82" machi="72" ten="40,1300,0" yaku="1,1,53,0" doraHai="1" doraHaiUra="109" who="2" fromWho="0" sc="196,-16,153,0,309,26,332,0" /><INIT seed="6,0,0,0,3,51" ten="180,153,335,332" oya="2" hai0="38,74,68,58,50,106,16,6,124,27,133,77,48" hai1="119,69,26,93,65,55,108,82,36,79,19,88,87" hai2="96,12,94,118,24,67,1,100,42,29,122,110,33" hai3="61,97,10,49,60,113,80,131,44,98,78,62,115"/><V75/><F75/><W14/><G131/><T18/><D68/><U130/><E119/><V101/><F1/><W95/><G80/><T52/><D38/><U13/><E108/><V34/><F34/><W85/><G85/><T123/><D106/><U0/><E0/><V117/><F110/><W35/><G35/><T132/><D123/><U5/><E36/><V116/><F122/><W43/><G78/><T103/><D103/><U17/><E130/><V128/><F128/><W15/><G97/><T22/><D6/><U40/><E40/><V39/><F67/><W73/><G73/><T9/><D124/><U135/><E135/><N who="0" m="51785" /><D77/><U59/><E69/><V57/><F42/><W83/><G83/><T66/><D66/><U99/><E65/><V71/><F71/><W76/><G76/><T125/><D74/><U7/><E26/><V2/><F39/><W102/><REACH who="3" step="1"/><G10/><REACH who="3" ten="180,153,335,322" step="2"/><T37/><D125/><U63/><E19/><V25/><F118/><W105/><G105/><T114/><D114/><AGARI ba="0,1" hai="14,15,43,44,49,60,61,62,95,98,102,113,114,115" machi="114" ten="40,5200,0" yaku="1,1,15,1,11,1,53,0" doraHai="51" doraHaiUra="23" who="3" fromWho="0" sc="180,-52,153,0,335,0,322,62" /><INIT seed="7,0,0,1,4,86" ten="128,153,335,384" oya="3" hai0="22,56,23,68,66,55,108,133,38,70,18,21,39" hai1="111,19,117,15,77,116,2,29,87,20,33,5,96" hai2="113,107,126,63,32,72,76,71,104,17,62,9,106" hai3="90,123,89,132,0,69,84,53,110,11,91,93,16"/><W7/><G123/><T83/><D108/><U50/><E111/><V37/><F37/><W26/><G69/><T119/><D133/><U95/><E50/><V100/><F113/><W41/><G41/><T67/><D119/><N who="1" m="45643" /><E77/><V94/><F126/><W1/><G1/><T73/><D18/><U79/><E79/><V99/><F32/><W103/><G110/><T97/><D97/><U130/><E87/><V28/><F28/><W46/><G103/><T61/><D73/><U6/><E2/><V14/><F71/><W101/><G101/><T78/><D78/><U25/><E130/><V12/><F12/><N who="3" m="5247" /><G132/><T8/><D83/><U81/><E81/><V30/><F30/><W58/><G46/><T85/><D85/><U112/><E112/><V31/><F31/><W129/><G129/><T64/><D68/><U115/><E115/><V109/><F109/><W27/><G0/><T4/><REACH who="0" step="1"/><D70/><REACH who="0" ten="118,153,335,384" step="2"/><U102/><AGARI ba="0,1" hai="5,6,15,19,20,25,29,33,95,96,102" m="45643" machi="102" ten="30,1100,0" yaku="12,1" doraHai="86" who="1" fromWho="1" sc="118,-3,153,21,335,-3,384,-5" owari="115,-38.0,174,-23.0,332,13.0,379,48.0" /></mjloggm>