<mjloggm ver="2.3"><GO type="169" lobby="0"/><UN n0="%E3%82%86%E3%81%A3%E3%81%8D%E3%82%85%E3%82%93" n1="%E3%83%A9%E3%83%A0%E3%83%80%E3%81%95%E3%82%93" n2="%E3%81%AF%E3%81%98%E3%81%BE%E3%82%8A%E3%81%AE%E6%9C%9D" n3="%49%72%69%73%2A" dan="17,16,16,18" rate="2152.51,2126.71,2145.56,2192.99" sx="F,M,F,F"/><TAIKYOKU oya="0"/><INIT seed="0,0,0,4,1,113" ten="250,250,250,250" oya="0" hai0="33,116,103,47,114,133,28,107,119,23,102,132,63" hai1="53,115,4,44,77,108,82,22,71,112,37,96,91" hai2="35,0,15,127,18,97,65,41,83,125,73,2,42" hai3="56,99,9,19,129,121,130,11,6,14,55,40,36"/><T120/><D114/><N who="1" m="43563" /><E71/><V5/><F35/><W31/><G31/><T78/><D120/><U74/><E108/><V45/><F65/><W101/><G40/><T24/><D78/><U81/><E4/><V10/><F97/><W72/><G36/><T52/><D33/><U13/><E37/><V32/><F32/><W60/><G72/><T70/><D70/><U51/><E96/><V135/><F135/><N who="0" m="51786" /><D107/><U27/><E13/><V64/><F64/><W85/><G85/><T20/><D20/><U100/><E100/><N who="0" m="38441" /><D47/><U46/><E46/><V79/><F0/><W89/><G121/><T117/><D63/><U75/><E91/><V111/><F111/><W80/><G101/><T109/><D109/><U106/><E106/><V8/><REACH who="2" step="1"/><F42/><REACH who="2" ten="250,250,240,250" step="2"/><W3/><G3/><T131/><D131/><U50/><E75/><V126/><F126/><W25/><G129/><T90/><D90/><U43/><E74/><V38/><AGARI ba="0,1" hai="2,5,8,10,15,18,38,41,45,73,79,83,125,127" machi="38" ten="30,8000,1" yaku="1,1,0,1,25,2,53,1" doraHai="113" doraHaiUra="34" who="2" fromWho="2" sc="250,-40,250,-20,240,90,250,-20" /><INIT seed="1,0,0,2,1,66" ten="210,230,330,230" oya="1" hai0="81,21,123,132,117,26,106,116,98,69,48,103,111" hai1="105,40,95,20,94,35,74,85,10,120,72,58,109" hai2="47,79,96,65,11,115,60,89,22,27,18,38,124" hai3="62,31,131,84,80,102,77,113,34,88,107,99,55"/><U32/><E120/><V50/><F124/><W61/><G113/><T3/><D123/><U108/><E105/><V63/><F115/><W122/><G122/><T42/><D111/><N who="1" m="42571" /><E40/><V53/><F79/><W45/><G131/><T75/><D132/><U129/><E129/><V110/><F110/><W54/><G34/><N who="1" m="12842" /><E20/><V17/><F38/><W29/><G29/><T15/><D42/><U13/><E58/><V23/><F11/><W14/><G31/><T6/><D21/><U16/><E85/><V104/><F104/><W51/><G55/><T91/><D106/><U57/><E57/><V83/><F65/><W87/><REACH who="3" step="1"/><G14/><REACH who="3" ten="210,230,330,220" step="2"/><T12/><D15/><U90/><E90/><V78/><F53/><W67/><G67/><T92/><D12/><U73/><AGARI ba="0,1" hai="10,13,16,72,73,74,94,95" m="12842,42571" machi="73" ten="40,7800,0" yaku="14,1,10,1,54,1" doraHai="66" who="1" fromWho="1" sc="210,-26,230,88,330,-26,220,-26" /><INIT seed="1,1,0,3,3,106" ten="184,318,304,194" oya="1" hai0="96,20,118,58,55,33,72,103,57,82,3,22,80" hai1="132,70,102,35,19,105,38,101,130,81,41,123,21" hai2="13,134,89,18,0,74,1,37,5,117,24,49,56" hai3="54,15,62,99,78,120,87,126,73,67,26,135,127"/><U133/><E123/><V71/><F117/><W63/><G120/><T104/><D118/><U31/><E70/><V124/><F71/><W9/><G87/><T60/><D33/><U77/><E130/><V23/><F37/><W40/><G40/><T44/><D3/><U39/><E31/><V4/><F134/><N who="1" m="51817" /><E35/><V119/><F124/><W64/><G26/><T32/><D32/><U91/><E91/><V76/><F119/><W66/><G99/><T114/><D114/><U8/><E8/><V111/><F111/><W61/><G54/><T59/><D60/><U28/><E28/><V98/><F76/><W97/><G97/><T52/><D82/><U92/><E92/><V100/><F100/><N who="1" m="38505" /><E41/><V131/><F89/><W12/><G135/><T128/><D128/><U47/><E47/><V121/><F131/><W93/><G93/><T53/><REACH who="0" step="1"/><D44/><REACH who="0" ten="174,318,304,194" step="2"/><U122/><E122/><V95/><F121/><W29/><G126/><T6/><D6/><U113/><E113/><V108/><F5/><W79/><G127/><T75/><D75/><N who="1" m="43199" /><E105/><V10/><F4/><N who="3" m="3111" /><G73/><T110/><D110/><U69/><E69/><V2/><F108/><W90/><G66/><T42/><D42/><U115/><E115/><V7/><F7/><W46/><G64/><T112/><D112/><U45/><E45/><V84/><F74/><W11/><G46/><T48/><D48/><U16/><E21/><V43/><F43/><W51/><G67/><T88/><D88/><U65/><E65/><V86/><F1/><W109/><G109/><T30/><D30/><U116/><E116/><V36/><F2/><RYUUKYOKU ba="1,1" sc="174,15,318,15,304,-15,194,-15" hai0="20,22,52,53,55,57,58,59,72,80,96,103,104" hai1="16,19,38,39" /><INIT seed="1,2,1,3,3,88" ten="189,333,289,179" oya="1" hai0="48,92,20,110,89,37,134,51,130,114,53,36,78" hai1="41,57,27,100,98,58,107,35,46,133,97,123,60" hai2="104,34,32,56,13,70,19,24,15,29,127,131,14" hai3="79,54,16,101,28,121,3,76,115,106,72,17,4"/><U7/><E123/><V77/><F104/><W112/><G28/><T69/><D114/><U117/><E117/><V81/><F70/><W30/><G30/><T99/><D69/><U73/><E73/><V90/><F131/><W125/><G121/><T10/><D130/><U64/><E133/><V80/><F127/><W116/><G3/><T83/><D134/><U45/><E7/><V25/><F90/><W122/><G4/><T124/><D124/><U38/><E46/><V85/><F80/><W40/><G40/><T21/><D10/><U66/><E97/><V108/><F108/><W75/><G125/><T118/><D51/><U91/><E91/><V67/><F34/><W2/><G2/><T18/><D118/><U52/><E35/><V65/><F56/><W1/><G1/><T55/><D21/><U26/><REACH who="1" step="1"/><E66/><REACH who="1" ten="189,323,289,179" step="2"/><V128/><F128/><W22/><G116/><T47/><D110/><U61/><AGARI ba="2,2" hai="26,27,38,41,45,52,57,58,60,61,64,98,100,107" machi="61" ten="20,12000,1" yaku="1,1,2,1,0,1,7,1,54,1,53,0" doraHai="88" doraHaiUra="135" who="1" fromWho="1" sc="189,-42,323,146,289,-42,179,-42" /><INIT seed="1,3,0,0,3,8" ten="147,469,247,137" oya="1" hai0="110,101,2,73,103,83,59,26,17,88,67,93,129" hai1="5,45,1,69,30,118,63,102,92,74,6,24,36" hai2="39,133,95,16,96,71,32,112,46,11,100,107,0" hai3="33,77,106,41,55,23,68,3,47,44,61,115,127"/><U43/><E74/><V35/><F71/><W52/><G33/><T124/><D110/><U31/><E118/><V10/><F133/><W132/><G3/><T70/><D2/><U49/><E1/><V75/><F75/><W25/><G106/><T114/><D114/><U51/><E31/><V91/><F112/><W85/><G127/><T125/><D70/><U50/><E102/><V98/><F10/><W56/><G68/><T57/><D129/><U34/><REACH who="1" step="1"/><E92/><REACH who="1" ten="147,459,247,137" step="2"/><V65/><F0/><W21/><G115/><T15/><D103/><U99/><E99/><V123/><F123/><W122/><G122/><T53/><D101/><U135/><E135/><V29/><F29/><W14/><G132/><T60/><D124/><U111/><E111/><V81/><F100/><W13/><G85/><N who="0" m="50239" /><D125/><U20/><E20/><V89/><F98/><W113/><G23/><N who="0" m="11711" /><D73/><U38/><E38/><V120/><F39/><W134/><G134/><T131/><D131/><U80/><E80/><V84/><F81/><W64/><G113/><T48/><D93/><U7/><E7/><V130/><F120/><W78/><G21/><T42/><D42/><U121/><E121/><V19/><F130/><W97/><G41/><T119/><D119/><U105/><E105/><V87/><F95/><W108/><G108/><T116/><D116/><U117/><E117/><V12/><F35/><W128/><G128/><T62/><D26/><U58/><E58/><V37/><F32/><W28/><G25/><T104/><D104/><U4/><E4/><V94/><F107/><W40/><G40/><T54/><D59/><RYUUKYOKU ba="3,1" sc="147,-10,459,30,247,-10,137,-10" hai1="5,6,24,30,34,36,43,45,49,50,51,63,69" /><INIT seed="1,4,1,0,3,122" ten="137,489,237,127" oya="1" hai0="89,26,32,94,108,102,105,109,53,87,132,50,65" hai1="42,1,119,70,13,61,116,77,112,134,97,58,17" hai2="45,36,31,29,55,15,110,66,84,54,56,99,100" hai3="63,46,104,95,107,120,127,67,11,57,130,125,5"/><U131/><E112/><V124/><F124/><N who="3" m="47691" /><G120/><T68/><D132/><U123/><E123/><V25/><F84/><W128/><G95/><T73/><D73/><U20/><E1/><V72/><F72/><W39/><G39/><T114/><D114/><U8/><E134/><V43/><F15/><N who="3" m="5615" /><G46/><T118/><D118/><U80/><E70/><V101/><F110/><N who="0" m="42602" /><D65/><U91/><E131/><AGARI ba="4,1" hai="57,63,67,104,107,128,130,131" m="5615,47691" machi="131" ten="30,2000,0" yaku="19,1,18,1" doraHai="122" who="3" fromWho="1" sc="137,0,489,-32,237,0,127,42" /><INIT seed="2,0,0,5,1,12" ten="137,457,237,169" oya="2" hai0="115,60,28,64,92,132,126,127,17,46,88,73,57" hai1="5,53,135,74,51,10,16,54,109,63,106,69,85" hai2="9,26,98,13,84,79,6,27,81,76,42,87,95" hai3="82,113,121,43,111,120,36,66,47,108,50,75,55"/><V59/><F42/><W19/><G75/><T125/><D115/><U134/><E74/><V48/><F59/><N who="3" m="33271" /><G82/><T68/><D132/><N who="1" m="50731" /><E109/><N who="3" m="42058" /><G113/><T33/><D73/><U103/><E5/><V34/><F48/><W40/><G40/><T0/><D0/><U129/><E129/><V7/><F34/><W56/><G19/><T4/><D4/><U1/><E1/><V24/><F7/><W41/><G41/><T123/><D123/><U114/><E114/><V107/><F107/><W91/><G91/><T8/><D46/><U78/><E78/><V44/><F44/><W116/><G116/><T29/><D68/><U128/><E128/><V23/><F79/><W118/><G118/><T52/><D64/><U86/><E54/><V117/><F117/><W65/><G65/><T97/><D33/><U31/><E31/><N who="2" m="17823" /><F84/><W20/><G20/><T11/><D11/><U25/><E85/><V30/><F30/><W105/><G105/><T90/><D90/><AGARI ba="0,0" hai="6,9,13,26,27,76,81,87,90,95,98" m="17823" machi="90" ten="30,1500,0" yaku="8,1" doraHai="12" who="2" fromWho="0" sc="137,-15,457,0,237,15,169,0" /><INIT seed="2,1,0,3,3,49" ten="122,457,252,169" oya="2" hai0="110,130,57,44,9,74,37,17,96,65,70,102,86" hai1="24,111,3,40,109,35,0,10,113,115,72,6,26" hai2="87,22,92,52,41,76,119,43,118,18,11,123,59" hai3="64,38,23,48,101,14,77,30,1,19,5,20,79"/><V88/><F123/><W69/><G38/><T134/><D74/><U78/><E40/><V97/><F11/><W90/><G101/><T83/><D110/><N who="1" m="41995" /><E78/><V63/><F119/><W8/><G69/><T7/><D130/><U93/><E93/><N who="2" m="54431" /><F76/><W128/><G64/><T82/><D134/><U33/><E72/><V124/><F124/><W114/><G114/><N who="1" m="43530" /><E0/><V132/><F132/><W51/><G128/><T122/><D70/><U56/><E56/><V112/><F118/><W129/><G77/><T99/><D122/><U84/><E84/><V31/><F31/><W60/><G79/><T81/><D86/><U15/><E3/><V120/><F120/><W100/><G1/><T47/><D37/><U73/><E73/><V54/><F54/><W105/><G30/><T103/><D47/><U29/><E29/><V121/><F121/><W116/><G116/><T39/><D44/><U135/><E135/><V106/><F106/><W28/><G28/><T25/><D39/><U67/><E67/><V66/><F66/><W16/><G129/><T98/><D65/><U4/><E4/><V108/><F108/><W53/><G105/><T46/><D7/><U85/><E85/><V2/><F2/><W95/><G53/><T127/><D127/><U45/><E45/><V75/><F75/><W32/><G5/><T107/><D107/><U13/><E13/><N who="2" m="9551" /><F112/><W131/><G131/><T125/><D125/><U91/><E91/><AGARI ba="1,0" hai="41,43,52,59,63,91,92,97" m="9551,54431" machi="91" ten="30,11600,0" yaku="8,1,52,1,54,2" doraHai="49" who="2" fromWho="1" sc="122,0,457,-119,252,119,169,0" /><INIT seed="2,2,0,3,5,82" ten="122,338,371,169" oya="2" hai0="10,105,100,16,75,37,87,117,93,65,49,66,0" hai1="101,61,15,32,90,9,25,59,125,31,5,53,118" hai2="54,11,28,116,64,1,46,14,3,48,124,78,109" hai3="26,6,96,126,113,45,23,44,30,107,52,33,50"/><V58/><F116/><W40/><G126/><T73/><D117/><U132/><E125/><V108/><F124/><W129/><G129/><T41/><D37/><U91/><E118/><V55/><F28/><W69/><G69/><T27/><D105/><U103/><E132/><V42/><F78/><W21/><G6/><T74/><D0/><U81/><REACH who="1" step="1"/><E81/><REACH who="1" ten="122,328,371,169" step="2"/><V115/><F115/><W133/><G133/><T84/><D66/><U51/><E51/><V76/><F1/><W77/><G113/><T106/><D65/><U134/><E134/><V86/><F3/><W71/><G71/><T2/><D106/><U20/><E20/><V39/><F64/><W123/><G123/><T70/><D70/><U97/><E97/><V18/><F39/><W17/><G77/><T99/><D2/><U8/><E8/><V131/><F131/><W95/><G107/><T92/><D92/><U135/><E135/><V112/><F112/><W29/><G23/><T127/><D127/><U13/><E13/><V36/><F36/><W89/><G33/><T114/><D114/><U128/><E128/><V121/><F121/><W19/><REACH who="3" step="1"/><G30/><REACH who="3" ten="122,328,371,159" step="2"/><T22/><REACH who="0" step="1"/><D10/><REACH who="0" ten="112,328,371,159" step="2"/><U38/><E38/><AGARI ba="2,3" hai="17,19,21,26,29,38,40,44,45,50,52,89,95,96" machi="38" ten="30,7700,0" yaku="1,1,2,1,7,1,54,1,53,0" doraHai="82" doraHaiUra="62" who="3" fromWho="1" sc="112,0,328,-83,371,0,159,113" /><INIT seed="3,0,0,0,0,90" ten="112,245,371,272" oya="3" hai0="94,47,49,39,62,56,95,105,127,111,131,42,28" hai1="135,80,30,23,123,73,91,103,114,8,11,12,71" hai2="106,133,96,134,9,68,87,129,27,63,17,41,81" hai3="21,89,22,61,58,88,104,1,108,77,36,3,112"/><W65/><G112/><T6/><D111/><U107/><E114/><V78/><F129/><W109/><G104/><T55/><D131/><U53/><E123/><V86/><F41/><W16/><G36/><T38/><D127/><U102/><E71/><V4/><F87/><W14/><G77/><T117/><D117/><U126/><E126/><V37/><F37/><W7/><G22/><T101/><D39/><U128/><E128/><V130/><F130/><W116/><G116/><T100/><D6/><U132/><E53/><V25/><F106/><W60/><G60/><T110/><D110/><N who="3" m="42601" /><G7/><T50/><D28/><U26/><E11/><V59/><F68/><W121/><G121/><T124/><D124/><U35/><E35/><V24/><F96/><W10/><G10/><T51/><REACH who="0" step="1"/><D105/><REACH who="0" ten="102,245,371,272" step="2"/><U82/><E107/><V92/><F4/><W15/><G15/><T43/><D43/><U97/><E12/><V40/><F134/><W84/><G89/><T75/><D75/><U72/><E91/><V113/><F133/><W44/><G3/><T115/><D115/><U32/><E135/><V48/><F113/><W99/><G1/><T34/><D34/><U5/><E132/><V0/><F0/><W125/><G125/><T2/><D2/><N who="1" m="55" /><E32/><V46/><F40/><W122/><G122/><T66/><D66/><U31/><E73/><V33/><F33/><W120/><G120/><T45/><D45/><U83/><E72/><V54/><F46/><W98/><G44/><T52/><D52/><U19/><E103/><AGARI ba="0,1" hai="38,42,47,49,50,51,55,56,62,94,95,100,101,103" machi="103" ten="40,5200,0" yaku="1,1,52,2,53,0" doraHai="90" doraHaiUra="67" who="0" fromWho="1" sc="102,62,245,-52,371,0,272,0" /><INIT seed="4,0,0,3,1,31" ten="164,193,371,272" oya="0" hai0="121,134,120,17,75,27,69,29,41,53,5,67,130" hai1="24,92,85,108,129,77,81,122,56,72,42,47,46" hai2="50,32,91,133,2,110,116,97,114,104,93,4,132" hai3="90,124,70,33,21,83,135,86,37,10,28,25,38"/><T36/><D17/><U8/><E108/><V11/><F110/><W30/><G70/><T102/><D53/><U95/><E122/><V6/><F104/><W103/><G124/><T68/><D5/><U74/><E129/><V71/><F71/><N who="0" m="27210" /><D67/><U109/><E109/><V100/><F6/><W57/><G103/><T44/><D102/><U66/><E72/><V45/><F114/><W119/><G119/><T131/><D75/><U19/><E74/><V125/><F116/><W127/><G127/><T64/><D64/><U9/><E47/><V48/><F125/><W54/><G10/><T3/><D3/><U15/><E9/><V23/><F23/><W112/><G112/><T63/><D63/><U52/><E66/><V82/><F32/><W115/><G115/><T118/><D118/><U126/><E126/><V59/><F59/><W79/><G21/><T55/><D55/><U98/><E98/><V96/><F96/><W18/><G54/><T99/><D99/><U117/><E117/><V76/><F100/><W111/><G57/><T34/><D134/><N who="2" m="51818" /><F45/><W101/><G135/><T113/><D113/><U16/><E46/><V61/><F61/><W80/><G101/><T39/><D36/><N who="3" m="13929" /><G111/><T58/><D58/><U94/><E42/><V49/><F49/><W87/><G33/><T7/><D7/><N who="1" m="3487" /><E24/><V1/><F2/><W60/><G60/><AGARI ba="0,0" hai="16,19,52,56,60,77,81,85,92,94,95" m="3487" machi="60" ten="30,3900,0" yaku="8,1,54,2" doraHai="31" who="1" fromWho="3" sc="164,0,193,39,371,0,272,-39" /><INIT seed="5,0,0,2,3,3" ten="164,232,371,233" oya="1" hai0="70,105,79,108,15,42,94,7,133,131,24,112,114" hai1="111,23,31,135,107,76,14,127,8,9,35,85,116" hai2="83,55,6,50,95,122,125,13,119,44,39,25,84" hai3="64,20,17,34,93,40,36,104,97,129,78,77,12"/><U27/><E116/><V113/><F122/><W117/><G104/><T118/><D105/><U57/><E107/><V2/><F119/><W90/><G34/><T4/><D118/><U0/><E76/><V72/><F72/><W115/><G115/><N who="0" m="44075" /><D108/><U102/><E102/><V30/><F39/><W109/><G109/><T100/><D70/><U38/><E38/><V89/><F2/><W74/><G129/><T41/><D131/><U86/><E111/><V124/><F113/><W48/><G36/><T21/><D79/><U52/><E135/><V46/><F46/><N who="3" m="25671" /><G74/><T106/><D106/><U1/><E127/><N who="2" m="48715" /><F83/><W73/><G73/><T18/><D133/><U66/><E66/><V80/><F80/><W96/><G117/><T110/><D110/><U67/><E67/><V81/><F81/><W62/><G96/><N who="0" m="59415" /><D24/><U88/><E86/><V91/><F91/><W126/><G126/><T16/><D18/><N who="1" m="10711" /><E1/><V37/><F37/><W128/><G128/><T28/><D28/><U45/><E45/><V49/><F30/><W87/><G87/><T63/><D63/><U51/><E0/><V11/><F49/><W54/><G78/><T120/><D120/><U19/><E19/><V10/><F25/><W121/><G77/><T29/><D29/><U75/><E75/><V60/><F60/><W61/><G121/><T58/><D58/><U71/><E71/><V59/><F59/><N who="3" m="35063" /><G62/><T132/><D132/><U32/><E32/><V82/><F82/><W92/><G64/><T103/><D103/><U101/><E101/><V65/><F65/><W99/><G90/><T43/><AGARI ba="0,0" hai="4,7,15,16,21,41,42,43" m="59415,44075" machi="43" ten="30,8000,1" yaku="5,1,15,1,52,2,54,1" doraHai="3" who="0" fromWho="0" sc="164,80,232,-40,371,-20,233,-20" /><INIT seed="6,0,0,1,0,119" ten="244,192,351,213" oya="2" hai0="24,5,73,12,77,46,55,87,123,71,84,2,128" hai1="65,14,72,3,19,45,104,48,131,52,44,114,98" hai2="120,50,68,29,0,126,59,25,31,23,92,41,51" hai3="99,111,27,106,75,42,57,112,64,70,82,17,32"/><V74/><F68/><W18/><G57/><T79/><D71/><U93/><E72/><V10/><F74/><W88/><G42/><T80/><D128/><U107/><E3/><V39/><F39/><W34/><G111/><T13/><D2/><U110/><E110/><V86/><F126/><W15/><G112/><T109/><D109/><U11/><E131/><V30/><F120/><W118/><G118/><T95/><D73/><U116/><E116/><V129/><F129/><W85/><G75/><T108/><D123/><U26/><E114/><V33/><F33/><W28/><G32/><T21/><D108/><U66/><E107/><V36/><F36/><W16/><G15/><T125/><D5/><U96/><E104/><V53/><F10/><W62/><G17/><T47/><D125/><U58/><E98/><V124/><F0/><W97/><G97/><T60/><D46/><U61/><E26/><V20/><F25/><W9/><G9/><T40/><D40/><U6/><E6/><V100/><F124/><W135/><G135/><T37/><D37/><U54/><REACH who="1" step="1"/><E44/><REACH who="1" ten="244,182,351,213" step="2"/><N who="2" m="25871" /><F86/><W7/><G7/><T78/><D84/><U101/><AGARI ba="0,1" hai="11,14,19,45,48,52,54,58,61,65,66,93,96,101" machi="101" ten="20,8000,1" yaku="1,1,0,1,7,1,8,1,54,1,53,0" doraHai="119" doraHaiUra="134" who="1" fromWho="1" sc="244,-20,182,90,351,-40,213,-20" /><INIT seed="7,0,0,5,3,31" ten="224,272,311,193" oya="3" hai0="133,59,40,26,105,100,42,0,11,32,109,117,75" hai1="98,90,123,35,54,127,128,14,29,74,38,7,79" hai2="120,28,67,135,12,99,86,36,70,73,119,108,19" hai3="25,15,50,72,5,37,1,95,103,111,20,122,44"/><W53/><G122/><T118/><D109/><U87/><E123/><V66/><F120/><W10/><G72/><T85/><D75/><U52/><E38/><V62/><F73/><W112/><G112/><T78/><D133/><U83/><E128/><V93/><F108/><W113/><G113/><T106/><D106/><U125/><E98/><V69/><F36/><W2/><G111/><T47/><D59/><U134/><E134/><V45/><F28/><W84/><G37/><N who="0" m="21903" /><D42/><U97/><E97/><V22/><F45/><W27/><G27/><T33/><D85/><U43/><E43/><V107/><F135/><W58/><G44/><T94/><D94/><N who="1" m="54623" /><E14/><V24/><F86/><W132/><G132/><T110/><D78/><U64/><E7/><V89/><F119/><N who="0" m="45578" /><D26/><N who="1" m="18871" /><E64/><V57/><F107/><W61/><G50/><T23/><D23/><U114/><E114/><V116/><F116/><W88/><REACH who="3" step="1"/><G103/><REACH who="3" ten="224,272,311,183" step="2"/><T71/><D110/><U77/><E77/><V46/><F46/><W4/><G4/><T76/><D76/><U91/><E91/><V39/><F39/><W3/><G3/><T131/><D0/><U60/><E60/><N who="2" m="38159" /><F24/><W101/><G101/><T92/><D100/><U30/><E30/><AGARI ba="0,1" hai="1,2,5,10,15,20,25,30,53,58,61,84,88,95" machi="30" ten="30,11600,0" yaku="1,1,7,1,54,1,53,1" doraHai="31" doraHaiUra="6" who="3" fromWho="1" sc="224,0,272,-116,311,0,183,126" /><INIT seed="7,1,0,0,2,59" ten="224,156,311,309" oya="3" hai0="108,76,77,88,41,93,103,101,97,47,22,134,58" hai1="126,104,16,23,100,66,115,34,120,105,78,27,99" hai2="82,55,61,106,132,42,109,15,21,17,28,50,114" hai3="127,119,64,91,98,35,72,7,60,51,92,131,129"/><W12/><G119/><T57/><D108/><U122/><E126/><V87/><F109/><W81/><G35/><T70/><D70/><U110/><E110/><V133/><F106/><W62/><G127/><T25/><D134/><N who="2" m="51818" /><F61/><W24/><G24/><T102/><D76/><U135/><E135/><V118/><F42/><W38/><G38/><T75/><D77/><U33/><E115/><V40/><F114/><W5/><G72/><T68/><D68/><U56/><E105/><V107/><F107/><W11/><G81/><T111/><D75/><U79/><E79/><N who="2" m="46559" /><F40/><W73/><G73/><T128/><D128/><N who="3" m="49225" /><G51/><N who="0" m="27119" /><D111/><U123/><REACH who="1" step="1"/><E78/><REACH who="1" ten="224,146,311,309" step="2"/><V29/><F118/><W36/><G36/><T32/><D32/><U84/><E84/><V46/><AGARI ba="1,1" hai="15,17,21,28,29,46,50,55" m="46559,51818" machi="46" ten="30,1100,0" yaku="20,1" doraHai="59" who="2" fromWho="2" sc="224,-4,146,-4,311,24,309,-6" owari="220,-18.0,142,-36.0,335,44.0,303,10.0" /></mjloggm>