<mjloggm ver="2.3"><GO type="169" lobby="0"/><UN n0="%72%75%69%63%65" n1="%E8%87%AA%E5%A0%95%E8%90%BD%E5%A4%A7%E5%AD%A6%E9%99%A2%E7%94%9F" n2="%74%6E%66%73%68%32%30%34" n3="%E3%82%86%E3%80%82%E3%80%82" dan="17,17,17,17" rate="2206.98,2155.29,2141.12,2177.59" sx="M,M,M,M"/><TAIKYOKU oya="0"/><INIT seed="0,0,0,4,1,113" ten="250,250,250,250" oya="0" hai0="1,61,71,66,101,34,118,100,11,55,94,8,25" hai1="97,133,49,83,15,44,110,124,105,27,22,14,123" hai2="107,91,76,92,16,36,47,26,32,115,111,12,109" hai3="53,2,122,116,39,126,117,93,88,43,127,108,79"/><T46/><D118/><N who="3" m="45673" /><G2/><T52/><D11/><U90/><E105/><V95/><F115/><W6/><G6/><T59/><D1/><U68/><E68/><V78/><F107/><W103/><G103/><T40/><D8/><U23/><E23/><V37/><F32/><W57/><G79/><T48/><D94/><U13/><E123/><V119/><F26/><W130/><G43/><T86/><D86/><U51/><E51/><V21/><F119/><W98/><G39/><N who="2" m="14921" /><F92/><W7/><G7/><T62/><REACH who="0" step="1"/><D55/><REACH who="0" ten="240,250,250,250" step="2"/><U3/><E3/><V60/><F95/><W87/><G122/><T129/><D129/><U99/><E99/><V50/><F109/><W112/><G108/><T42/><D42/><U58/><E110/><V70/><F111/><W81/><G112/><T125/><D125/><N who="3" m="47625" /><G130/><T65/><D65/><U24/><E124/><V106/><F106/><W31/><G31/><AGARI ba="0,1" hai="25,31,34,40,46,48,52,59,61,62,66,71,100,101" machi="31" ten="40,3900,0" yaku="1,1,54,1,53,0" doraHai="113" doraHaiUra="18" who="0" fromWho="3" sc="240,49,250,0,250,0,250,-39" /><INIT seed="0,1,0,1,2,65" ten="289,250,250,211" oya="0" hai0="64,73,122,60,19,16,62,33,22,112,35,83,76" hai1="38,34,104,129,115,96,3,114,30,27,7,31,97" hai2="93,106,48,91,100,121,29,135,36,108,50,24,51" hai3="107,88,117,57,72,120,86,132,56,58,125,2,17"/><T14/><D122/><U59/><E129/><V6/><F121/><W90/><G117/><T40/><D112/><N who="1" m="43051" /><E38/><V70/><F36/><W39/><G72/><T15/><D40/><U42/><E42/><V119/><F135/><W25/><G39/><T74/><D74/><U66/><E104/><V68/><F119/><W95/><G2/><T128/><D128/><U61/><E31/><V130/><F130/><W84/><G107/><T18/><D18/><U13/><E3/><V43/><F43/><W89/><G132/><T37/><D37/><U98/><E13/><V85/><F6/><AGARI ba="1,0" hai="6,7,27,30,34,59,61,66,96,97,98" m="43051" machi="6" ten="30,1000,0" yaku="11,1" doraHai="65" who="1" fromWho="2" sc="289,0,250,13,250,-13,211,0" /><INIT seed="1,0,0,2,2,101" ten="289,263,237,211" oya="1" hai0="133,128,33,23,16,58,100,34,60,9,36,86,79" hai1="62,87,90,88,89,52,63,57,95,55,83,115,102" hai2="20,15,91,111,50,99,31,44,106,135,129,14,85" hai3="25,42,5,41,105,94,80,113,108,66,21,98,22"/><U116/><E116/><V76/><F129/><W45/><G113/><T24/><D128/><U48/><E115/><V82/><F111/><W70/><G108/><T68/><D68/><U73/><E73/><V51/><F135/><W117/><G117/><T103/><D133/><U12/><E12/><N who="2" m="4651" /><F106/><W65/><G5/><T120/><D36/><U49/><E102/><V124/><F124/><W43/><G105/><T74/><D74/><U69/><E69/><V71/><F71/><W96/><G80/><T32/><D9/><U18/><E18/><V17/><F31/><W7/><G7/><T134/><D134/><U130/><E130/><V4/><F4/><W27/><G45/><T3/><D3/><U72/><E72/><V59/><F59/><W19/><G70/><T110/><D110/><U1/><E1/><V64/><F64/><W40/><N who="3" m="10240" /><DORA hai="54" /><W123/><G123/><T131/><D131/><U92/><E92/><N who="2" m="56735" /><F44/><W122/><G122/><T0/><D0/><U46/><E90/><V8/><F8/><W112/><G112/><T37/><D37/><U11/><E11/><V30/><F30/><N who="3" m="17711" /><G96/><AGARI ba="0,0" hai="46,48,49,52,55,57,62,63,83,87,88,89,95,96" machi="96" ten="30,12000,1" yaku="7,1,8,1,52,1,54,2" doraHai="101,54" who="1" fromWho="3" sc="289,0,263,120,237,0,211,-120" /><INIT seed="1,1,0,3,5,10" ten="289,383,237,91" oya="1" hai0="135,92,14,2,134,16,67,0,110,4,112,44,18" hai1="32,74,118,36,61,68,116,55,75,58,13,113,17" hai2="86,78,51,133,41,9,60,57,40,1,88,98,131" hai3="54,6,48,132,21,52,30,33,127,24,56,23,26"/><U109/><E32/><V35/><F35/><W117/><G117/><T49/><D112/><U84/><E36/><V15/><F1/><W62/><G132/><N who="0" m="50731" /><D110/><U104/><E104/><V120/><F120/><W125/><G6/><T38/><D38/><U122/><E122/><V63/><F131/><W11/><G11/><N who="0" m="4455" /><D67/><U111/><E113/><V102/><F78/><W105/><G105/><T103/><D103/><U94/><E68/><V91/><F133/><W64/><G54/><N who="0" m="29991" /><D92/><U130/><E130/><V25/><F102/><W99/><G99/><T39/><D39/><U79/><E118/><V45/><F25/><W19/><REACH who="3" step="1"/><G33/><REACH who="3" ten="289,383,237,81" step="2"/><T114/><D114/><U8/><E116/><V90/><F98/><W70/><AGARI ba="1,1" hai="19,21,23,24,26,30,48,52,56,62,64,70,125,127" machi="70" ten="30,12000,2" yaku="1,1,2,1,0,1,54,1,53,2" doraHai="10" doraHaiUra="22" who="3" fromWho="3" sc="289,-31,383,-61,237,-31,81,133" /><INIT seed="2,0,0,4,3,134" ten="258,322,206,214" oya="2" hai0="53,28,61,62,21,130,73,116,100,94,115,111,64" hai1="16,38,57,80,48,65,129,52,70,1,66,2,67" hai2="88,18,125,91,15,84,45,126,82,50,27,124,122" hai3="87,77,54,58,112,25,106,131,120,40,114,119,117"/><V74/><F122/><W11/><G106/><T42/><D115/><N who="3" m="44073" /><G40/><T5/><D130/><U33/><E38/><V75/><F27/><W17/><G131/><T99/><D73/><U97/><E129/><V24/><F24/><W132/><G132/><T56/><D111/><U39/><E39/><V90/><F75/><W13/><G25/><N who="0" m="16431" /><D116/><U32/><E70/><V135/><F74/><W81/><G120/><T133/><D133/><U49/><E49/><AGARI ba="0,0" hai="11,13,17,49,54,58,77,81,87,117,119" m="44073" machi="49" ten="30,1000,0" yaku="11,1" doraHai="134" who="3" fromWho="1" sc="258,0,322,-10,206,0,214,10" /><INIT seed="3,0,0,4,4,98" ten="258,312,206,224" oya="3" hai0="100,125,46,111,17,134,87,50,91,48,78,61,5" hai1="16,9,64,30,95,40,58,86,84,24,106,71,109" hai2="35,135,0,3,18,66,103,63,97,120,90,96,2" hai3="113,124,104,54,85,47,26,31,93,23,119,52,118"/><W14/><G104/><T89/><D111/><U132/><E106/><V108/><F108/><W6/><G113/><T123/><D123/><U73/><E73/><V128/><F120/><W80/><G124/><T114/><D125/><U117/><E71/><V68/><F135/><W122/><G122/><T110/><D134/><U126/><E109/><V21/><F128/><W33/><G93/><T45/><D110/><U29/><E132/><V19/><F35/><W77/><G33/><T41/><D114/><U62/><E126/><V99/><F90/><W76/><G76/><T69/><D5/><U38/><E117/><V75/><F75/><W53/><REACH who="3" step="1"/><G47/><REACH who="3" ten="258,312,206,214" step="2"/><T133/><D133/><U112/><E112/><V4/><F4/><W20/><G20/><T88/><D78/><U32/><E95/><V1/><N who="2" m="512" /><DORA hai="101" /><V127/><F127/><W25/><G25/><T37/><D45/><U57/><E24/><V121/><F121/><W34/><G34/><T115/><D115/><U67/><E32/><V36/><F36/><W83/><G83/><T15/><D37/><U39/><E38/><V70/><F70/><W81/><G81/><T79/><D69/><U129/><E39/><V44/><F44/><W82/><G82/><T60/><D46/><U51/><E129/><V116/><F116/><W65/><G65/><T56/><D79/><U27/><E67/><V59/><F68/><W92/><G92/><T107/><D107/><U43/><E64/><V72/><F72/><W22/><G22/><T28/><D41/><U74/><E43/><V11/><F21/><W12/><G12/><RYUUKYOKU ba="0,1" sc="258,-10,312,-10,206,-10,214,30" hai3="6,14,23,26,31,52,53,54,77,80,85,118,119" /><INIT seed="3,1,1,4,0,84" ten="248,302,196,244" oya="3" hai0="126,70,75,63,72,113,57,74,135,105,6,43,128" hai1="17,80,96,11,21,51,56,35,91,27,24,73,25" hai2="5,121,119,103,16,79,90,13,69,93,45,42,102" hai3="109,107,9,124,41,104,68,65,110,10,61,14,52"/><W94/><G41/><T133/><D105/><U29/><E73/><V129/><F119/><W39/><G39/><T15/><D70/><U62/><E11/><V95/><F69/><W86/><G10/><N who="0" m="4567" /><D43/><U115/><E115/><V47/><F129/><W106/><G124/><T38/><D38/><U97/><E51/><V101/><F79/><W33/><G33/><T100/><D126/><U44/><E44/><N who="2" m="16971" /><F121/><W125/><G125/><T3/><D3/><U4/><E4/><V114/><F114/><W112/><G112/><T53/><D113/><U123/><E27/><V92/><F5/><W60/><G104/><T87/><D100/><U89/><E123/><V46/><N who="2" m="16979" /><V78/><DORA hai="1" /><F78/><W85/><G107/><T58/><D128/><U98/><REACH who="1" step="1"/><E80/><REACH who="1" ten="248,292,196,244" step="2"/><V81/><F42/><W122/><G122/><T108/><D74/><U134/><E134/><V0/><F81/><W8/><G8/><T127/><D127/><U48/><E48/><V116/><F116/><W55/><G9/><T32/><D135/><U88/><E88/><V23/><F0/><W12/><G61/><T111/><D133/><U118/><E118/><V34/><F34/><W99/><G60/><T117/><D117/><U7/><E7/><V28/><F28/><W37/><G37/><T36/><D32/><U59/><E59/><V2/><F2/><W120/><G68/><T22/><D36/><U67/><AGARI ba="1,2" hai="17,21,24,25,29,35,56,62,67,89,91,96,97,98" machi="67" ten="30,8000,1" yaku="1,1,0,1,52,2,53,1" doraHai="84,1" doraHaiUra="64,26" who="1" fromWho="1" sc="248,-21,292,103,196,-21,244,-41" /><INIT seed="4,0,0,2,0,4" ten="227,395,175,203" oya="0" hai0="104,56,83,99,120,91,105,80,49,67,62,111,119" hai1="93,116,65,50,37,14,134,8,101,64,123,124,9" hai2="19,51,16,130,1,22,63,118,36,114,109,29,115" hai3="77,90,60,102,0,121,128,25,69,12,40,41,30"/><T42/><D120/><U31/><E37/><V5/><F36/><W108/><G0/><T86/><D119/><U11/><E123/><V126/><F109/><W135/><G128/><T79/><D111/><U78/><E116/><V55/><F118/><W96/><G135/><T27/><D27/><U45/><E134/><V46/><F130/><W131/><G77/><T21/><D21/><U87/><E31/><V89/><F126/><W66/><G131/><T35/><D35/><U34/><E34/><V32/><F89/><W17/><G90/><T28/><D28/><U125/><E14/><N who="2" m="9495" /><F19/><W24/><G24/><T127/><D127/><N who="1" m="48715" /><E101/><V47/><F63/><W76/><G76/><T113/><D113/><N who="2" m="43018" /><F29/><W58/><G121/><T53/><D42/><N who="1" m="24887" /><E93/><V82/><F32/><W98/><G108/><T103/><D83/><AGARI ba="0,0" hai="8,9,11,64,65,78,83,87" m="24887,48715" machi="83" ten="30,7700,0" yaku="18,1,52,3" doraHai="4" who="1" fromWho="0" sc="227,-77,395,77,175,0,203,0" /><INIT seed="5,0,0,5,5,53" ten="150,472,175,203" oya="1" hai0="87,45,12,79,96,69,117,97,20,15,60,119,6" hai1="40,46,134,107,88,30,116,72,26,133,39,54,43" hai2="86,35,29,63,121,99,109,18,89,36,115,56,34" hai3="114,17,98,27,23,5,73,104,100,92,21,71,57"/><U13/><E72/><V48/><F109/><W106/><G71/><T59/><D69/><U11/><E116/><V0/><F121/><W123/><G114/><T49/><D119/><U68/><E107/><V22/><F36/><W127/><G73/><T77/><D117/><U103/><E103/><V62/><F0/><W58/><G127/><T70/><D70/><U65/><E68/><V52/><F115/><W55/><G5/><T37/><D37/><U102/><E65/><V19/><F99/><W83/><G83/><T85/><D85/><U81/><E102/><V1/><F1/><W8/><G8/><T131/><D131/><U67/><E67/><V25/><F35/><W66/><G123/><T110/><D110/><U61/><E40/><V118/><F118/><W105/><G66/><T129/><D129/><U41/><E41/><V84/><F84/><W111/><G55/><T38/><D38/><U42/><E42/><V90/><F90/><W125/><G125/><T135/><D135/><U3/><E88/><V76/><F76/><W126/><G126/><T75/><D75/><U74/><E74/><V80/><F18/><W16/><REACH who="3" step="1"/><G111/><REACH who="3" ten="150,472,175,193" step="2"/><T28/><D77/><U124/><E124/><V108/><F108/><W112/><G112/><T7/><D79/><U32/><E134/><V122/><F122/><W9/><G9/><T128/><D128/><U44/><E133/><V113/><F113/><W10/><G10/><T50/><D6/><U33/><E11/><V93/><F80/><W2/><G2/><T31/><D7/><U94/><E3/><V4/><F4/><RYUUKYOKU ba="0,1" sc="150,-15,472,-15,175,15,193,15" hai2="19,22,25,29,34,48,52,56,62,63,86,89,93" hai3="16,17,21,23,27,57,58,92,98,100,104,105,106" /><INIT seed="6,1,1,3,1,13" ten="135,457,190,208" oya="2" hai0="86,4,22,26,100,45,60,118,119,84,89,0,50" hai1="55,133,51,124,64,48,79,18,72,6,25,59,33" hai2="95,114,78,39,37,81,15,10,21,16,99,94,108" hai3="12,120,88,117,9,73,101,126,8,77,14,40,28"/><V23/><F114/><W115/><G117/><T132/><D132/><U74/><E133/><V65/><F108/><W110/><G110/><T27/><D100/><U20/><E124/><V42/><F65/><W31/><G120/><T107/><D107/><U34/><E6/><V75/><F94/><W85/><G101/><T66/><D0/><U123/><E123/><V44/><REACH who="2" step="1"/><F39/><REACH who="2" ten="135,457,180,208" step="2"/><W63/><G115/><T47/><D119/><U41/><E64/><V38/><F38/><W19/><G126/><T67/><D118/><U5/><E72/><V49/><F49/><W3/><G73/><T43/><D66/><U53/><E74/><V57/><F57/><W52/><G63/><T71/><D45/><U111/><E59/><V54/><F54/><W105/><G105/><T134/><D134/><U87/><E55/><V82/><F82/><N who="3" m="49207" /><G52/><T130/><D130/><U62/><E53/><V83/><F83/><W112/><G112/><T29/><D4/><U127/><E62/><V109/><F109/><W116/><G116/><T46/><D46/><U2/><E5/><V122/><F122/><W58/><G58/><T1/><D1/><U24/><E2/><V128/><F128/><W92/><G3/><T121/><D121/><U61/><E51/><V76/><F76/><W98/><G77/><T102/><D102/><AGARI ba="1,2" hai="10,15,16,21,23,37,42,44,75,78,81,95,99,102" machi="102" ten="30,12000,1" yaku="1,1,7,1,52,1,54,1,53,1" doraHai="13" doraHaiUra="70" who="2" fromWho="0" sc="135,-123,457,0,180,143,208,0" /><INIT seed="6,2,0,4,4,115" ten="12,457,323,208" oya="2" hai0="58,101,104,63,6,16,99,1,8,4,26,3,108" hai1="21,86,35,69,61,96,14,47,89,88,111,41,83" hai2="28,45,64,118,34,91,75,92,112,65,60,78,97" hai3="44,52,53,5,0,73,93,12,70,81,98,113,106"/><V40/><F118/><W122/><G0/><T30/><D108/><U72/><E35/><V123/><F123/><W135/><G106/><T132/><D132/><U100/><E111/><V125/><F112/><W59/><G70/><T20/><D6/><U77/><E69/><V102/><F125/><W80/><G73/><T50/><D50/><N who="1" m="26991" /><E72/><V56/><F75/><W18/><G135/><T62/><D62/><U87/><E61/><V85/><F78/><W38/><G5/><T49/><D49/><U42/><E42/><V32/><F28/><W68/><G44/><T19/><REACH who="0" step="1"/><D3/><REACH who="0" ten="2,457,323,208" step="2"/><U51/><E51/><V84/><F65/><AGARI ba="2,1" hai="1,4,8,16,19,20,26,30,58,63,65,99,101,104" machi="65" ten="30,7700,0" yaku="1,1,2,1,7,1,54,1,53,0" doraHai="115" doraHaiUra="11" who="0" fromWho="2" sc="2,93,457,0,323,-83,208,0" /><INIT seed="7,0,0,0,3,54" ten="95,457,240,208" oya="3" hai0="62,6,15,94,4,11,130,9,30,56,107,82,74" hai1="70,92,13,81,21,88,51,115,122,101,8,97,104" hai2="47,69,39,2,28,127,27,5,106,31,73,126,12" hai3="1,20,49,132,85,7,29,44,42,91,45,89,123"/><W33/><G33/><T63/><D107/><U3/><E122/><V66/><F106/><W84/><G132/><T93/><D130/><U125/><E70/><V133/><F73/><W131/><G131/><T77/><D62/><U75/><E3/><V114/><F133/><W68/><G68/><T35/><D30/><U105/><E105/><V46/><F2/><W76/><G7/><T41/><D41/><U116/><E116/><V86/><F86/><W0/><G76/><T17/><D35/><U110/><E110/><V108/><F108/><W19/><G29/><N who="2" m="11337" /><F27/><W23/><G123/><T71/><D17/><U100/><E115/><V26/><F26/><W10/><G19/><T48/><D48/><U22/><E125/><N who="2" m="47627" /><F39/><W109/><G109/><T60/><D71/><U16/><E51/><V57/><F69/><W117/><G49/><T59/><D63/><U38/><E38/><V102/><F102/><W34/><G34/><T79/><D79/><N who="1" m="44287" /><E101/><V98/><F98/><W55/><G42/><T37/><D37/><U65/><E65/><V111/><F114/><W112/><G112/><T80/><D80/><U58/><E58/><V95/><F95/><W135/><G135/><T124/><D124/><U96/><E96/><V118/><F118/><W90/><G117/><T103/><D103/><U14/><E14/><V83/><F83/><W61/><G61/><T120/><D120/><U72/><E72/><V113/><F113/><W119/><G119/><T99/><D99/><U67/><E67/><V32/><F32/><W134/><G134/><T52/><D59/><U40/><E100/><RYUUKYOKU ba="0,0" sc="95,30,457,-10,240,-10,208,-10" hai0="4,6,9,11,15,52,56,60,74,77,82,93,94" owari="125,-37.0,447,54.0,230,3.0,198,-20.0" /></mjloggm>