<mjloggm ver="2.3"><GO type="169" lobby="0"/><UN n0="%EF%BD%9E%E5%90%89%E7%95%99%E6%9C%AA%E6%98%A5%EF%BD%9E" n1="%E3%81%BE%E3%81%8A%E3%82%89%E3%82%93" n2="%E3%82%AB%E3%83%A9%E3%82%B9%E3%81%AE%E5%AD%90" n3="%E3%82%AB%E3%83%96%E3%83%88" dan="16,17,16,16" rate="2075.79,2217.40,2082.35,2097.84" sx="M,F,M,M"/><TAIKYOKU oya="0"/><INIT seed="0,0,0,5,3,83" ten="250,250,250,250" oya="0" hai0="60,49,59,38,101,122,95,31,112,115,63,105,26" hai1="123,68,70,42,106,110,37,66,0,113,121,23,100" hai2="32,124,41,3,134,36,39,98,58,103,116,118,5" hai3="75,47,79,16,89,107,99,48,51,44,126,19,67"/><T127/><D122/><U97/><E23/><V114/><F114/><W8/><G126/><T52/><D38/><U54/><E54/><V96/><F124/><W53/><G67/><T11/><D127/><U72/><E113/><V25/><F134/><W57/><G75/><T104/><D11/><U56/><E56/><V76/><F76/><W55/><G79/><T120/><D120/><U10/><E70/><V82/><F82/><W69/><G69/><T21/><D112/><U91/><E91/><V4/><F58/><W88/><G107/><T77/><D77/><U35/><E72/><V62/><F62/><N who="3" m="36143" /><G8/><T61/><REACH who="0" step="1"/><D115/><REACH who="0" ten="240,250,250,250" step="2"/><U50/><E37/><V133/><F39/><W12/><G99/><AGARI ba="0,1" hai="21,26,31,49,52,59,60,61,63,95,99,101,104,105" machi="99" ten="40,7700,0" yaku="1,1,2,1,54,1,53,0" doraHai="83" doraHaiUra="1" who="0" fromWho="3" sc="240,87,250,0,250,0,250,-77" /><INIT seed="0,1,0,3,5,59" ten="327,250,250,173" oya="0" hai0="126,89,78,58,16,125,7,64,92,17,54,42,118" hai1="18,93,91,2,31,127,12,105,53,114,67,77,74" hai2="23,65,32,124,39,100,85,38,117,22,66,21,55" hai3="4,46,135,132,13,96,130,3,49,70,63,112,75"/><T27/><D118/><U110/><E2/><V82/><F124/><N who="0" m="47722" /><D7/><U98/><E127/><V57/><F117/><W36/><G112/><T87/><D78/><U40/><E31/><V103/><F32/><W97/><G36/><T73/><D73/><U20/><E40/><V37/><F66/><W56/><G70/><T116/><D42/><U35/><E35/><V28/><F65/><W5/><G3/><T41/><D41/><U69/><E105/><V109/><F28/><W121/><G75/><T44/><D116/><U14/><E53/><V25/><F25/><W81/><G121/><T29/><D44/><U128/><E114/><V1/><F109/><W94/><G81/><T122/><D64/><U30/><E30/><V102/><F1/><W95/><G130/><T119/><D122/><U48/><E14/><V71/><F71/><W15/><G46/><T88/><D89/><U33/><E77/><V26/><F26/><W6/><G49/><N who="0" m="31055" /><D119/><U0/><E48/><V113/><F113/><W84/><G84/><T99/><D87/><U45/><E0/><V120/><F120/><W106/><G5/><T134/><D134/><U129/><E45/><V51/><F85/><W101/><G101/><T34/><AGARI ba="1,0" hai="16,17,27,29,34,88,92,99" m="31055,47722" machi="34" ten="30,6000,0" yaku="18,1,54,2" doraHai="59" who="0" fromWho="0" sc="327,63,250,-21,250,-21,173,-21" /><INIT seed="0,2,0,1,2,124" ten="390,229,229,152" oya="0" hai0="88,112,115,61,43,103,125,131,94,78,99,118,133" hai1="44,40,25,34,98,69,93,101,76,4,79,90,9" hai2="67,21,49,8,22,84,122,97,95,30,15,6,128" hai3="100,3,0,75,18,83,71,29,27,59,36,56,132"/><T72/><D118/><U135/><E69/><V64/><F122/><W31/><G71/><T107/><D43/><U65/><E65/><N who="2" m="25163" /><F128/><W80/><G36/><T54/><D125/><U46/><E135/><V70/><F70/><W106/><G132/><T130/><D54/><U47/><E40/><V37/><F37/><W20/><G106/><T26/><D26/><U19/><E19/><V121/><F121/><W1/><G100/><T11/><D11/><U116/><E116/><V32/><F32/><W39/><G39/><T74/><D61/><U13/><REACH who="1" step="1"/><E101/><REACH who="1" ten="390,219,229,152" step="2"/><V92/><F30/><AGARI ba="2,1" hai="4,9,13,25,30,34,44,46,47,76,79,90,93,98" machi="30" ten="40,2600,0" yaku="1,1,2,1,53,0" doraHai="124" doraHaiUra="120" who="1" fromWho="2" sc="390,0,219,42,229,-32,152,0" /><INIT seed="1,0,0,2,1,64" ten="390,261,197,152" oya="1" hai0="31,95,132,16,89,82,58,67,124,29,121,14,63" hai1="92,39,108,98,135,101,41,130,1,55,47,34,10" hai2="133,30,54,128,71,134,69,9,40,90,46,83,127" hai3="52,17,117,65,106,23,80,6,7,75,114,70,76"/><U15/><E34/><V20/><F127/><W25/><G114/><T8/><D132/><N who="2" m="50794" /><F128/><W22/><G106/><T35/><D124/><U66/><E135/><V18/><F30/><W109/><G109/><T2/><D121/><U119/><E1/><V27/><F54/><W37/><G37/><T32/><D2/><U122/><E122/><V57/><F57/><W111/><G111/><T28/><REACH who="0" step="1"/><D82/><REACH who="0" ten="380,261,197,152" step="2"/><U42/><E108/><V50/><F9/><W120/><G120/><T51/><D51/><U112/><E112/><V36/><F36/><W115/><G115/><T99/><AGARI ba="0,1" hai="8,14,16,28,29,31,32,35,58,63,67,89,95,99" machi="99" ten="30,7900,0" yaku="1,1,0,1,54,1,53,1" doraHai="64" doraHaiUra="12" who="0" fromWho="0" sc="380,89,261,-39,197,-20,152,-20" /><INIT seed="2,0,0,0,5,40" ten="469,222,177,132" oya="2" hai0="54,111,88,134,55,98,65,41,85,66,71,42,74" hai1="79,18,80,48,81,6,12,33,110,102,112,34,124" hai2="2,31,49,22,53,119,128,113,107,90,29,23,20" hai3="70,39,32,19,50,26,117,38,28,7,3,15,120"/><V78/><F119/><W121/><G117/><T109/><D74/><U37/><E37/><V108/><F113/><W35/><G70/><T114/><D98/><U73/><E112/><V51/><F128/><W89/><G35/><T4/><D114/><U96/><E6/><V60/><F107/><W44/><G89/><T101/><D101/><U87/><E124/><V24/><F2/><W58/><G58/><T104/><D104/><U16/><E18/><V133/><F133/><W76/><G76/><T125/><D4/><U103/><E103/><V13/><F108/><N who="0" m="41546" /><D125/><U86/><E73/><V132/><F132/><W47/><G39/><T82/><D134/><U30/><E30/><V72/><F13/><W64/><G64/><N who="0" m="24683" /><D71/><U135/><E135/><V9/><F9/><N who="3" m="2303" /><G38/><T92/><D92/><N who="1" m="58631" /><E34/><V17/><F90/><W52/><G47/><T8/><D8/><N who="1" m="6151" /><E33/><V83/><F31/><W91/><G91/><T10/><D10/><U126/><E126/><V68/><F68/><W56/><G56/><T75/><D75/><U99/><E110/><V63/><F29/><W67/><G67/><T5/><D5/><U94/><E94/><V59/><F17/><W14/><G14/><T123/><D123/><U69/><E69/><V43/><REACH who="2" step="1"/><F24/><REACH who="2" ten="469,222,167,132" step="2"/><W11/><G121/><T129/><D129/><U115/><E115/><V36/><F36/><W0/><G120/><T122/><D122/><U97/><E79/><V25/><F25/><W46/><G0/><T1/><D1/><U57/><E97/><V116/><F116/><W61/><G11/><T95/><D95/><U93/><E93/><RYUUKYOKU ba="0,1" sc="469,15,222,-15,167,15,132,-15" hai0="41,42,54,55,82,85,88" hai2="20,22,23,43,49,51,53,59,60,63,72,78,83" /><INIT seed="2,1,1,3,3,61" ten="484,207,182,117" oya="2" hai0="18,20,88,91,6,17,25,40,57,0,50,48,38" hai1="7,19,55,68,96,86,83,74,100,99,44,33,8" hai2="78,131,76,95,113,11,90,105,77,35,15,92,85" hai3="73,13,53,66,63,118,104,117,43,30,12,119,41"/><V120/><F35/><W26/><G73/><T94/><D38/><U52/><E74/><V4/><F120/><W115/><G115/><T107/><D107/><U21/><E68/><V58/><F105/><W59/><G104/><T1/><D91/><U106/><E33/><V46/><F113/><W36/><G36/><T47/><D6/><U87/><E99/><V69/><F69/><W72/><G72/><T114/><D114/><U89/><E86/><V56/><F131/><W16/><G53/><T79/><D79/><U34/><E34/><V97/><REACH who="2" step="1"/><F46/><REACH who="2" ten="484,207,172,117" step="2"/><W102/><G118/><T32/><D32/><U135/><E44/><V23/><F23/><W5/><G117/><T71/><D71/><U42/><E21/><V127/><F127/><W111/><G119/><T64/><D20/><U124/><E124/><V133/><F133/><W75/><G111/><T37/><D47/><U51/><E135/><V126/><F126/><W122/><G122/><T24/><D24/><U22/><E22/><V121/><F121/><W134/><G134/><T31/><D25/><U93/><E106/><V49/><F49/><W101/><G26/><T27/><D50/><U116/><E51/><V108/><F108/><W128/><G128/><T129/><D48/><U28/><E116/><V84/><F84/><W45/><G45/><T132/><D27/><U60/><E87/><V9/><F9/><N who="3" m="4143" /><G75/><T2/><D132/><U109/><E109/><V130/><F130/><W112/><G112/><T81/><D129/><U29/><E8/><V82/><F82/><W39/><G43/><T98/><D40/><RYUUKYOKU ba="1,2" sc="484,-10,207,-10,172,30,117,-10" hai2="4,11,15,56,58,76,77,78,85,90,92,95,97" /><INIT seed="2,2,2,5,1,132" ten="474,197,202,107" oya="2" hai0="33,84,81,105,53,25,30,115,49,106,103,134,79" hai1="58,23,117,22,86,133,111,47,32,71,128,100,48" hai2="121,14,42,89,104,113,85,72,37,15,35,123,108" hai3="28,34,41,80,16,76,94,4,74,116,109,2,27"/><V6/><F113/><W1/><G116/><T38/><D115/><U20/><E32/><V54/><F104/><W5/><G109/><T59/><D38/><U120/><E71/><V60/><F35/><W78/><G78/><T44/><D134/><U51/><E117/><V64/><F108/><W70/><G70/><T135/><D135/><U91/><E111/><V63/><F72/><W119/><G119/><T124/><D124/><U36/><E133/><V8/><F42/><W95/><G41/><T129/><D129/><U97/><E128/><V126/><F37/><W52/><G16/><T69/><D69/><U118/><E118/><V46/><F126/><W90/><G95/><T127/><D127/><U17/><E36/><V88/><F89/><W13/><G13/><T29/><D30/><U50/><E58/><V99/><F99/><W10/><G52/><T39/><D103/><U107/><E120/><V12/><F123/><W75/><G75/><T122/><D122/><U9/><E9/><V55/><F121/><W125/><G125/><T101/><D101/><U56/><E56/><N who="2" m="36967" /><F60/><W65/><G65/><T114/><D114/><U96/><E96/><V26/><F26/><W31/><G31/><T21/><D33/><U67/><E67/><V112/><F112/><W11/><G94/><T83/><D81/><N who="1" m="49615" /><E47/><V40/><F55/><W131/><REACH who="3" step="1"/><G90/><REACH who="3" ten="474,197,202,97" step="2"/><T57/><D106/><U24/><E107/><V93/><F40/><W77/><G77/><T43/><D105/><N who="1" m="63631" /><E17/><V73/><F73/><W0/><G0/><T7/><D7/><U130/><E130/><AGARI ba="2,3" hai="1,2,4,5,10,11,27,28,34,74,76,80,130,131" machi="130" ten="40,8000,1" yaku="1,1,9,1,23,2,53,0" doraHai="132" doraHaiUra="82" who="3" fromWho="1" sc="474,0,197,-86,202,0,97,116" /><INIT seed="3,0,0,3,0,125" ten="474,111,202,213" oya="3" hai0="62,57,93,126,116,71,72,87,16,123,134,78,12" hai1="113,55,24,10,65,68,133,66,80,108,61,70,103" hai2="1,31,49,63,109,98,106,38,32,121,42,45,8" hai3="21,14,18,53,86,79,107,90,67,112,76,36,19"/><W81/><G112/><T95/><D123/><U40/><E113/><V82/><F121/><W74/><G107/><T73/><D116/><U101/><E108/><V58/><F109/><W69/><G36/><T104/><D71/><U91/><E133/><V122/><F122/><W48/><G74/><T60/><D104/><U35/><E40/><V94/><F106/><W110/><G110/><T96/><D126/><U83/><E10/><V28/><F38/><W39/><G39/><T26/><D26/><U117/><E55/><V11/><F82/><W132/><G132/><T97/><D134/><U13/><E13/><V129/><F129/><W100/><G100/><T52/><D73/><U111/><E111/><V9/><F32/><W44/><G69/><T50/><D72/><U15/><E15/><V115/><F1/><W30/><G67/><T102/><D87/><U17/><E117/><V114/><F114/><W20/><REACH who="3" step="1"/><G30/><REACH who="3" ten="474,111,202,203" step="2"/><T22/><D78/><U41/><E66/><N who="2" m="39287" /><F115/><W85/><G85/><T27/><D12/><AGARI ba="0,1" hai="12,14,18,19,20,21,44,48,53,76,79,81,86,90" machi="12" ten="30,11600,0" yaku="1,1,7,1,9,1,8,1,53,0" doraHai="125" doraHaiUra="3" who="3" fromWho="0" sc="474,-116,111,0,202,0,203,126" /><INIT seed="3,1,0,0,0,5" ten="358,111,202,329" oya="3" hai0="82,65,61,72,98,13,132,126,41,1,60,135,109" hai1="100,91,20,15,52,3,99,128,114,54,108,8,30" hai2="107,104,40,43,113,110,130,122,93,27,103,62,131" hai3="78,35,51,88,7,6,18,127,39,24,83,111,124"/><W85/><G39/><T87/><D1/><U11/><E3/><V66/><F113/><W38/><G38/><T16/><D72/><U48/><E114/><V36/><F36/><W74/><G111/><T25/><D109/><U106/><E108/><V14/><F110/><W28/><G18/><T129/><D41/><U45/><E128/><V49/><F122/><W9/><G51/><T119/><D119/><U86/><E54/><V121/><F121/><W92/><REACH who="3" step="1"/><G6/><REACH who="3" ten="358,111,202,319" step="2"/><T123/><D123/><U4/><E4/><V118/><F49/><W21/><G21/><T12/><D129/><U19/><E30/><V105/><F131/><W59/><G59/><T134/><D61/><U117/><E117/><V70/><F130/><W0/><AGARI ba="1,1" hai="0,7,9,24,28,35,74,78,83,85,88,92,124,127" machi="0" ten="30,11700,0" yaku="1,1,0,1,52,1,54,1,53,0" doraHai="5" doraHaiUra="101" who="3" fromWho="3" sc="358,-40,111,-40,202,-40,319,130" /><INIT seed="3,2,0,4,5,88" ten="318,71,162,449" oya="3" hai0="116,82,59,21,63,0,93,51,12,130,26,94,79" hai1="33,72,112,102,5,117,11,6,23,71,132,120,28" hai2="107,14,2,3,57,104,125,40,76,70,32,111,134" hai3="62,101,58,121,25,18,68,122,39,114,73,4,66"/><W83/><G114/><T10/><D116/><U1/><E102/><V31/><F111/><W99/><G39/><T96/><D130/><U127/><E23/><V69/><F125/><W74/><G4/><N who="0" m="3143" /><D0/><U129/><E11/><V44/><F134/><W91/><G68/><T105/><D105/><U87/><E87/><V103/><F103/><W22/><G74/><T8/><D8/><U35/><E28/><V50/><F76/><W38/><G38/><T53/><D51/><U135/><E6/><V16/><F31/><W34/><G34/><T97/><D82/><U46/><E46/><V15/><F32/><W131/><G131/><T43/><D43/><U29/><E29/><V67/><F69/><W89/><G89/><T90/><D79/><U113/><E5/><V86/><F70/><W106/><REACH who="3" step="1"/><G91/><REACH who="3" ten="318,71,162,439" step="2"/><T84/><D94/><U119/><E33/><V48/><F107/><W52/><G52/><T78/><D78/><AGARI ba="2,1" hai="18,22,25,58,62,66,73,78,83,99,101,106,121,122" machi="78" ten="40,3900,0" yaku="1,1,53,1" doraHai="88" doraHaiUra="77" who="3" fromWho="0" sc="318,-45,71,0,162,0,439,55" /><INIT seed="3,3,0,1,3,97" ten="273,71,162,494" oya="3" hai0="68,108,77,63,16,56,4,93,57,135,20,33,69" hai1="32,36,119,116,95,55,131,30,24,100,89,13,37" hai2="34,120,105,86,21,130,106,82,74,127,22,113,19" hai3="50,111,59,76,92,125,107,40,23,112,98,118,104"/><W38/><G118/><N who="1" m="45098" /><E131/><V94/><F113/><W62/><G112/><T49/><D108/><U18/><E55/><V51/><F130/><W44/><G125/><T5/><D135/><U85/><E100/><V60/><F127/><W17/><G76/><T75/><D33/><U70/><E70/><V114/><F114/><W48/><G111/><T96/><D77/><U45/><E45/><V0/><F0/><W58/><G48/><T101/><D75/><U72/><E72/><V103/><F34/><W3/><G3/><T61/><D69/><U9/><AGARI ba="3,0" hai="9,13,18,24,30,32,36,37,85,89,95" m="45098" machi="9" ten="30,1100,0" yaku="12,1" doraHai="97" who="1" fromWho="1" sc="273,-6,71,20,162,-6,494,-8" /><INIT seed="4,0,0,1,5,21" ten="267,91,156,486" oya="0" hai0="120,46,109,52,28,114,104,76,31,80,130,33,105" hai1="45,127,78,14,118,125,85,124,61,3,86,74,126" hai2="79,20,108,68,43,112,77,62,57,37,128,10,29" hai3="47,35,113,82,19,7,133,54,101,67,17,2,103"/><T1/><D120/><U89/><N who="1" m="31744" /><DORA hai="55" /><U50/><E3/><V95/><F108/><W87/><G35/><T111/><D114/><U99/><E118/><V106/><F112/><W11/><G133/><T18/><D130/><U22/><E74/><V73/><F128/><W0/><G0/><T64/><D1/><U107/><E78/><V75/><F106/><W97/><G67/><T110/><D64/><U84/><E61/><V34/><F34/><W115/><G47/><T131/><D131/><U40/><E99/><V24/><F68/><W39/><G39/><T69/><D69/><U63/><E107/><N who="0" m="41033" /><D18/><U6/><E22/><V65/><F75/><W90/><G19/><T92/><D92/><U8/><REACH who="1" step="1"/><E63/><REACH who="1" ten="267,81,156,486" step="2"/><V16/><F73/><W44/><G2/><T81/><D33/><U129/><E129/><V5/><F77/><W59/><G113/><T32/><D32/><U134/><E134/><V56/><F79/><W41/><G115/><T4/><D76/><U116/><E116/><V42/><F62/><W117/><G117/><T23/><D23/><U9/><E9/><V91/><F10/><W49/><G11/><T83/><D4/><U94/><AGARI ba="0,1" hai="6,8,14,40,45,50,84,85,86,89,94" m="31744" machi="94" ten="60,7900,0" yaku="1,1,0,1,18,1,53,0" doraHai="21,55" doraHaiUra="100,27" who="1" fromWho="1" sc="267,-39,81,89,156,-20,486,-20" /><INIT seed="5,0,0,4,0,88" ten="228,170,136,466" oya="1" hai0="30,7,32,92,20,9,101,94,129,6,116,89,82" hai1="99,128,135,59,106,44,56,65,75,84,58,54,103" hai2="85,80,41,3,86,21,43,2,126,16,76,91,77" hai3="133,40,96,48,23,130,62,42,66,5,24,114,55"/><U45/><E75/><V10/><F126/><W53/><G5/><T72/><D116/><U95/><E128/><V102/><F77/><W22/><G130/><T115/><D72/><U26/><E65/><V17/><F102/><W37/><G133/><T47/><D129/><U132/><E26/><V46/><F10/><W79/><G79/><T29/><D115/><U73/><E73/><V117/><F117/><W69/><G114/><T104/><D32/><U121/><E121/><V28/><F28/><N who="0" m="10858" /><D104/><U113/><E113/><V127/><F127/><W97/><G55/><T78/><D47/><U120/><E120/><V52/><F41/><W13/><G13/><T61/><D61/><U36/><E54/><V0/><F21/><W83/><G83/><T15/><D20/><U131/><E131/><V100/><F100/><W60/><G60/><T8/><D101/><U87/><E106/><V124/><F124/><W119/><G22/><T25/><D25/><U49/><E49/><V33/><F33/><W63/><G63/><T90/><D78/><U27/><E27/><V107/><F107/><W81/><G119/><T112/><D112/><U11/><E11/><N who="0" m="4169" /><D15/><U108/><E108/><V12/><F12/><W70/><G70/><T19/><D19/><U93/><E44/><V74/><F74/><W71/><G71/><T125/><D82/><U35/><E35/><V31/><F31/><N who="3" m="17823" /><G81/><T110/><D110/><U50/><E132/><V18/><F52/><W64/><G53/><T38/><D38/><U1/><E135/><V111/><F111/><W118/><G37/><T57/><D125/><RYUUKYOKU ba="0,0" sc="228,0,170,0,136,0,466,0" /><INIT seed="6,1,0,2,0,55" ten="228,170,136,466" oya="2" hai0="44,99,11,38,124,95,69,103,34,33,10,21,42" hai1="127,97,57,62,120,41,72,54,58,6,89,19,132" hai2="75,35,17,109,53,39,56,9,78,129,30,37,104" hai3="60,116,43,80,67,66,2,52,105,122,5,112,107"/><V96/><F129/><W93/><G116/><T29/><D69/><U31/><E72/><V14/><F109/><W20/><G122/><T59/><D124/><U130/><E127/><V4/><F78/><W106/><G43/><T123/><D123/><U16/><E120/><V70/><F75/><W118/><G118/><T90/><D11/><U8/><E41/><V25/><F70/><W1/><G112/><T94/><D10/><U134/><E31/><V49/><REACH who="2" step="1"/><F4/><REACH who="2" ten="228,170,126,466" step="2"/><W3/><G5/><T63/><D34/><U40/><E130/><V125/><F125/><W86/><G1/><T26/><D33/><U92/><E132/><V133/><F133/><W131/><G2/><T27/><D90/><U0/><E134/><V114/><F114/><W51/><G3/><T22/><D103/><AGARI ba="1,1" hai="9,14,17,25,30,35,37,39,49,53,56,96,103,104" machi="103" ten="40,3900,0" yaku="1,1,52,1,53,0" doraHai="55" doraHaiUra="91" who="2" fromWho="0" sc="228,-42,170,0,126,52,466,0" /><INIT seed="6,2,0,1,2,119" ten="186,170,178,466" oya="2" hai0="120,20,91,133,32,92,125,2,4,52,38,78,37" hai1="5,40,34,50,112,73,49,39,64,1,84,7,80" hai2="115,45,105,134,3,74,29,93,42,121,96,116,55" hai3="31,17,100,53,135,101,19,126,70,21,36,127,12"/><V68/><F116/><W44/><G70/><T58/><D120/><U8/><E34/><V71/><F121/><W90/><G31/><T43/><D32/><U83/><E7/><V62/><F134/><W94/><G135/><T113/><D133/><U130/><E64/><V16/><F3/><W13/><G36/><T111/><D78/><N who="1" m="44111" /><E112/><V27/><F74/><W75/><G75/><T24/><D111/><U129/><E84/><V103/><F115/><W60/><G44/><T23/><D113/><U82/><E82/><V6/><F6/><W132/><G132/><T72/><D72/><U86/><E50/><V61/><F105/><W124/><G53/><T95/><D43/><U114/><E49/><V85/><F85/><N who="3" m="52559" /><G60/><N who="0" m="35911" /><D95/><U107/><E107/><V106/><F106/><W104/><G104/><T30/><D23/><AGARI ba="2,0" hai="12,13,17,19,21,23,100,101,124,126,127" m="52559" machi="23" ten="30,1000,0" yaku="18,1" doraHai="119" who="3" fromWho="0" sc="186,-16,170,0,178,0,466,16" /><INIT seed="7,0,0,0,2,2" ten="170,170,178,482" oya="3" hai0="117,22,3,95,49,48,122,71,8,111,33,30,50" hai1="133,124,80,34,100,126,35,130,120,101,98,28,67" hai2="15,16,86,73,58,78,134,55,109,14,107,82,13" hai3="135,63,37,56,11,108,39,61,87,89,54,1,27"/><W41/><G135/><T110/><D122/><U116/><E120/><V104/><F109/><W38/><G108/><T25/><D71/><U43/><E133/><V47/><F134/><W10/><G41/><T68/><D117/><U85/><E116/><V4/><F107/><W31/><G61/><T64/><D64/><U69/><E130/><V127/><F104/><W29/><G1/><T5/><D68/><U91/><E43/><V32/><F32/><W9/><G27/><T76/><D76/><U97/><E97/><V62/><F127/><N who="1" m="48681" /><E28/><V118/><F118/><W84/><G84/><T40/><D40/><U106/><E100/><V96/><F73/><W51/><G63/><AGARI ba="0,0" hai="34,35,63,67,69,80,85,91,98,101,106" m="48681" machi="63" ten="30,1000,0" yaku="18,1" doraHai="2" who="1" fromWho="3" sc="170,0,170,10,178,0,482,-10" owari="170,-33.0,180,-2.0,178,-22.0,472,57.0" /></mjloggm>