<mjloggm ver="2.3"><GO type="169" lobby="0"/><UN n0="%63%68%61%6E%6E%79%75%75" n1="%68%61%79%61%74%6F%E2%98%86" n2="%E3%82%8A%E3%81%8D%E3%81%96%E3%81%84%E3%82%8B%E2%98%86" n3="%6E%61%6E%6E%61%6E%79%61" dan="16,17,16,16" rate="2098.29,2182.37,2077.81,2083.77" sx="M,M,F,M"/><TAIKYOKU oya="0"/><INIT seed="0,0,0,2,4,71" ten="250,250,250,250" oya="0" hai0="103,0,107,83,110,132,53,128,41,22,26,3,24" hai1="55,82,104,70,33,37,114,48,31,76,121,99,125" hai2="122,52,54,73,44,4,39,61,59,6,45,35,95" hai3="79,102,130,2,28,120,118,81,58,9,46,16,90"/><T68/><D68/><U98/><E125/><V13/><F122/><W14/><G120/><T109/><D128/><U84/><E70/><V72/><F35/><W113/><G130/><T105/><D41/><U66/><E114/><V15/><F95/><W87/><G118/><T78/><D53/><U40/><E66/><V108/><F59/><W89/><G2/><N who="0" m="555" /><D103/><U60/><E60/><V116/><F61/><W21/><G113/><T131/><D131/><U112/><E104/><N who="0" m="40009" /><D22/><U129/><E112/><V94/><F94/><W42/><G58/><T38/><D132/><U62/><E62/><V106/><F106/><W101/><G101/><T64/><D64/><U20/><E20/><V47/><F47/><W96/><G21/><T126/><D126/><U32/><E129/><V85/><F85/><W56/><G28/><T34/><D38/><U5/><E5/><V127/><F127/><W67/><G102/><T23/><D23/><U25/><E32/><V135/><F135/><W117/><G117/><T51/><D51/><U92/><E92/><V63/><F63/><N who="3" m="38375" /><G96/><T124/><D124/><U86/><E121/><V12/><F12/><W29/><G29/><N who="0" m="19751" /><D26/><U75/><E99/><V134/><F134/><W115/><G115/><T18/><D18/><U69/><E98/><V30/><F116/><W57/><G57/><T100/><D100/><U8/><E69/><V80/><F30/><W111/><G90/><T50/><D50/><U133/><E133/><V123/><F123/><W17/><G89/><T36/><D36/><U119/><E31/><V77/><F39/><N who="3" m="21855" /><G17/><T88/><D88/><RYUUKYOKU ba="0,0" sc="250,15,250,-15,250,-15,250,15" hai0="78,83,109,110" hai3="9,14,16,79,81,87,111" /><INIT seed="0,1,0,0,0,23" ten="265,235,235,265" oya="0" hai0="64,122,46,110,34,70,62,90,60,25,88,65,53" hai1="16,12,69,71,114,7,124,94,99,130,103,14,134" hai2="44,75,51,95,118,96,18,86,116,123,58,117,40" hai3="17,30,32,127,27,133,2,48,128,50,98,107,106"/><T102/><D122/><U80/><E114/><V26/><F75/><W121/><G2/><T59/><D110/><U0/><E124/><V35/><F123/><W20/><G121/><T81/><D81/><U92/><E130/><V83/><F58/><W56/><G128/><T21/><D34/><U19/><E134/><V89/><F18/><W24/><G133/><T101/><D46/><U57/><E0/><V43/><F43/><W108/><G108/><T79/><D79/><U85/><E92/><V126/><F126/><W111/><G127/><T93/><D53/><U68/><E57/><V131/><F131/><W15/><G111/><T119/><D119/><U41/><E41/><V22/><F35/><W82/><G82/><T3/><D3/><U109/><E109/><V9/><F9/><W47/><G56/><T54/><D54/><U61/><E61/><V8/><F8/><W76/><G76/><T91/><REACH who="0" step="1"/><D93/><REACH who="0" ten="255,235,235,265" step="2"/><U45/><E45/><V73/><F73/><W38/><G47/><T77/><D77/><U74/><E74/><V42/><F42/><W67/><G32/><T104/><D104/><U10/><REACH who="1" step="1"/><E12/><REACH who="1" ten="255,225,235,265" step="2"/><V4/><F117/><W112/><G15/><T37/><D37/><U11/><E11/><V72/><F118/><W125/><G38/><T87/><D87/><U66/><E66/><V49/><F116/><W28/><G67/><T6/><D6/><U113/><E113/><V5/><F72/><W120/><G112/><T29/><AGARI ba="1,2" hai="21,25,29,59,60,62,64,65,70,88,90,91,101,102" machi="29" ten="30,11700,0" yaku="1,1,0,1,52,1,54,1,53,0" doraHai="23" doraHaiUra="31" who="0" fromWho="0" sc="255,140,225,-40,235,-40,265,-40" /><INIT seed="0,2,0,0,4,63" ten="395,185,195,225" oya="0" hai0="1,31,117,121,67,125,64,92,105,33,23,54,8" hai1="129,52,99,103,102,106,128,36,101,116,98,37,7" hai2="75,77,135,39,68,115,94,51,28,78,61,119,6" hai3="110,53,104,88,47,82,21,130,96,55,43,79,30"/><T9/><D105/><U44/><E7/><V134/><F39/><W50/><G110/><T32/><D117/><U46/><E106/><V35/><F115/><W114/><G130/><N who="1" m="50282" /><E116/><V131/><F131/><W2/><G2/><T107/><D107/><U85/><E85/><V27/><F119/><W49/><G114/><T87/><D121/><U127/><E127/><V40/><F6/><W0/><G0/><T57/><D33/><U60/><E60/><V22/><F94/><W66/><G104/><T100/><D32/><U38/><E52/><V3/><F3/><W84/><G96/><AGARI ba="2,0" hai="36,37,38,44,46,96,98,99,101,102,103" m="50282" machi="96" ten="40,5200,0" yaku="28,2,19,1" doraHai="63" who="1" fromWho="3" sc="395,0,185,58,195,0,225,-58" /><INIT seed="1,0,0,0,0,69" ten="395,243,195,167" oya="1" hai0="8,75,37,25,84,58,103,61,97,128,74,102,2" hai1="106,39,79,101,100,124,27,113,67,42,131,68,76" hai2="78,43,29,24,26,121,7,63,22,9,82,16,120" hai3="108,94,126,112,35,135,133,47,15,107,109,48,38"/><U20/><E113/><V62/><F43/><W36/><G107/><T65/><D103/><U92/><E106/><V119/><F119/><W127/><G35/><T57/><D37/><N who="3" m="14441" /><G112/><T19/><D128/><U28/><E68/><V54/><F120/><W87/><G15/><T83/><D2/><U14/><E67/><V98/><F98/><W77/><G94/><T129/><D129/><U32/><E131/><V11/><F121/><W1/><G87/><T5/><D5/><U53/><E53/><V110/><F110/><N who="3" m="42603" /><G77/><T93/><D25/><U104/><E92/><V72/><F7/><W134/><G1/><T105/><D19/><U90/><E104/><V91/><F91/><W51/><G51/><T88/><D8/><U64/><E76/><V125/><F125/><W33/><G33/><T114/><D114/><U95/><E79/><V85/><F72/><W80/><G80/><T111/><D111/><U123/><E124/><V6/><F6/><W55/><AGARI ba="0,0" hai="47,48,55,126,127,133,134,135" m="42603,14441" machi="55" ten="40,12000,2" yaku="20,1,14,1,34,2,52,3" doraHai="69" who="3" fromWho="3" sc="395,-30,243,-60,195,-30,167,120" /><INIT seed="2,0,0,5,0,22" ten="365,183,165,287" oya="2" hai0="55,41,110,71,92,116,77,46,62,119,73,129,26" hai1="7,127,80,32,43,14,8,84,1,98,67,108,90" hai2="99,56,63,128,101,72,27,11,44,6,88,100,83" hai3="115,106,75,48,2,34,18,91,9,54,64,132,28"/><V126/><F126/><W33/><G106/><T59/><D110/><U24/><E127/><V96/><F128/><W105/><G105/><T114/><D129/><U50/><E108/><V10/><F44/><W87/><G75/><T20/><D71/><U76/><E67/><V79/><F27/><W89/><G64/><T93/><D77/><U5/><E5/><V69/><F69/><W133/><G115/><T38/><D73/><U42/><E1/><V4/><F4/><W86/><G2/><T95/><REACH who="0" step="1"/><D114/><REACH who="0" ten="355,183,165,287" step="2"/><U53/><E76/><V12/><F11/><W117/><G9/><T131/><D131/><U47/><REACH who="1" step="1"/><E98/><REACH who="1" ten="355,173,165,287" step="2"/><V120/><F96/><W17/><G133/><T39/><D39/><U68/><E68/><V123/><F123/><W3/><G132/><T16/><AGARI ba="0,2" hai="16,20,26,38,41,46,55,59,62,92,93,95,116,119" machi="16" ten="30,7900,0" yaku="1,1,0,1,52,1,54,1,53,0" doraHai="22" doraHaiUra="45" who="0" fromWho="0" sc="355,99,173,-20,165,-39,287,-20" /><INIT seed="3,0,0,2,4,130" ten="454,153,126,267" oya="3" hai0="24,116,10,107,37,105,38,99,128,79,13,62,115" hai1="55,41,67,119,100,101,106,82,19,14,50,22,57" hai2="95,98,8,88,25,110,18,7,134,129,92,31,51" hai3="65,120,77,33,127,97,29,109,117,89,60,103,43"/><W114/><G114/><T87/><D116/><U68/><E119/><V61/><F129/><W121/><G117/><T12/><D24/><U5/><E106/><V96/><F110/><W9/><G109/><T45/><D62/><U125/><E125/><V2/><F134/><W78/><G127/><T86/><D99/><U40/><E68/><V93/><F18/><W71/><G89/><T23/><D23/><U70/><E70/><V124/><F124/><W83/><G9/><T16/><D16/><U46/><E82/><V123/><F123/><W39/><G43/><N who="1" m="16458" /><E5/><V56/><F51/><W48/><G48/><T64/><D10/><U27/><E27/><V34/><REACH who="2" step="1"/><F98/><REACH who="2" ten="454,153,116,267" step="2"/><W122/><G122/><T75/><D128/><U35/><E35/><V6/><F6/><W85/><G121/><T108/><D108/><U132/><E132/><V32/><F32/><W42/><G33/><T126/><D126/><U131/><E131/><V11/><F11/><W66/><G120/><T81/><D115/><U28/><E28/><V17/><F17/><W15/><G29/><T118/><D118/><U76/><E50/><V94/><F94/><W21/><G97/><T3/><D37/><U53/><E19/><V47/><F47/><W73/><G39/><T135/><D45/><U90/><E46/><V54/><AGARI ba="0,1" hai="2,7,8,25,31,34,54,56,61,88,92,93,95,96" machi="54" ten="20,5200,0" yaku="1,1,0,1,7,1,54,1,53,0" doraHai="130" doraHaiUra="113" who="2" fromWho="2" sc="454,-13,153,-13,116,62,267,-26" /><INIT seed="4,0,0,3,1,24" ten="441,140,178,241" oya="0" hai0="73,123,14,50,98,112,36,128,27,12,3,63,62" hai1="104,59,47,125,19,0,97,92,41,83,71,82,89" hai2="111,4,121,114,115,51,116,120,52,75,21,33,48" hai3="70,64,94,34,40,109,124,96,9,16,54,129,80"/><T38/><D3/><U68/><E0/><V2/><F33/><W55/><G109/><T42/><D27/><U45/><E104/><V101/><F75/><W87/><G129/><T1/><D1/><U69/><E125/><V133/><F111/><W78/><G34/><T91/><D98/><U66/><E19/><V30/><F133/><W35/><G35/><T119/><D91/><U57/><E66/><V118/><F101/><W113/><G124/><T130/><D73/><U18/><E18/><V77/><F77/><W60/><G40/><T126/><D42/><U108/><E108/><V53/><F4/><W84/><G84/><T85/><D85/><U25/><E25/><N who="2" m="16687" /><F2/><W6/><G6/><T29/><D126/><U44/><REACH who="1" step="1"/><E41/><REACH who="1" ten="441,130,178,241" step="2"/><V37/><F120/><W11/><G16/><T31/><D123/><U49/><E49/><N who="2" m="19019" /><F121/><W32/><G64/><T88/><D50/><U61/><E61/><V26/><F26/><W131/><G60/><T5/><D63/><U17/><E17/><V90/><F37/><W100/><G131/><T106/><D62/><U93/><E93/><V39/><F39/><W8/><G94/><T105/><D38/><U127/><E127/><V79/><F118/><W13/><G9/><T132/><D130/><U134/><E134/><V102/><F116/><W65/><G11/><T10/><D119/><U86/><E86/><V43/><F43/><W81/><G8/><T22/><D10/><U117/><E117/><V135/><F135/><W107/><G87/><T95/><D132/><U56/><AGARI ba="0,1" hai="44,45,47,56,57,59,68,69,71,82,83,89,92,97" machi="56" ten="40,8000,1" yaku="1,1,0,1,29,2,53,0" doraHai="24" doraHaiUra="122" who="1" fromWho="1" sc="441,-40,130,90,178,-20,241,-20" /><INIT seed="5,0,0,1,4,28" ten="401,220,158,221" oya="1" hai0="78,22,53,25,133,114,56,37,35,123,26,71,73" hai1="109,135,23,104,107,82,31,34,80,132,15,108,106" hai2="24,116,127,39,61,47,100,118,92,72,129,85,91" hai3="52,66,120,36,51,77,97,63,103,49,16,20,54"/><U124/><E15/><V0/><F0/><W58/><G36/><T38/><D71/><U131/><E23/><V13/><F72/><W89/><G77/><T65/><D65/><U119/><E119/><V79/><F127/><W33/><G33/><T4/><D4/><U62/><E62/><V101/><F129/><W112/><G112/><T125/><D35/><U67/><E67/><V121/><F121/><W8/><G8/><T50/><D25/><N who="1" m="18799" /><E131/><V84/><F24/><W130/><G89/><T41/><D26/><U40/><E40/><V11/><F61/><W44/><G130/><T3/><D41/><U128/><E128/><V98/><F39/><W81/><G81/><N who="1" m="31338" /><E124/><V122/><F122/><W64/><G120/><T10/><D73/><U68/><E68/><V43/><F118/><W7/><G7/><T74/><D74/><U18/><E18/><V95/><F116/><W29/><G29/><T27/><D22/><U2/><E2/><V76/><F43/><W5/><G5/><T126/><D3/><U59/><E59/><V45/><F13/><W102/><G97/><T86/><D126/><U48/><E48/><V42/><F42/><W87/><G87/><T83/><D50/><U32/><E32/><V88/><F98/><W111/><G63/><T60/><D60/><U14/><E14/><V110/><REACH who="2" step="1"/><F11/><REACH who="2" ten="401,220,148,221" step="2"/><W6/><G66/><T70/><D125/><U1/><E1/><V94/><F94/><W96/><G64/><T19/><D123/><U90/><E90/><V21/><F21/><W55/><G20/><T115/><D10/><U57/><E106/><RYUUKYOKU ba="0,1" sc="401,-10,220,-10,148,30,221,-10" hai2="45,47,76,79,84,85,88,91,92,95,100,101,110" /><INIT seed="6,1,1,3,2,84" ten="391,210,178,211" oya="2" hai0="123,122,10,5,83,32,42,104,133,24,121,124,39" hai1="82,25,68,96,19,22,41,100,111,120,26,94,49" hai2="74,110,67,57,1,79,34,47,132,2,52,88,112" hai3="87,135,35,54,9,3,105,71,130,36,116,27,117"/><V62/><F34/><W115/><RYUUKYOKU type="yao9" ba="1,1" sc="391,0,210,0,178,0,211,0" hai3="3,9,27,35,36,54,71,87,105,115,116,117,130,135" /><INIT seed="6,2,1,4,2,101" ten="391,210,178,211" oya="2" hai0="28,48,105,79,8,23,36,82,88,25,86,95,109" hai1="71,16,76,5,39,94,47,90,19,66,63,103,69" hai2="121,35,91,67,41,40,119,7,27,70,61,50,53" hai3="29,38,9,92,24,34,52,46,33,62,10,58,97"/><V13/><F121/><W102/><REACH who="3" step="1"/><G33/><REACH who="3" ten="391,210,178,201" step="2"/><T111/><D111/><U74/><E71/><V80/><F119/><W0/><G0/><T117/><D109/><U32/><E32/><V77/><F91/><W81/><G81/><T26/><D88/><U89/><E90/><V45/><F35/><W56/><G56/><T87/><D82/><U57/><E57/><V108/><F108/><W21/><G21/><T96/><D23/><U44/><E89/><V110/><F110/><W43/><AGARI ba="2,2" hai="9,10,24,29,34,38,43,46,52,58,62,92,97,102" machi="43" ten="30,8000,1" yaku="21,2,0,1,54,1,53,1" doraHai="101" doraHaiUra="99" who="3" fromWho="3" sc="391,-22,210,-22,178,-42,201,106" /><INIT seed="7,0,0,3,5,59" ten="369,188,136,307" oya="3" hai0="89,126,42,33,26,5,94,10,80,41,62,43,116" hai1="50,24,97,31,14,67,96,55,69,112,2,40,113" hai2="83,6,65,22,8,92,79,121,18,78,91,9,7" hai3="46,23,38,124,86,118,107,99,45,39,48,58,13"/><W68/><G118/><T135/><D116/><U110/><E2/><V30/><F121/><W133/><G68/><T82/><D135/><U88/><E110/><V34/><F65/><W125/><G133/><T129/><D129/><U102/><E40/><V111/><F111/><W51/><G86/><T66/><D126/><N who="3" m="48745" /><G107/><T20/><D33/><U1/><E14/><V109/><F109/><W84/><G99/><N who="0" m="57807" /><D10/><U104/><E1/><V73/><F78/><W132/><G132/><T29/><D5/><U115/><E88/><V119/><F119/><W27/><G13/><T17/><D29/><U19/><E19/><V98/><F34/><W93/><G93/><T114/><D114/><U120/><E97/><V72/><F30/><W64/><G84/><T16/><D17/><U28/><E120/><V63/><F73/><W32/><G32/><T71/><D71/><U123/><E123/><V61/><F7/><W15/><G15/><T25/><D26/><U0/><E0/><V95/><F95/><W35/><G23/><T36/><D36/><N who="3" m="13865" /><G27/><T105/><D105/><U3/><E3/><V106/><F106/><W90/><G90/><T77/><D77/><U56/><E24/><N who="2" m="14423" /><F6/><W131/><G131/><T74/><D74/><U100/><E100/><V49/><F72/><W4/><G35/><T11/><D11/><N who="2" m="4170" /><F49/><N who="3" m="19019" /><G4/><T70/><D25/><U12/><E12/><V47/><F79/><W130/><G130/><T108/><D108/><U81/><E81/><V37/><F83/><W85/><G85/><T76/><D76/><U128/><E128/><V44/><F37/><W122/><G122/><RYUUKYOKU ba="0,0" sc="369,0,188,0,136,0,307,0" hai0="16,20,41,42,43,62,66,70,80,82" hai1="28,31,50,55,56,67,69,96,102,104,112,113,115" hai2="44,47,61,63,91,92,98" hai3="45,46,58,64" /><INIT seed="7,1,0,4,2,129" ten="369,188,136,307" oya="3" hai0="112,72,93,59,40,28,90,108,55,24,15,42,4" hai1="115,16,78,0,27,97,11,37,87,53,109,33,43" hai2="18,62,70,35,71,7,47,66,3,36,2,125,131" hai3="126,107,123,82,45,128,86,61,99,23,51,5,12"/><W135/><G123/><T25/><D72/><U13/><E109/><V19/><F131/><W96/><G128/><T105/><D105/><U110/><E110/><V117/><F125/><W134/><G126/><T17/><D4/><U127/><E127/><V22/><F117/><W26/><G61/><N who="0" m="36095" /><D112/><U39/><E43/><N who="0" m="16425" /><D28/><U73/><E73/><V48/><F36/><W63/><G63/><T1/><D1/><U80/><E115/><V121/><F35/><W133/><G107/><T124/><D108/><U119/><E119/><V98/><F71/><W79/><G51/><T95/><D124/><U122/><E122/><V56/><F121/><W103/><G45/><T113/><D113/><U49/><E97/><V83/><F70/><W6/><G12/><T74/><D74/><U89/><E0/><V52/><F7/><N who="3" m="2571" /><G103/><T85/><D95/><U102/><E102/><V41/><F83/><W50/><G50/><T65/><D65/><U100/><E100/><V67/><F19/><AGARI ba="1,0" hai="19,23,26,79,82,86,96,99,133,134,135" m="2571" machi="19" ten="30,11600,0" yaku="20,1,52,3" doraHai="129" who="3" fromWho="2" sc="369,0,188,0,136,-119,307,119" owari="369,17.0,188,-21.0,17,-48.0,426,52.0" /></mjloggm>