<mjloggm ver="2.3"><GO type="169" lobby="0"/><UN n0="%E3%82%AB%E3%83%A9%E3%82%B9%E3%81%AE%E5%AD%90" n1="%4E%4F%42%55%53%48%49" n2="%E3%81%88%E3%82%80%E8%94%B5" n3="%E8%92%BC%E9%B4%89" dan="16,17,17,16" rate="2099.36,2149.43,2198.15,2107.62" sx="M,M,F,M"/><TAIKYOKU oya="0"/><INIT seed="0,0,0,4,4,116" ten="250,250,250,250" oya="0" hai0="34,68,56,51,89,131,44,123,19,25,63,62,88" hai1="96,84,132,61,115,28,106,107,128,92,53,33,55" hai2="12,85,39,72,30,17,7,22,47,87,36,0,111" hai3="27,118,54,42,76,101,86,80,21,133,109,103,75"/><T46/><D68/><U31/><E115/><V74/><F111/><W110/><G118/><T124/><D131/><U93/><E128/><V66/><F66/><W2/><G133/><T13/><D124/><U40/><E40/><V65/><F65/><W14/><G2/><T26/><D123/><U9/><E9/><V126/><F126/><W104/><G42/><T64/><D63/><U59/><E132/><V98/><F98/><W4/><G54/><N who="0" m="30055" /><D34/><U95/><E55/><V35/><F85/><W1/><G1/><T32/><D46/><U121/><E121/><V67/><F87/><W81/><G4/><T119/><D32/><U112/><E112/><V117/><F67/><W70/><G70/><T125/><D125/><U127/><E127/><V114/><F117/><W105/><G14/><T24/><D119/><U79/><E96/><V90/><F90/><N who="3" m="51535" /><G21/><AGARI ba="0,0" hai="13,19,21,24,25,26,56,62,64,88,89" m="30055" machi="21" ten="30,2900,0" yaku="8,1,54,1" doraHai="116" who="0" fromWho="3" sc="250,29,250,0,250,0,250,-29" /><INIT seed="0,1,0,1,4,50" ten="279,250,250,221" oya="0" hai0="51,124,119,28,11,89,19,73,8,107,120,36,117" hai1="81,29,110,91,48,5,82,71,95,46,116,60,125" hai2="128,57,77,90,0,21,84,42,93,92,32,31,135" hai3="30,131,34,88,26,74,118,56,105,24,104,13,129"/><T63/><D120/><U101/><E116/><V106/><F106/><W78/><G118/><T113/><D113/><U69/><E125/><V100/><F0/><W27/><G78/><T43/><D124/><U68/><E101/><V122/><F122/><W85/><G74/><T22/><D73/><U114/><E114/><V9/><F32/><W76/><G76/><T7/><D36/><U10/><E29/><V98/><F128/><N who="3" m="49227" /><G13/><T65/><D107/><N who="3" m="41033" /><G56/><T80/><D8/><U49/><E110/><V1/><F42/><W41/><G41/><T97/><D28/><U23/><E71/><V86/><F77/><W45/><G45/><T96/><D117/><U121/><E69/><V133/><F57/><W55/><G55/><T54/><D119/><U16/><E121/><V62/><F1/><W126/><G126/><T70/><D43/><U108/><E108/><V44/><F44/><W15/><G15/><T53/><D51/><U25/><E49/><V123/><F123/><W6/><G6/><T47/><D47/><U39/><E39/><V94/><F133/><W66/><G66/><T83/><D7/><U2/><E60/><V109/><F62/><W64/><G64/><T87/><D11/><U40/><REACH who="1" step="1"/><E68/><REACH who="1" ten="279,240,250,221" step="2"/><V4/><F109/><W12/><G30/><T52/><REACH who="0" step="1"/><D80/><REACH who="0" ten="269,240,250,221" step="2"/><U72/><E72/><V134/><F134/><W38/><G38/><T127/><D127/><U33/><E33/><V59/><F135/><W37/><G37/><T79/><D79/><U132/><E132/><V20/><F31/><W112/><G34/><T17/><D17/><U35/><E35/><RYUUKYOKU ba="1,2" sc="269,15,240,15,250,-15,221,-15" hai0="19,22,52,53,54,63,65,70,83,87,89,96,97" hai1="2,5,10,16,23,25,40,46,48,81,82,91,95" /><INIT seed="0,2,2,3,3,121" ten="284,255,235,206" oya="0" hai0="51,131,84,11,126,119,83,66,45,62,117,85,1" hai1="128,82,9,87,54,97,69,58,91,23,71,8,109" hai2="74,17,124,48,127,20,52,28,33,26,73,35,95" hai3="123,38,110,39,56,10,92,93,101,37,89,125,0"/><T72/><D126/><N who="2" m="48170" /><F95/><W19/><G123/><T67/><D131/><U22/><E128/><V57/><F33/><W115/><G125/><T108/><D67/><U3/><E71/><V68/><F68/><W99/><G115/><T12/><D1/><U29/><E69/><V41/><F41/><W96/><G56/><T49/><D72/><U65/><E65/><V113/><F113/><W16/><REACH who="3" step="1"/><G110/><REACH who="3" ten="284,255,235,196" step="2"/><T100/><D108/><U112/><E109/><V111/><F111/><W40/><G40/><T104/><D119/><U134/><E112/><V120/><F120/><W130/><G130/><T6/><D117/><U13/><E58/><V18/><F18/><W24/><G24/><AGARI ba="2,3" hai="17,20,24,26,28,35,48,52,57,73,74" m="48170" machi="24" ten="30,2000,0" yaku="18,1,54,1" doraHai="121" who="2" fromWho="3" sc="284,0,255,0,235,56,196,-26" /><INIT seed="1,0,0,3,0,72" ten="284,255,291,170" oya="1" hai0="57,100,102,116,44,17,36,121,103,122,53,104,64" hai1="22,6,48,46,131,99,74,117,35,92,134,71,15" hai2="82,81,41,111,2,86,87,27,40,105,51,25,101" hai3="11,88,33,90,78,58,31,67,110,76,8,18,65"/><U127/><E35/><V26/><F2/><W16/><G110/><T14/><D104/><U84/><E71/><V45/><F111/><W34/><G58/><T124/><D116/><U1/><E74/><V4/><F4/><W97/><G97/><T3/><D3/><U75/><E75/><V107/><F101/><W7/><G31/><T80/><D124/><U50/><E127/><V123/><F123/><N who="0" m="47114" /><D64/><U37/><E117/><V60/><F60/><W128/><G128/><T73/><D36/><U85/><E1/><V12/><F12/><W114/><G114/><T63/><D44/><U0/><E0/><V23/><F23/><W126/><G126/><T91/><D91/><U135/><E37/><V83/><REACH who="2" step="1"/><F41/><REACH who="2" ten="284,255,281,170" step="2"/><W109/><G109/><T94/><D103/><U30/><E6/><AGARI ba="0,1" hai="6,7,8,11,16,18,33,34,65,67,76,78,88,90" machi="6" ten="25,12000,2" yaku="22,2,52,2,54,2" doraHai="72" who="3" fromWho="1" sc="284,0,255,-120,281,0,170,130" /><INIT seed="2,0,0,4,2,5" ten="284,135,281,300" oya="2" hai0="74,40,64,21,53,51,71,85,24,76,19,49,79" hai1="45,65,38,11,3,16,113,61,129,105,92,77,0" hai2="95,75,125,70,54,7,89,135,25,17,20,78,69" hai3="133,116,127,88,60,115,48,68,131,62,101,132,83"/><V81/><F125/><W86/><G116/><T134/><D74/><U50/><E105/><V22/><F135/><N who="3" m="51787" /><G127/><T99/><D134/><U82/><E38/><V43/><F43/><W104/><G68/><T103/><D71/><U94/><E113/><V59/><F20/><W111/><G111/><T130/><D130/><U46/><E129/><V106/><F106/><W72/><G131/><T4/><D64/><U30/><E30/><V67/><F67/><W122/><G122/><T31/><D4/><U108/><E108/><V118/><F7/><W9/><G48/><T14/><D40/><U33/><E33/><V37/><F37/><W12/><G72/><T36/><D36/><U15/><E3/><V121/><F118/><W23/><G23/><T55/><D85/><U10/><E0/><V58/><F58/><W8/><G12/><T29/><D29/><U93/><E10/><N who="3" m="4202" /><G115/><T32/><D51/><U39/><E39/><V91/><F121/><W119/><G119/><T13/><D49/><U28/><E28/><V47/><F47/><W102/><G104/><T114/><D13/><U26/><E26/><V35/><F35/><W34/><G34/><T112/><D114/><U110/><E110/><V117/><F117/><W18/><G18/><T87/><D112/><U109/><E109/><V126/><F126/><W128/><G128/><T42/><D19/><U124/><E124/><V100/><F70/><W107/><G107/><T90/><D32/><U56/><REACH who="1" step="1"/><E50/><REACH who="1" ten="284,125,281,300" step="2"/><V52/><F17/><W98/><G98/><T120/><D120/><U123/><E123/><V73/><F25/><RYUUKYOKU ba="0,1" sc="284,-15,125,15,281,-15,300,15" hai1="11,15,16,45,46,56,61,65,77,82,92,93,94" hai3="60,62,83,86,88,101,102" /><INIT seed="3,1,1,1,4,72" ten="269,140,266,315" oya="3" hai0="28,4,65,109,133,105,26,61,116,67,41,76,73" hai1="47,34,99,75,55,102,85,129,52,78,130,104,32" hai2="79,120,101,119,17,70,0,19,29,20,87,97,88" hai3="135,117,24,69,84,103,13,58,38,125,5,6,9"/><W126/><G117/><T114/><D116/><U86/><E75/><V30/><F119/><W131/><G69/><T118/><D118/><U39/><E86/><V121/><F0/><W92/><G38/><T128/><D109/><U60/><E34/><V98/><F70/><W100/><G131/><N who="1" m="50186" /><E32/><V11/><F11/><W64/><G135/><T94/><D128/><U49/><E39/><V127/><F127/><W107/><G107/><T71/><D67/><U81/><E60/><V90/><F79/><W62/><G5/><T1/><D133/><U36/><E36/><V8/><F8/><W37/><G24/><T113/><D105/><U10/><E10/><V48/><F48/><W74/><G74/><T95/><D41/><AGARI ba="1,1" hai="41,47,49,52,55,78,81,85,99,102,104" m="50186" machi="41" ten="30,3900,0" yaku="19,1,52,1,54,1" doraHai="72" who="1" fromWho="0" sc="269,-42,140,52,266,0,315,0" /><INIT seed="4,0,0,3,0,114" ten="227,192,266,315" oya="0" hai0="78,79,115,10,117,16,129,39,90,58,51,14,71" hai1="118,21,101,45,22,56,92,89,81,88,53,99,46" hai2="126,97,83,85,59,7,123,13,93,48,86,65,110" hai3="60,102,111,131,72,76,26,100,104,127,66,0,30"/><T130/><D39/><U124/><E118/><V38/><F110/><W77/><G0/><T32/><D115/><U36/><E124/><V135/><F123/><W24/><G111/><T20/><D71/><U87/><E101/><V34/><F38/><W11/><G127/><T28/><D32/><U113/><E113/><V4/><F126/><W17/><G72/><T44/><D117/><U108/><E108/><V128/><F34/><W57/><G131/><N who="0" m="50187" /><D58/><U80/><E80/><V61/><F128/><W91/><G91/><T5/><D28/><U70/><E70/><V42/><F135/><W132/><G132/><T52/><D90/><U133/><E133/><V29/><F29/><W121/><G121/><T94/><D94/><U47/><REACH who="1" step="1"/><E36/><REACH who="1" ten="227,182,266,315" step="2"/><V2/><F83/><W96/><G102/><T12/><AGARI ba="0,1" hai="5,10,12,14,16,20,44,51,52,78,79" m="50187" machi="12" ten="30,6000,0" yaku="19,1,54,2" doraHai="114" who="0" fromWho="0" sc="227,70,182,-20,266,-20,315,-20" /><INIT seed="4,1,0,1,5,95" ten="297,162,246,295" oya="0" hai0="58,62,120,6,101,55,19,35,88,109,25,130,86" hai1="40,77,98,7,64,34,16,71,41,133,76,23,63" hai2="79,2,112,52,103,48,132,4,118,75,104,111,10" hai3="1,97,105,22,11,42,121,12,45,49,73,56,84"/><T92/><D120/><U47/><E34/><V78/><F111/><W38/><G121/><T37/><D109/><U89/><E133/><V9/><F132/><W134/><G134/><T51/><D37/><U43/><E7/><V33/><F33/><W0/><G73/><T27/><D130/><U107/><E47/><V90/><F112/><W106/><G22/><T39/><D39/><U46/><E46/><V70/><F70/><W57/><G84/><T3/><D35/><U117/><E117/><V74/><F118/><W54/><G57/><T28/><D3/><U53/><E53/><V26/><F26/><N who="0" m="9738" /><D28/><U99/><E89/><V125/><F125/><W113/><G106/><T24/><D6/><U102/><REACH who="1" step="1"/><E99/><REACH who="1" ten="297,152,246,295" step="2"/><V32/><F32/><W135/><G135/><T116/><D116/><U5/><E5/><V83/><F90/><W128/><G97/><N who="0" m="59559" /><D24/><AGARI ba="1,1" hai="16,23,24,40,41,43,63,64,71,76,77,98,102,107" machi="24" ten="40,8000,1" yaku="1,1,52,1,54,1,53,2" doraHai="95" doraHaiUra="72" who="1" fromWho="0" sc="297,-83,152,93,246,0,295,0" /><INIT seed="5,0,0,3,1,16" ten="214,245,246,295" oya="1" hai0="40,106,62,115,81,71,123,64,103,44,95,83,13" hai1="10,87,124,113,18,133,24,112,58,100,57,33,60" hai2="84,63,2,14,132,96,51,31,102,29,90,0,69" hai3="48,66,125,134,61,68,9,86,107,135,75,15,101"/><U49/><E133/><V41/><F132/><W67/><G75/><T74/><D115/><N who="1" m="44107" /><E124/><V7/><F14/><W35/><G125/><T118/><D118/><U92/><E49/><V56/><F69/><W116/><G67/><T4/><D123/><U47/><E47/><V126/><F126/><W52/><G116/><T22/><D106/><U128/><E128/><V85/><F85/><W93/><G35/><T80/><D74/><U98/><E87/><V19/><F19/><W88/><G101/><T65/><D64/><U131/><E131/><V91/><F91/><W26/><G26/><T122/><D122/><U1/><E60/><V42/><F2/><W117/><G107/><T30/><D4/><N who="1" m="1295" /><E18/><V82/><F7/><W27/><G27/><T21/><D30/><AGARI ba="0,0" hai="24,30,33,57,58,92,98,100" m="1295,44107" machi="30" ten="30,1500,0" yaku="15,1" doraHai="16" who="1" fromWho="0" sc="214,-15,245,15,246,0,295,0" /><INIT seed="5,1,0,3,3,36" ten="199,260,246,295" oya="1" hai0="82,63,91,79,60,118,78,43,31,107,2,104,47" hai1="72,18,19,111,87,94,90,133,108,61,77,120,4" hai2="76,128,42,62,25,39,3,101,84,16,97,95,12" hai3="105,69,27,129,41,66,10,125,34,32,1,38,54"/><U49/><E120/><V24/><F3/><W67/><G54/><T98/><D118/><U112/><E133/><V52/><F128/><W85/><G67/><T132/><D2/><U45/><E112/><V119/><F119/><W96/><G85/><T57/><D132/><U117/><E4/><V44/><F84/><W51/><G51/><T68/><D79/><U106/><E106/><V11/><REACH who="2" step="1"/><F76/><REACH who="2" ten="199,260,236,295" step="2"/><W46/><G129/><T8/><D78/><U89/><E117/><V26/><F26/><W13/><G27/><T71/><D98/><U64/><E77/><V0/><F0/><W29/><G1/><T114/><D114/><U126/><E72/><V28/><F28/><W55/><G29/><T53/><D31/><U109/><E126/><V121/><F121/><W80/><G125/><T14/><D14/><U115/><E115/><V124/><F124/><W59/><G13/><T73/><D73/><U17/><E90/><V130/><F130/><W122/><G122/><T86/><D86/><U100/><E100/><V40/><F40/><W92/><G41/><T33/><D43/><N who="1" m="24767" /><E19/><V20/><F20/><W134/><G134/><T75/><D91/><U65/><E65/><V6/><F6/><W110/><G66/><T88/><D88/><U9/><E9/><V83/><F83/><W21/><G80/><T56/><D75/><U74/><E74/><V23/><F23/><W30/><G21/><T127/><D8/><U70/><AGARI ba="1,1" hai="17,18,61,64,70,87,89,94,108,109,111" m="24767" machi="70" ten="30,3000,0" yaku="10,1,52,1" doraHai="36" who="1" fromWho="1" sc="199,-11,260,43,236,-11,295,-11" /><INIT seed="5,2,0,0,4,133" ten="188,303,225,284" oya="1" hai0="112,54,29,31,35,120,122,95,24,130,22,113,127" hai1="15,14,8,28,84,48,114,132,7,80,42,76,69" hai2="41,75,110,126,85,49,17,131,99,34,111,4,91" hai3="98,101,117,123,118,32,100,19,36,33,71,20,108"/><U46/><E69/><V5/><F75/><W78/><G108/><T62/><D95/><U105/><E132/><V107/><F34/><W0/><G123/><N who="0" m="47147" /><D62/><U27/><E105/><V77/><F131/><W121/><G121/><T70/><D54/><U2/><REACH who="1" step="1"/><E114/><REACH who="1" ten="188,293,225,284" step="2"/><N who="0" m="44137" /><D70/><U88/><E88/><V65/><F91/><W23/><G71/><T38/><D38/><U82/><E82/><V104/><F110/><W30/><G36/><T125/><D130/><U10/><E10/><V79/><F111/><W60/><G101/><T96/><D96/><U56/><E56/><V9/><F99/><W59/><G98/><T55/><D55/><U124/><E124/><N who="0" m="47689" /><D35/><AGARI ba="2,1" hai="2,7,8,14,15,27,28,35,42,46,48,76,80,84" machi="35" ten="30,2900,0" yaku="1,1,7,1,53,0" doraHai="133" doraHaiUra="115" who="1" fromWho="0" sc="188,-35,293,45,225,0,284,0" /><INIT seed="5,3,0,2,0,53" ten="153,338,225,284" oya="1" hai0="132,93,122,96,58,30,130,105,103,1,108,133,100" hai1="48,79,15,51,66,12,125,113,40,49,80,3,102" hai2="117,82,75,62,28,41,47,13,107,39,21,67,57" hai3="69,86,45,111,116,124,61,25,22,44,115,81,70"/><U6/><E113/><V76/><F117/><W50/><G111/><T92/><D108/><U9/><E125/><V36/><F107/><W90/><G116/><T24/><D1/><U63/><E102/><V99/><F99/><W98/><G124/><T54/><D130/><U71/><REACH who="1" step="1"/><E40/><REACH who="1" ten="153,328,225,284" step="2"/><V135/><F135/><W7/><G115/><T109/><D122/><U85/><AGARI ba="3,1" hai="3,6,9,12,15,48,49,51,63,66,71,79,80,85" machi="85" ten="30,12000,1" yaku="1,1,2,1,0,1,53,2" doraHai="53" doraHaiUra="11" who="1" fromWho="1" sc="153,-43,328,139,225,-43,284,-43" /><INIT seed="5,4,0,5,3,83" ten="110,467,182,241" oya="1" hai0="128,33,66,74,115,14,110,72,45,96,60,99,73" hai1="40,18,92,114,79,91,130,20,120,113,81,62,24" hai2="49,90,122,77,9,70,135,64,106,4,0,116,133" hai3="35,37,5,54,29,58,107,125,78,88,41,121,102"/><U100/><E120/><V109/><F122/><W71/><G121/><T36/><D110/><U129/><E100/><V48/><F109/><W23/><G125/><T25/><D128/><N who="1" m="49259" /><E40/><V123/><F123/><W17/><G71/><T105/><D115/><U127/><E62/><N who="2" m="40215" /><F106/><W52/><G5/><T82/><D82/><U53/><E53/><V39/><F116/><W97/><G78/><T132/><D132/><N who="2" m="50762" /><F39/><W76/><G37/><T15/><D99/><N who="1" m="57759" /><E127/><V112/><F77/><W10/><G76/><T93/><D105/><U84/><AGARI ba="4,0" hai="18,20,24,79,81,84,113,114" m="57759,49259" machi="84" ten="30,3000,0" yaku="19,1,52,1" doraHai="83" who="1" fromWho="1" sc="110,-14,467,42,182,-14,241,-14" /><INIT seed="5,5,0,5,2,65" ten="96,509,168,227" oya="1" hai0="8,89,82,73,64,86,83,11,92,46,53,10,120" hai1="118,71,20,84,66,29,17,6,5,77,80,59,105" hai2="52,13,121,40,88,79,123,106,119,127,58,56,34" hai3="67,69,95,50,131,68,125,7,26,76,101,85,63"/><U110/><E105/><V3/><F119/><W130/><G125/><T54/><D120/><U113/><E118/><V15/><F3/><W74/><G74/><T28/><D73/><U44/><E110/><V108/><F108/><W36/><G36/><T48/><D64/><U132/><E132/><V81/><F106/><W49/><G7/><T24/><REACH who="0" step="1"/><D54/><REACH who="0" ten="86,509,168,227" step="2"/><U12/><E113/><V32/><F123/><W128/><G67/><T57/><D57/><U4/><E71/><V96/><F52/><W31/><G69/><T98/><D98/><U55/><E44/><V39/><F58/><W38/><G68/><T102/><D102/><U33/><E66/><V109/><F56/><W1/><G101/><T78/><D78/><U14/><E33/><AGARI ba="5,1" hai="8,10,11,24,28,33,46,48,53,82,83,86,89,92" machi="33" ten="40,2600,0" yaku="1,1,53,1" doraHai="65" doraHaiUra="23" who="0" fromWho="1" sc="86,51,509,-41,168,0,227,0" /><INIT seed="6,0,0,5,1,104" ten="137,468,168,227" oya="2" hai0="99,12,119,105,11,24,13,82,9,135,78,10,31" hai1="117,16,93,80,131,4,124,95,21,89,87,40,118" hai2="47,110,46,14,19,35,3,27,72,98,123,134,69" hai3="71,120,66,83,67,63,85,15,126,130,70,60,74"/><V112/><F123/><W125/><G120/><T7/><D135/><U92/><E124/><V115/><F134/><W94/><G130/><T55/><D119/><U30/><E131/><V43/><F69/><W0/><G0/><T26/><D105/><U81/><E4/><V48/><F3/><W122/><G122/><T116/><D116/><U113/><E113/><N who="2" m="43595" /><F110/><W56/><G56/><T41/><D99/><U100/><E30/><N who="2" m="19935" /><F72/><W128/><G128/><T68/><D68/><U129/><E129/><V64/><F64/><W22/><G74/><T45/><D55/><U62/><E40/><V49/><F98/><W103/><G103/><T8/><D13/><U77/><E100/><V29/><F29/><W59/><G71/><T101/><D101/><U79/><E62/><V36/><F47/><W88/><G83/><T18/><D7/><U61/><E61/><V52/><F52/><W133/><G133/><T84/><REACH who="0" step="1"/><D31/><REACH who="0" ten="127,468,168,227" step="2"/><U90/><E117/><V57/><F57/><W127/><G15/><T108/><D108/><U54/><E54/><V2/><F2/><W32/><G59/><T6/><D6/><U132/><E118/><V42/><F43/><W20/><G67/><T17/><D17/><U114/><E132/><V106/><F106/><W107/><G107/><T37/><AGARI ba="0,1" hai="8,9,10,11,12,18,24,26,37,41,45,78,82,84" machi="37" ten="30,2000,0" yaku="1,1,0,1,53,0" doraHai="104" doraHaiUra="102" who="0" fromWho="0" sc="127,30,468,-5,168,-10,227,-5" /><INIT seed="7,0,0,5,5,77" ten="157,463,158,222" oya="3" hai0="73,79,13,71,32,17,40,53,66,25,130,57,87" hai1="44,90,47,126,121,120,52,43,107,26,27,68,19" hai2="37,7,4,98,112,109,96,123,65,69,2,99,115" hai3="122,50,22,84,61,38,6,39,23,10,28,133,8"/><W21/><G50/><N who="0" m="30903" /><D71/><U64/><E107/><V46/><F109/><W125/><G61/><T55/><D73/><U30/><E126/><V54/><F123/><W114/><G28/><T20/><D32/><U58/><E68/><V113/><F2/><W75/><G125/><T45/><D130/><U93/><E64/><V117/><F117/><W56/><G133/><T103/><D66/><U86/><E120/><V59/><F69/><W3/><G75/><T33/><D33/><U70/><E70/><V124/><F65/><W15/><G3/><T89/><D103/><U78/><E78/><V132/><F132/><W105/><G105/><T18/><D79/><U48/><E121/><V36/><F124/><W83/><G39/><N who="2" m="14921" /><F46/><W35/><G38/><T41/><D55/><U108/><E108/><V131/><F131/><W82/><G35/><T62/><D62/><AGARI ba="0,0" hai="4,7,54,59,62,96,98,99,112,113,115" m="14921" machi="62" ten="40,1300,0" yaku="15,1" doraHai="77" who="2" fromWho="0" sc="157,-13,463,0,158,13,222,0" owari="144,-36.0,463,57.0,171,-23.0,222,2.0" /></mjloggm>