<mjloggm ver="2.3"><GO type="169" lobby="0"/><UN n0="%E3%82%A2%E3%82%B9%E3%82%BF%E3%83%8A" n1="%E3%81%8D%E3%81%A3%E3%81%8F%E3%82%93" n2="%4E%4F%42%55%53%48%49" n3="%E5%B1%B1%E5%B9%B8%E5%95%86%E5%BA%97" dan="16,17,17,16" rate="2076.26,2177.47,2154.45,2139.70" sx="M,M,M,M"/><TAIKYOKU oya="0"/><INIT seed="0,0,0,1,5,93" ten="250,250,250,250" oya="0" hai0="111,16,48,51,18,34,53,27,108,85,82,101,97" hai1="121,77,62,32,38,19,75,57,79,130,61,120,114" hai2="70,125,132,65,128,74,119,33,104,36,80,124,23" hai3="68,88,135,129,86,42,10,47,46,50,30,107,56"/><T15/><D15/><U43/><E32/><V99/><RYUUKYOKU type="yao9" ba="0,0" sc="250,0,250,0,250,0,250,0" hai2="23,33,36,65,70,74,80,99,104,119,124,125,128,132" /><INIT seed="0,1,0,3,1,111" ten="250,250,250,250" oya="0" hai0="44,26,99,31,38,15,17,102,9,120,93,116,125" hai1="107,51,97,117,98,73,133,48,25,19,134,6,55" hai2="64,35,79,112,11,29,88,101,119,92,81,78,8" hai3="72,67,121,70,80,46,69,83,65,34,42,47,30"/><T122/><D116/><U82/><E117/><V36/><F119/><W3/><G30/><T110/><D110/><U118/><E6/><V7/><F36/><W32/><G42/><T95/><D125/><U77/><E118/><V85/><F112/><W33/><G33/><T4/><D95/><U39/><E39/><V103/><F64/><W109/><G109/><T54/><D4/><U43/><E43/><V57/><F57/><W108/><G108/><T76/><D76/><U94/><E107/><V24/><F79/><W28/><G28/><T59/><D44/><U18/><E25/><V86/><REACH who="2" step="1"/><F11/><REACH who="2" ten="250,250,240,250" step="2"/><W114/><G114/><T20/><REACH who="0" step="1"/><D38/><REACH who="0" ten="240,250,240,250" step="2"/><U52/><E134/><V53/><F53/><W87/><G121/><T49/><AGARI ba="1,2" hai="9,15,17,20,26,31,49,54,59,93,99,102,120,122" machi="49" ten="20,12000,1" yaku="1,1,2,1,0,1,7,1,53,1" doraHai="111" doraHaiUra="14" who="0" fromWho="0" sc="240,143,250,-41,240,-41,250,-41" /><INIT seed="0,2,0,2,3,20" ten="383,209,199,209" oya="0" hai0="1,17,103,109,70,36,53,42,55,134,129,66,9" hai1="38,97,112,68,46,77,69,85,135,4,106,130,5" hai2="6,56,25,37,59,79,87,13,64,45,32,7,49" hai3="88,123,105,83,33,28,107,116,11,100,115,99,24"/><T65/><D103/><U125/><E125/><V127/><F37/><W14/><G116/><T86/><D129/><U89/><E130/><V113/><F127/><W67/><G115/><T10/><D134/><U61/><E112/><V114/><F113/><W27/><G123/><T3/><D86/><U21/><E135/><V102/><F114/><W98/><G67/><T48/><D109/><U26/><E77/><V41/><F102/><W81/><G27/><T82/><D82/><U94/><E61/><V57/><F64/><W120/><G120/><T117/><D70/><U35/><E35/><V104/><F104/><W51/><G51/><T40/><D48/><U30/><E68/><V72/><F72/><W71/><G71/><T121/><D17/><U80/><E69/><V29/><REACH who="2" step="1"/><F13/><REACH who="2" ten="383,209,189,209" step="2"/><W96/><G107/><T75/><D75/><U95/><E106/><V39/><F39/><W12/><G12/><T62/><D36/><U23/><E38/><V19/><F19/><W110/><G110/><T92/><D121/><U132/><E132/><V43/><F43/><W60/><G60/><T44/><D62/><U90/><E46/><V74/><F74/><W54/><G54/><T84/><D44/><U0/><E0/><V47/><F47/><W76/><G14/><T126/><D126/><U78/><REACH who="1" step="1"/><E23/><REACH who="1" ten="383,199,189,209" step="2"/><V16/><F16/><W22/><G22/><T124/><D124/><U52/><E52/><V122/><F122/><W111/><G111/><T50/><D53/><U58/><E58/><V133/><F133/><W128/><G105/><T119/><D1/><U63/><E63/><RYUUKYOKU ba="2,2" sc="383,-15,199,15,189,15,209,-15" hai1="4,5,21,26,30,78,80,85,89,90,94,95,97" hai2="6,7,25,29,32,41,45,49,56,57,59,79,87" /><INIT seed="1,3,2,0,5,99" ten="368,214,204,194" oya="1" hai0="75,43,128,55,21,96,18,36,109,89,13,53,28" hai1="80,33,25,56,111,108,68,78,83,2,40,27,50" hai2="58,15,37,87,130,101,7,35,74,72,85,69,135" hai3="20,88,119,114,62,67,132,134,9,12,91,65,19"/><U133/><E68/><V116/><F69/><W81/><G114/><T79/><D109/><N who="1" m="42059" /><E2/><V115/><F37/><W57/><G119/><T63/><D128/><U59/><E133/><N who="3" m="51306" /><G67/><T110/><D110/><U106/><E106/><V129/><F35/><W54/><G81/><N who="1" m="31306" /><E78/><V123/><F115/><W10/><G65/><T26/><D79/><U103/><E103/><V112/><F101/><W92/><G91/><T102/><D89/><U100/><E100/><V70/><F70/><W17/><G19/><T107/><D75/><U124/><E124/><V5/><F74/><W6/><G6/><T66/><D43/><U45/><E33/><V1/><F72/><W8/><G8/><T97/><D97/><AGARI ba="3,2" hai="9,10,12,17,20,54,57,62,88,92,97" m="51306" machi="97" ten="30,2000,0" yaku="20,1,54,1" doraHai="99" who="3" fromWho="0" sc="368,-29,214,0,204,0,194,49" /><INIT seed="2,0,0,4,3,73" ten="339,214,204,243" oya="2" hai0="103,70,95,71,76,102,83,35,20,4,29,16,97" hai1="7,34,10,134,24,118,94,19,14,79,62,49,2" hai2="22,59,93,123,27,111,5,127,12,52,63,53,87" hai3="110,56,17,119,39,51,60,116,86,133,99,23,74"/><V69/><F123/><W75/><G39/><T0/><D103/><U38/><E38/><V82/><F127/><W113/><G133/><T9/><D29/><U72/><E118/><V129/><F69/><W37/><G37/><T132/><D35/><U117/><E117/><V105/><F105/><W50/><G119/><T89/><D102/><U32/><E134/><V104/><F104/><W100/><G116/><T84/><REACH who="0" step="1"/><D132/><REACH who="0" ten="329,214,204,243" step="2"/><U36/><E32/><V1/><F129/><W40/><G113/><T78/><D78/><U6/><E79/><N who="2" m="46559" /><F111/><W96/><G100/><T58/><D58/><U122/><E34/><V125/><F125/><W46/><G56/><T114/><D114/><U41/><E122/><V98/><F1/><W48/><G46/><T109/><D109/><U92/><E2/><V85/><F59/><W77/><G77/><T107/><D107/><U54/><E72/><V88/><F63/><W42/><G60/><T115/><D115/><U21/><E62/><V131/><F131/><W15/><G75/><T8/><D8/><U124/><E10/><N who="2" m="4175" /><F98/><N who="3" m="37419" /><G74/><T57/><D57/><U11/><E124/><V64/><F64/><W43/><G110/><T55/><D55/><U106/><E54/><V130/><F130/><W128/><G128/><T61/><D61/><U120/><E106/><V30/><AGARI ba="0,1" hai="22,27,30,52,53,85,88,93" m="4175,46559" machi="30" ten="30,11700,0" yaku="8,1,52,1,54,2" doraHai="73" who="2" fromWho="2" sc="329,-39,214,-39,204,127,243,-39" /><INIT seed="2,1,0,1,1,64" ten="290,175,331,204" oya="2" hai0="20,89,98,124,11,3,133,45,66,81,82,135,27" hai1="33,123,91,39,73,74,129,72,92,115,106,117,99" hai2="0,51,2,131,32,79,10,21,52,68,15,107,116" hai3="128,78,19,35,60,83,24,12,23,112,62,77,104"/><V119/><F107/><W110/><G104/><T4/><D124/><U130/><E39/><V120/><F32/><W65/><G110/><T76/><D66/><U26/><E26/><V36/><F36/><W75/><G128/><N who="1" m="49258" /><E33/><V63/><F131/><W127/><G127/><T108/><D108/><U126/><E126/><V67/><F120/><W8/><G78/><T134/><D45/><U132/><E132/><V1/><F21/><W93/><G93/><N who="0" m="56623" /><D76/><U34/><E34/><V53/><F79/><W54/><G35/><T113/><D113/><U103/><E115/><V85/><F85/><W30/><G112/><T48/><D48/><U96/><E117/><V46/><REACH who="2" step="1"/><F53/><REACH who="2" ten="290,175,321,204" step="2"/><W56/><G54/><T71/><D20/><U97/><E123/><V55/><F55/><W25/><G25/><T9/><D27/><U121/><E121/><V105/><F105/><W80/><G80/><N who="0" m="30827" /><D11/><U61/><E61/><V47/><F47/><W122/><G62/><T87/><D87/><AGARI ba="1,1" hai="72,73,74,87,91,92,96,97,99,103,106" m="49258" machi="87" ten="40,5200,0" yaku="19,1,34,2" doraHai="64" who="1" fromWho="0" sc="290,-55,175,65,321,0,204,0" /><INIT seed="3,0,0,3,2,53" ten="235,240,321,204" oya="3" hai0="134,6,11,66,22,87,62,84,88,92,36,75,115" hai1="28,69,38,21,105,101,46,9,96,89,50,31,77" hai2="106,47,70,34,113,24,86,102,120,45,73,128,44" hai3="103,60,59,76,125,49,110,13,15,40,97,18,4"/><W135/><G76/><T82/><D36/><U126/><E38/><V17/><F73/><W32/><G32/><T8/><D115/><U7/><E126/><V35/><F70/><W61/><G125/><T80/><D134/><U29/><E69/><V65/><F120/><W81/><G81/><T48/><D22/><U74/><E89/><V42/><F65/><W19/><G4/><T112/><D112/><U133/><E133/><V116/><F128/><W104/><G135/><T16/><D48/><U71/><E71/><V114/><F116/><W68/><G68/><T107/><D107/><U25/><E77/><V118/><F35/><W124/><G124/><T43/><D43/><U90/><E90/><V0/><F0/><W20/><G110/><T99/><D75/><U54/><REACH who="1" step="1"/><E74/><REACH who="1" ten="235,230,321,204" step="2"/><V109/><F114/><W79/><G79/><T1/><D88/><U129/><E129/><V56/><F113/><W63/><G40/><T111/><D111/><U30/><E30/><V23/><F42/><W52/><REACH who="3" step="1"/><G19/><REACH who="3" ten="235,230,321,194" step="2"/><T132/><D16/><U72/><E72/><V26/><F17/><W119/><G119/><T39/><D132/><U57/><E57/><V67/><F56/><W91/><G91/><T131/><D131/><U78/><E78/><V2/><F118/><W83/><G83/><T10/><D82/><U93/><E93/><V108/><F108/><W117/><G117/><T58/><D80/><U123/><E123/><V95/><F109/><W121/><G121/><T85/><D39/><U5/><E5/><V51/><F95/><W27/><AGARI ba="0,2" hai="13,15,18,20,27,49,52,59,60,61,63,97,103,104" machi="27" ten="30,12000,1" yaku="1,1,0,1,52,1,54,1,53,1" doraHai="53" doraHaiUra="12" who="3" fromWho="3" sc="235,-40,230,-40,321,-40,194,140" /><INIT seed="3,1,0,5,5,26" ten="195,190,281,334" oya="3" hai0="25,46,68,105,69,135,104,31,62,99,7,47,84" hai1="88,10,77,93,101,52,85,41,120,116,45,3,106" hai2="67,33,96,74,22,95,14,54,78,0,73,91,9" hai3="108,38,27,126,122,15,98,55,8,114,6,127,103"/><W81/><G122/><T43/><D135/><U12/><E120/><V94/><F33/><W125/><G38/><T60/><D7/><U134/><E3/><V50/><F67/><W92/><G114/><T119/><D119/><U115/><E115/><V39/><F39/><W57/><G81/><T64/><D84/><U13/><E134/><V24/><F0/><W44/><G44/><T82/><D82/><U56/><E116/><V117/><F78/><W123/><G123/><T42/><D99/><U100/><E106/><V124/><F124/><W80/><G80/><T107/><D25/><U49/><E77/><V35/><F35/><W97/><G97/><T71/><D31/><U61/><REACH who="1" step="1"/><E12/><REACH who="1" ten="195,180,281,334" step="2"/><V70/><F14/><W132/><G132/><T65/><REACH who="0" step="1"/><D69/><REACH who="0" ten="185,180,281,334" step="2"/><U17/><AGARI ba="1,2" hai="10,13,17,41,45,49,52,56,61,85,88,93,100,101" machi="17" ten="20,12000,2" yaku="1,1,2,1,0,1,7,1,8,1,54,2,53,0" doraHai="26" doraHaiUra="79" who="1" fromWho="1" sc="185,-31,180,143,281,-31,334,-61" /><INIT seed="4,0,0,0,5,51" ten="154,323,250,273" oya="0" hai0="69,42,91,84,57,20,26,115,44,23,79,114,17" hai1="81,121,30,49,94,12,73,134,59,22,4,70,53" hai2="98,93,1,87,113,123,45,47,60,77,32,126,55" hai3="27,36,9,10,7,29,14,117,3,135,107,130,76"/><T19/><D69/><U119/><E70/><V95/><F32/><W34/><G107/><T88/><D79/><U66/><E119/><V2/><F123/><W11/><G36/><T101/><D101/><U63/><E121/><V103/><F126/><W52/><G76/><T78/><D78/><U62/><E134/><V105/><F113/><N who="0" m="43018" /><D57/><U116/><E116/><V65/><F2/><W54/><G117/><T35/><D35/><U6/><E94/><V118/><F1/><W102/><G102/><T128/><D84/><U124/><E73/><V85/><F118/><W122/><G135/><T64/><D64/><U120/><E81/><V109/><F77/><W99/><G99/><T96/><D96/><U24/><E120/><V25/><F87/><W21/><G122/><T129/><D44/><U133/><E133/><V104/><F47/><W131/><G11/><T18/><D42/><U37/><E37/><V13/><F45/><W48/><G48/><T132/><D132/><U33/><E124/><V39/><F98/><W43/><G43/><T108/><D108/><U15/><E33/><V112/><F85/><W67/><G67/><T40/><D40/><U86/><E86/><V56/><F65/><W106/><G106/><T100/><D100/><U83/><E83/><V74/><F103/><W0/><G0/><T127/><D127/><U31/><E66/><V72/><F105/><W38/><G38/><T68/><D68/><U50/><E50/><V97/><F104/><W111/><G111/><T58/><D58/><U8/><E31/><V71/><F109/><W16/><G34/><RYUUKYOKU ba="0,0" sc="154,-15,323,15,250,-15,273,15" hai1="4,6,8,12,15,22,24,30,49,53,59,62,63" hai3="3,7,9,10,14,16,21,27,29,52,54,130,131" /><INIT seed="5,1,0,4,0,43" ten="139,338,235,288" oya="1" hai0="19,51,127,69,27,39,107,75,119,90,89,88,24" hai1="44,86,71,59,30,111,126,83,115,63,8,6,94" hai2="64,49,55,105,95,116,91,113,10,92,96,25,122" hai3="37,47,9,52,2,33,42,114,54,103,62,53,65"/><U14/><E71/><V135/><F122/><W68/><G33/><T35/><D39/><U61/><E111/><V70/><F116/><W48/><G103/><T46/><D119/><U110/><E110/><V45/><F105/><W104/><G104/><T79/><D107/><U56/><E126/><V77/><F135/><W102/><G102/><T128/><D69/><U99/><E30/><V22/><F113/><W121/><G121/><T108/><D108/><U18/><E115/><V74/><F77/><W80/><G80/><T130/><D127/><U28/><E28/><V117/><F74/><W34/><G34/><T132/><D132/><U41/><E6/><V15/><F64/><W67/><G67/><T57/><D57/><U7/><E18/><N who="2" m="12503" /><F70/><W73/><G73/><T109/><D109/><U16/><E7/><N who="2" m="3551" /><F117/><W20/><G20/><T120/><D120/><U101/><E63/><V36/><F36/><W78/><G78/><T60/><D60/><U5/><E61/><V106/><F106/><W100/><G100/><T98/><D98/><U32/><E32/><V21/><F95/><W1/><G114/><T50/><D35/><U17/><E59/><V133/><F21/><W38/><REACH who="3" step="1"/><G9/><REACH who="3" ten="139,338,235,278" step="2"/><T112/><D112/><U134/><E134/><V82/><F133/><W87/><G87/><T76/><D75/><U129/><E86/><V66/><F66/><W81/><G81/><AGARI ba="1,1" hai="45,49,55,81,82,91,92,96" m="3551,12503" machi="81" ten="30,2000,0" yaku="8,1,52,1" doraHai="43" who="2" fromWho="3" sc="139,0,338,0,235,33,278,-23" /><INIT seed="6,0,0,0,3,106" ten="139,338,268,255" oya="2" hai0="1,122,28,128,89,45,83,18,44,27,125,16,64" hai1="57,73,47,133,62,21,59,104,92,7,49,39,126" hai2="4,19,32,50,113,12,112,51,97,110,22,108,60" hai3="95,78,6,52,68,5,79,66,56,111,118,9,33"/><V71/><F32/><W74/><G33/><T135/><D122/><U80/><E104/><V69/><F97/><W26/><G118/><T37/><D1/><U102/><E39/><V96/><F96/><W46/><G26/><T58/><D125/><U109/><E109/><N who="2" m="42091" /><F4/><W15/><G111/><T20/><D135/><U17/><E7/><V101/><F101/><W115/><G115/><N who="2" m="44105" /><F60/><W93/><G6/><T53/><D128/><U105/><E92/><V10/><F10/><W70/><G95/><T11/><D64/><U82/><E102/><V61/><F61/><W127/><G93/><T36/><D36/><U132/><E105/><V94/><F94/><W107/><G107/><T24/><D37/><U72/><E82/><V91/><F91/><W124/><G66/><T121/><D121/><U130/><E80/><V43/><F43/><W90/><G90/><T23/><D83/><U81/><E81/><V114/><F114/><W131/><G79/><T31/><D89/><U35/><E62/><V116/><F116/><W40/><G78/><T30/><REACH who="0" step="1"/><D11/><REACH who="0" ten="129,338,268,255" step="2"/><U129/><E126/><V55/><F71/><W3/><G70/><T76/><D76/><U86/><E132/><V14/><F69/><W117/><G68/><T54/><D54/><N who="1" m="30015" /><E133/><V119/><F119/><W8/><G117/><T29/><N who="0" m="7168" /><DORA hai="88" /><T103/><D103/><U13/><E35/><V87/><F55/><W48/><G124/><T100/><D100/><U2/><E2/><V41/><F41/><W123/><G127/><T77/><D77/><U98/><E130/><V0/><F0/><W38/><G131/><RYUUKYOKU ba="0,1" sc="129,30,338,-10,268,-10,255,-10" hai0="16,18,20,23,24,27,44,45,53,58" /><INIT seed="7,1,1,3,1,18" ten="159,328,258,245" oya="3" hai0="110,10,88,27,104,107,33,13,94,106,25,36,54" hai1="37,125,67,24,101,22,2,14,45,97,35,16,135" hai2="1,41,11,115,96,112,124,44,56,4,43,117,3" hai3="15,73,81,42,17,120,95,47,62,134,8,122,38"/><W84/><G73/><T93/><D110/><U58/><E125/><V55/><F124/><W105/><G105/><T6/><D36/><U116/><E135/><V31/><F117/><W77/><G134/><T26/><D94/><N who="1" m="58551" /><E35/><V49/><F31/><W98/><REACH who="3" step="1"/><G62/><REACH who="3" ten="159,328,258,235" step="2"/><T83/><D83/><U133/><E133/><V48/><F115/><W29/><G29/><T82/><D82/><U127/><E116/><V76/><F112/><W92/><G92/><T64/><D64/><U74/><E67/><V66/><F66/><W34/><G34/><T102/><D102/><AGARI ba="1,2" hai="8,15,17,38,42,47,77,81,84,95,98,102,120,122" machi="102" ten="30,2900,0" yaku="1,1,7,1,53,0" doraHai="18" doraHaiUra="20" who="3" fromWho="0" sc="159,-32,328,0,258,0,235,52" /><INIT seed="7,2,0,4,4,130" ten="127,328,258,287" oya="3" hai0="93,14,104,135,63,80,23,8,31,60,13,9,92" hai1="123,15,41,65,101,0,61,71,29,83,24,127,35" hai2="102,124,73,44,51,116,120,115,82,95,34,11,76" hai3="62,66,108,128,7,131,56,53,88,22,112,98,48"/><W125/><G7/><T100/><D104/><U58/><E0/><V59/><F34/><W126/><G112/><T129/><D80/><U72/><E123/><V121/><F115/><W40/><G22/><T3/><D100/><U17/><E127/><N who="3" m="48650" /><G108/><T78/><D78/><U47/><E101/><V25/><F116/><W18/><G18/><T84/><D84/><U43/><E72/><V87/><F124/><W97/><G40/><T69/><D69/><U114/><E83/><V27/><F11/><W86/><G98/><T16/><D129/><N who="3" m="49737" /><G97/><T52/><D31/><U55/><E114/><V91/><F102/><W20/><G20/><T37/><D23/><U57/><E17/><V89/><F120/><W5/><G5/><T105/><D105/><U54/><E43/><V132/><F121/><W2/><G2/><T26/><D3/><U45/><E15/><V46/><F25/><W12/><G12/><T117/><D26/><U118/><E41/><V85/><F27/><W77/><G77/><T19/><D37/><U79/><E79/><V134/><F76/><W21/><G21/><T36/><D36/><U122/><E122/><V28/><F28/><W106/><G106/><T70/><D70/><U103/><E71/><V32/><F32/><W42/><G42/><T99/><D99/><U6/><E35/><V119/><F119/><W74/><G74/><T49/><D117/><U38/><E118/><V50/><F73/><W4/><G4/><T133/><D49/><U111/><E6/><V67/><F50/><W30/><G48/><T64/><D64/><U39/><E39/><RYUUKYOKU ba="2,0" sc="127,30,328,-10,258,-10,287,-10" hai0="8,9,13,14,16,19,52,60,63,92,93,133,135" owari="157,-34.0,318,41.0,248,-15.0,277,8.0" /></mjloggm>