<mjloggm ver="2.3"><GO type="169" lobby="0"/><UN n0="%4B%53%4D%43" n1="%E9%BA%BB%E9%9B%80%E4%B8%80%E7%95%AA%E8%A1%97" n2="%E5%AD%90%E4%BE%9B%E4%BC%9A%E5%93%A1" n3="%E3%83%8F%E3%83%A4%E3%83%86" dan="16,16,17,16" rate="2085.64,2090.43,2203.24,2072.63" sx="M,M,M,M"/><TAIKYOKU oya="0"/><INIT seed="0,0,0,4,1,114" ten="250,250,250,250" oya="0" hai0="103,34,78,36,0,63,41,3,135,6,112,95,30" hai1="111,69,91,38,122,67,72,79,84,76,115,120,100" hai2="123,43,134,47,40,18,22,97,4,5,77,88,20" hai3="55,53,70,7,9,51,24,92,109,44,25,45,10"/><T121/><D121/><U64/><E38/><V33/><F33/><W68/><G109/><T35/><D112/><U37/><E37/><V13/><F123/><W108/><G108/><T82/><D135/><U110/><E69/><V99/><F134/><W19/><G92/><T59/><D95/><U57/><E115/><V113/><F113/><W96/><G96/><N who="2" m="36937" /><F77/><W71/><G19/><T56/><D103/><U14/><E14/><N who="2" m="9303" /><F88/><W32/><G32/><T126/><D126/><U1/><E100/><V23/><F47/><W54/><G7/><N who="2" m="2633" /><F13/><W58/><G58/><T119/><D59/><U130/><E57/><V29/><F29/><W46/><REACH who="3" step="1"/><G51/><REACH who="3" ten="250,250,250,240" step="2"/><T8/><D56/><U66/><E110/><V94/><F94/><W132/><G132/><T89/><D35/><U65/><E111/><V116/><F116/><W128/><G128/><T52/><D34/><U98/><E130/><V129/><F129/><W2/><G2/><T101/><D119/><U27/><E122/><V83/><F83/><W48/><G48/><T90/><D82/><U12/><E120/><V81/><F81/><W107/><G107/><T75/><D36/><U28/><E1/><V15/><F15/><W86/><G86/><T93/><D3/><U118/><E84/><V85/><F85/><W61/><G61/><T106/><D0/><U73/><E118/><V74/><F74/><W104/><G104/><T31/><D106/><U87/><E87/><V133/><F133/><W62/><G62/><T42/><D75/><U50/><E98/><V80/><F80/><W117/><G117/><T131/><D63/><RYUUKYOKU ba="0,1" sc="250,-15,250,-15,250,15,240,15" hai2="22,23,40,43" hai3="9,10,24,25,44,45,46,53,54,55,68,70,71" /><INIT seed="1,1,1,3,3,1" ten="235,235,265,255" oya="1" hai0="37,135,10,0,23,131,74,123,102,84,101,105,114" hai1="13,117,35,3,93,18,32,45,60,111,125,6,14" hai2="47,121,40,58,81,86,132,97,96,68,48,15,72" hai3="128,62,77,61,25,64,55,71,46,87,126,109,29"/><U108/><E117/><V129/><F121/><W79/><G109/><N who="1" m="42058" /><E3/><V78/><F68/><W83/><G128/><T116/><D114/><U113/><E113/><V49/><F132/><W134/><G134/><T38/><D135/><U119/><E119/><V52/><F129/><W42/><G126/><T73/><D131/><U34/><E125/><V24/><F72/><W127/><G127/><T69/><D116/><U88/><E60/><V59/><F24/><W16/><G79/><T57/><D0/><U9/><E45/><V33/><F33/><W11/><G55/><T8/><D123/><U92/><E88/><V75/><F75/><W31/><G62/><T41/><D69/><U112/><E112/><V5/><F59/><W82/><G82/><T43/><D105/><U98/><E98/><V100/><F100/><W110/><G110/><T56/><D84/><U4/><E4/><V65/><F65/><W39/><REACH who="3" step="1"/><G11/><AGARI ba="1,1" hai="6,9,11,13,14,18,32,34,35,92,93" m="42058" machi="11" ten="40,7700,0" yaku="14,1,10,1,52,1" doraHai="1" who="1" fromWho="3" sc="235,0,235,90,265,0,255,-80" /><AGARI ba="1,0" hai="5,11,15,40,47,48,49,52,58,78,81,86,96,97" machi="11" ten="40,8000,1" yaku="25,2,8,1,52,1,54,1" doraHai="1" who="2" fromWho="3" sc="235,0,325,0,265,80,175,-80" /><INIT seed="1,2,0,1,5,37" ten="235,325,345,95" oya="1" hai0="60,32,18,78,119,89,13,57,62,124,115,98,130" hai1="65,3,66,101,122,9,30,76,10,97,40,77,19" hai2="29,5,79,41,8,58,105,2,71,68,118,82,111" hai3="12,26,63,96,99,69,0,123,100,114,67,92,20"/><U42/><E122/><V80/><F118/><W126/><G123/><T127/><D119/><U45/><E30/><V134/><F111/><W36/><G0/><T102/><D115/><U24/><E3/><V132/><F105/><W103/><G36/><T83/><D130/><U131/><E131/><V61/><F29/><W112/><G126/><N who="0" m="48171" /><D89/><U59/><E45/><V55/><F41/><N who="1" m="15977" /><E101/><V86/><REACH who="2" step="1"/><F82/><REACH who="2" ten="235,325,335,95" step="2"/><W85/><G114/><T46/><D83/><U35/><E35/><V121/><F121/><W15/><G112/><T95/><D32/><U104/><E104/><V17/><F17/><W44/><G44/><T27/><D46/><U72/><E72/><V93/><F93/><W7/><G7/><T94/><D94/><U74/><E74/><V34/><F34/><W56/><G92/><T33/><D33/><U48/><E97/><V90/><F90/><W129/><G99/><T49/><D78/><N who="1" m="30315" /><E19/><V110/><F110/><W120/><G96/><T64/><D98/><U75/><E75/><V87/><F87/><W117/><G129/><T81/><D18/><U106/><E106/><V39/><F39/><W88/><G117/><T128/><D128/><U125/><E125/><V113/><F113/><W107/><G120/><T47/><D102/><U23/><E23/><V1/><F1/><W11/><G107/><T51/><D47/><U84/><E84/><V91/><F91/><W53/><G103/><T4/><D95/><U52/><E24/><V25/><F25/><W109/><G100/><T133/><D27/><U14/><E14/><V16/><F16/><W6/><G15/><RYUUKYOKU ba="2,1" sc="235,-15,325,15,335,15,95,-15" hai1="9,10,48,52,59,65,66" hai2="2,5,8,55,58,61,68,71,79,80,86,132,134" /><INIT seed="1,3,1,2,0,33" ten="220,340,350,80" oya="1" hai0="133,34,83,124,95,52,53,16,107,47,38,114,27" hai1="115,88,25,6,90,51,79,70,48,40,130,9,134" hai2="35,85,10,41,92,42,29,96,64,73,84,132,12" hai3="101,11,109,56,128,17,97,126,91,117,108,59,63"/><U135/><E115/><V119/><F73/><W98/><G128/><T82/><D114/><U45/><E70/><V1/><F1/><W14/><G126/><T18/><D107/><U81/><E130/><V65/><F119/><W61/><G117/><T71/><D124/><U5/><E25/><V8/><F35/><W106/><G91/><T123/><D71/><U69/><E69/><V93/><F29/><W125/><G125/><T50/><D38/><U20/><E20/><V15/><REACH who="2" step="1"/><F132/><REACH who="2" ten="220,340,340,80" step="2"/><N who="1" m="50729" /><E48/><V104/><F104/><W19/><G106/><T111/><D133/><U57/><E57/><V22/><F22/><W32/><G59/><T99/><D123/><U3/><E6/><V72/><F72/><AGARI ba="3,2" hai="3,5,9,40,45,51,72,79,81,88,90" m="50729" machi="72" ten="30,5800,0" yaku="20,1,52,1,54,1" doraHai="33" who="1" fromWho="2" sc="220,0,340,87,340,-67,80,0" /><INIT seed="1,4,0,3,3,9" ten="220,427,273,80" oya="1" hai0="10,11,85,113,74,29,125,103,78,45,16,48,24" hai1="115,117,14,34,46,91,1,95,90,87,94,110,123" hai2="60,130,22,7,96,55,30,61,65,38,106,3,42" hai3="0,73,17,69,31,50,77,27,98,47,109,35,21"/><U51/><E1/><V88/><F130/><W80/><G109/><T107/><D125/><U5/><E115/><V20/><F7/><W37/><G69/><T28/><D113/><U58/><E117/><V108/><F3/><W64/><G64/><T12/><D74/><U36/><E123/><V81/><F108/><W93/><G0/><T102/><D107/><U6/><E110/><V105/><F38/><W57/><G57/><T133/><D133/><U2/><E2/><V53/><F42/><W126/><G126/><T52/><D10/><U114/><E114/><V75/><F75/><W76/><G76/><T44/><D44/><U118/><E118/><V72/><F72/><W68/><G68/><T25/><D25/><U121/><E121/><V116/><F116/><W71/><G71/><T59/><D59/><U62/><E34/><V54/><F61/><W131/><G131/><T124/><D124/><U104/><E104/><V135/><F135/><W122/><G37/><T13/><D13/><U40/><E36/><V33/><F33/><W67/><G67/><T119/><D119/><U129/><E129/><V15/><F15/><N who="3" m="9407" /><G122/><T128/><D128/><U32/><E32/><V18/><F106/><W112/><G112/><T66/><D66/><N who="1" m="39255" /><E14/><N who="2" m="9303" /><F105/><W4/><G4/><T23/><D29/><U56/><E56/><N who="2" m="36999" /><F30/><W84/><G73/><T89/><D78/><U70/><E70/><V100/><F22/><W82/><G35/><T39/><D39/><U41/><E41/><V8/><F8/><W92/><G31/><T97/><D97/><AGARI ba="4,0" hai="5,6,40,46,51,87,90,91,94,95,97" m="39255" machi="97" ten="30,1500,0" yaku="8,1" doraHai="9" who="1" fromWho="0" sc="220,-27,427,27,273,0,80,0" /><INIT seed="1,5,0,1,5,22" ten="193,454,273,80" oya="1" hai0="29,26,5,38,129,55,134,24,10,119,103,51,54" hai1="68,86,11,42,121,14,21,70,43,39,52,66,116" hai2="36,47,91,8,76,127,71,2,78,50,99,132,113" hai3="110,131,28,30,64,114,120,133,84,98,101,109,18"/><U56/><E116/><V97/><F113/><W81/><G120/><T72/><D119/><U32/><E32/><V53/><F71/><W31/><G114/><T128/><D38/><U65/><E121/><V12/><F36/><W125/><G125/><T59/><D134/><U95/><E70/><V37/><F37/><W102/><G133/><T27/><D72/><U23/><E68/><V87/><F2/><W49/><G64/><N who="1" m="24682" /><E39/><V82/><F132/><W105/><G102/><T89/><D89/><N who="1" m="53687" /><E23/><V61/><F61/><W0/><G0/><N who="0" m="295" /><D55/><U16/><E11/><V4/><REACH who="2" step="1"/><F127/><REACH who="2" ten="193,454,263,80" step="2"/><W3/><G3/><T77/><D77/><AGARI ba="5,1" hai="4,8,12,47,50,53,76,77,78,82,87,91,97,99" machi="77" ten="40,5200,0" yaku="1,1,2,1,8,1,53,0" doraHai="22" doraHaiUra="69" who="2" fromWho="0" sc="193,-67,454,0,263,77,80,0" /><INIT seed="2,0,0,2,5,126" ten="126,454,340,80" oya="2" hai0="10,65,93,6,104,62,79,129,14,59,87,134,112" hai1="29,38,67,60,69,71,81,124,34,68,102,55,95" hai2="61,15,20,119,3,121,72,78,25,80,115,76,103" hai3="43,127,35,1,70,41,56,118,2,19,98,37,77"/><V117/><F3/><W26/><G118/><T17/><D112/><U54/><E38/><V49/><F121/><W99/><G70/><T11/><D134/><U113/><E113/><V97/><F115/><W123/><G123/><T132/><D132/><U22/><E34/><V52/><F78/><W135/><G135/><T45/><D129/><U73/><E124/><V8/><F61/><W66/><G77/><T23/><D104/><U90/><E102/><V131/><F131/><W114/><G114/><T128/><D128/><U16/><E29/><V107/><F20/><N who="3" m="13599" /><G37/><T89/><D79/><U51/><E81/><V33/><F25/><W0/><G35/><T63/><D6/><U125/><E73/><V83/><F83/><W91/><G0/><T85/><D85/><N who="1" m="52687" /><E55/><V57/><REACH who="2" step="1"/><F33/><REACH who="2" ten="126,454,330,80" step="2"/><W122/><G1/><T100/><D63/><U53/><E125/><V109/><F109/><W64/><G2/><T28/><D28/><U4/><E22/><V74/><F74/><W88/><G122/><T21/><D21/><U42/><E60/><V31/><F31/><W58/><G127/><T106/><D62/><U84/><E71/><V101/><F101/><W12/><G66/><T133/><D100/><U75/><E67/><V46/><F46/><W48/><G64/><T27/><D65/><U18/><E68/><V86/><F86/><W39/><G99/><T7/><D133/><U36/><E84/><V24/><F24/><W44/><G98/><T9/><D45/><U82/><E75/><V105/><F105/><W130/><G130/><T120/><D106/><U111/><E69/><RYUUKYOKU ba="0,1" sc="126,-10,454,-10,330,30,80,-10" hai2="8,15,49,52,57,72,76,80,97,103,107,117,119" /><INIT seed="2,1,1,3,4,69" ten="116,444,360,70" oya="2" hai0="14,56,68,39,70,88,43,1,97,128,63,35,73" hai1="99,57,38,107,94,46,115,23,114,64,103,127,4" hai2="65,117,101,50,8,111,59,123,32,30,113,13,98" hai3="75,28,105,126,41,108,95,25,132,119,7,58,100"/><V24/><F123/><W2/><G119/><T44/><D1/><U96/><E127/><V66/><F113/><W134/><G75/><T118/><D118/><U27/><E4/><V77/><F117/><W40/><G105/><T48/><D128/><U87/><E87/><V110/><F77/><W72/><G72/><T102/><D73/><U86/><E86/><V60/><F50/><W12/><G2/><T16/><D35/><U36/><E46/><V82/><F82/><W34/><G126/><T18/><D18/><U42/><E42/><V81/><F81/><W90/><G100/><T10/><D48/><U51/><E51/><V0/><F66/><W131/><G131/><T11/><D11/><U85/><E85/><V61/><F61/><W104/><G104/><T21/><D10/><U5/><E5/><V78/><F78/><W52/><G108/><N who="2" m="41513" /><F0/><W120/><G120/><T130/><D130/><U109/><E107/><N who="2" m="63927" /><F8/><N who="3" m="4127" /><G90/><T33/><D33/><U79/><E109/><V49/><F49/><N who="3" m="30991" /><G95/><T53/><REACH who="0" step="1"/><D88/><REACH who="0" ten="106,444,360,70" step="2"/><U121/><E121/><V106/><F32/><W22/><G34/><T62/><D62/><U122/><E122/><V124/><F124/><W29/><G29/><T74/><D74/><U20/><E115/><V133/><F30/><W125/><G125/><T19/><D19/><U129/><E114/><V45/><F60/><W6/><G6/><T47/><D47/><U83/><E129/><V135/><F45/><W9/><G9/><T116/><D116/><U92/><E20/><V76/><F133/><AGARI ba="1,2" hai="22,25,28,40,41,132,133,134" m="30991,4127" machi="133" ten="30,2000,0" yaku="20,1,54,1" doraHai="69" who="3" fromWho="2" sc="106,0,444,0,360,-23,70,43" /><INIT seed="3,0,0,1,4,92" ten="106,444,337,113" oya="3" hai0="76,22,127,12,49,17,10,21,62,14,20,88,119" hai1="56,19,30,72,134,110,1,120,41,70,13,122,83" hai2="132,100,51,85,66,106,52,87,103,75,7,23,37" hai3="57,18,95,60,129,86,121,108,65,101,5,69,50"/><W116/><G121/><T111/><D119/><U114/><E110/><V63/><F132/><W102/><G116/><T27/><D111/><U26/><E114/><V24/><F75/><W124/><G108/><T90/><D127/><U133/><E70/><V97/><F37/><W59/><G124/><T89/><D76/><N who="1" m="44423" /><E1/><V61/><F7/><W34/><G34/><T54/><D62/><U93/><E41/><V2/><F2/><W58/><G129/><T4/><REACH who="0" step="1"/><D27/><REACH who="0" ten="96,444,337,113" step="2"/><U117/><E26/><V109/><F109/><W77/><G5/><T98/><D98/><U81/><E122/><V125/><F125/><W68/><G68/><T84/><D84/><U53/><E120/><V64/><F61/><W11/><G69/><T8/><D8/><U74/><E117/><V126/><F126/><W131/><G131/><T0/><D0/><U91/><E134/><V40/><F63/><W130/><G130/><T29/><D29/><U31/><E30/><V47/><F97/><W6/><G6/><T104/><D104/><U9/><E31/><V113/><F106/><W71/><G77/><T67/><D67/><U44/><E133/><V80/><F66/><W128/><G128/><T94/><D94/><U105/><E93/><V99/><F64/><W33/><G95/><T25/><D25/><U3/><E3/><V135/><F135/><W73/><G71/><T118/><D118/><U115/><E115/><V123/><F113/><W112/><G65/><T39/><D39/><U42/><E105/><V45/><F123/><W38/><G112/><T48/><D48/><U16/><E9/><RYUUKYOKU ba="0,1" sc="96,30,444,-10,337,-10,113,-10" hai0="4,10,12,14,17,20,21,22,49,54,88,89,90" /><INIT seed="4,1,1,2,0,77" ten="126,434,327,103" oya="0" hai0="13,38,19,49,115,33,123,2,96,70,74,40,75" hai1="31,28,131,0,121,124,63,6,116,114,7,72,80" hai2="26,11,97,18,57,15,39,60,30,103,45,119,112" hai3="85,56,117,126,22,43,108,4,9,86,102,135,32"/><T110/><D123/><U134/><E116/><V95/><F119/><W91/><G32/><T82/><D2/><U46/><E121/><V94/><F112/><W10/><G117/><T90/><D115/><U132/><E114/><V111/><F111/><W47/><G108/><T3/><D3/><U61/><E131/><V109/><F109/><W98/><G135/><N who="1" m="51754" /><E124/><V21/><F94/><N who="3" m="58711" /><G126/><T84/><D110/><U23/><E46/><V68/><F68/><W27/><G85/><T36/><D33/><U41/><E41/><V34/><F34/><W133/><G133/><T42/><D70/><U24/><E28/><V52/><F39/><W66/><G4/><N who="1" m="1578" /><E0/><V88/><REACH who="2" step="1"/><F45/><REACH who="2" ten="126,434,317,103" step="2"/><W83/><G47/><T14/><D38/><U73/><E73/><V118/><F118/><W127/><G127/><T129/><D36/><U20/><E20/><V51/><F51/><W29/><G43/><T92/><D49/><U71/><E71/><V120/><F120/><W87/><G56/><T105/><D75/><U48/><E48/><V50/><F50/><W5/><G5/><T99/><D74/><U53/><E72/><V16/><F16/><W44/><G44/><T55/><D19/><U59/><E63/><V76/><F76/><N who="3" m="46439" /><G66/><T100/><D105/><U69/><E69/><V107/><F107/><W130/><G130/><T125/><D129/><U78/><E78/><V106/><F106/><W62/><G62/><T79/><D125/><U1/><E61/><V104/><F104/><W17/><G17/><T122/><D122/><U35/><E35/><V128/><F128/><W12/><G12/><RYUUKYOKU ba="1,2" sc="126,-15,434,-15,317,15,103,15" hai2="11,15,18,21,26,30,52,57,60,88,95,97,103" hai3="9,10,22,27,29,87,91" /><INIT seed="5,2,2,4,0,4" ten="111,419,332,118" oya="1" hai0="64,11,121,109,130,32,110,73,5,81,102,118,30" hai1="67,0,78,96,27,108,128,57,6,113,82,60,12" hai2="45,129,38,41,76,92,52,79,13,29,70,24,91" hai3="72,55,125,19,9,50,89,105,101,80,112,17,31"/><U22/><E0/><V10/><F129/><W3/><G112/><T95/><D130/><U103/><E128/><V75/><F75/><W16/><G125/><T122/><D118/><U135/><E113/><V77/><F70/><W33/><G33/><T28/><D64/><U66/><E135/><V71/><F71/><W21/><G105/><T97/><D81/><U62/><E108/><N who="0" m="41577" /><D73/><U85/><E6/><V61/><F61/><W47/><G101/><T23/><D23/><U74/><E74/><V132/><F52/><W116/><G116/><T1/><D32/><U68/><E12/><V98/><F132/><W84/><G72/><T40/><D40/><U15/><E15/><V43/><F43/><W94/><G31/><T34/><D34/><U44/><E44/><V8/><REACH who="2" step="1"/><F13/><REACH who="2" ten="111,419,322,118" step="2"/><N who="3" m="7215" /><G3/><T107/><D107/><U37/><E68/><V63/><F63/><W69/><G69/><T99/><D1/><U54/><E62/><V117/><F117/><W124/><G124/><T83/><D122/><U100/><E60/><V86/><F86/><N who="3" m="52535" /><G21/><AGARI ba="2,3" hai="8,10,21,24,29,38,41,45,76,77,79,91,92,98" machi="21" ten="40,8000,1" yaku="1,1,52,2,53,1" doraHai="4" doraHaiUra="18" who="2" fromWho="3" sc="111,0,419,0,322,116,118,-86" /><INIT seed="6,0,0,2,3,92" ten="111,419,438,32" oya="2" hai0="42,55,109,31,69,26,80,134,53,38,131,45,24" hai1="32,56,100,49,71,4,6,124,17,93,120,54,62" hai2="68,132,102,99,34,2,58,72,66,67,41,116,78" hai3="86,63,29,94,13,126,50,85,73,106,47,14,101"/><V108/><F116/><W123/><G73/><T107/><D109/><U59/><E71/><V89/><F58/><W3/><G123/><T21/><D134/><U130/><E120/><V76/><F89/><W118/><G3/><T98/><D131/><U111/><E111/><V122/><F41/><W104/><G126/><T27/><D69/><U60/><E124/><V12/><F12/><W117/><G29/><T103/><D80/><U51/><E130/><V79/><F122/><W135/><G135/><T44/><D44/><U8/><E32/><V10/><F108/><W36/><G36/><T23/><D27/><U119/><E119/><V30/><F132/><W81/><G63/><T65/><D65/><U35/><E35/><V11/><F72/><W33/><G33/><T9/><D9/><U5/><E17/><AGARI ba="0,0" hai="17,21,23,24,26,31,38,42,45,53,55,98,103,107" machi="17" ten="30,2000,0" yaku="7,1,52,1" doraHai="92" who="0" fromWho="1" sc="111,20,419,-20,438,0,32,0" /><INIT seed="7,0,0,1,5,91" ten="131,399,438,32" oya="3" hai0="93,40,6,45,110,43,79,103,87,63,65,66,109" hai1="130,86,117,25,68,67,23,0,50,54,114,11,76" hai2="84,57,111,33,15,104,88,3,70,7,134,32,105" hai3="101,61,119,37,41,17,72,74,30,124,99,20,78"/><W94/><G119/><T102/><D6/><U120/><E120/><V51/><F70/><W122/><G122/><T34/><D34/><U47/><E117/><V58/><F3/><W1/><G124/><T49/><D79/><U64/><E130/><V113/><F111/><W38/><G1/><T44/><D87/><U46/><E114/><V59/><F51/><W83/><G30/><T112/><D112/><U22/><E46/><V13/><F113/><W118/><G118/><T53/><D53/><U135/><E135/><V10/><F15/><W98/><G74/><T9/><D9/><U8/><E22/><V121/><F121/><W81/><G81/><T26/><D26/><U35/><E35/><V12/><F12/><W48/><G61/><T116/><D116/><U132/><E132/><V5/><F5/><W85/><G72/><T107/><D107/><U36/><E36/><V77/><F77/><W19/><G98/><T62/><D49/><U55/><E55/><V97/><F134/><W133/><G133/><T73/><D73/><U108/><E108/><V106/><REACH who="2" step="1"/><F97/><REACH who="2" ten="131,399,428,32" step="2"/><W52/><G41/><T95/><AGARI ba="0,1" hai="40,43,44,45,62,63,65,66,93,95,102,103,109,110" machi="95" ten="25,8000,1" yaku="0,1,22,2,52,2" doraHai="91" who="0" fromWho="0" sc="131,90,399,-20,428,-20,32,-40" owari="221,-18.0,379,18.0,408,51.0,-8,-51.0" /></mjloggm>