<mjloggm ver="2.3"><GO type="169" lobby="0"/><UN n0="%E8%99%B9%E9%AD%94%E5%B0%8E%E5%A3%AB" n1="%E3%83%8E%E3%83%8A%E3%83%A1%E3%81%A1%E3%82%83%E3%82%93" n2="%E7%81%B0%E5%8E%9F%E5%93%80" n3="%E6%80%96%E3%81%8F%E3%81%AA%E3%81%84%E3%81%8A" dan="17,16,16,18" rate="2142.98,2031.71,2073.68,2140.76" sx="M,F,F,M"/><TAIKYOKU oya="0"/><INIT seed="0,0,0,1,5,129" ten="250,250,250,250" oya="0" hai0="87,76,84,27,62,51,89,46,67,133,116,94,119" hai1="1,134,86,70,117,110,99,36,120,13,61,9,132" hai2="109,11,45,131,30,82,85,19,103,17,50,88,77" hai3="65,52,0,26,60,118,10,25,121,135,41,3,20"/><T69/><D133/><U56/><E120/><V126/><F126/><W12/><G118/><T53/><REACH who="0" step="1"/><D27/><REACH who="0" ten="240,250,250,250" step="2"/><U111/><E117/><V59/><F131/><W14/><G135/><T68/><D68/><U28/><E70/><V24/><F24/><W35/><G26/><T42/><D42/><U18/><E132/><V93/><F30/><W124/><G41/><T55/><D55/><U47/><E28/><V114/><F114/><W75/><G52/><T81/><AGARI ba="0,1" hai="46,51,53,62,67,69,76,81,84,87,89,94,116,119" machi="81" ten="30,3000,0" yaku="1,1,0,1,53,0" doraHai="129" doraHaiUra="39" who="0" fromWho="0" sc="240,40,250,-10,250,-10,250,-10" /><INIT seed="0,1,0,0,4,58" ten="280,240,240,240" oya="0" hai0="38,110,83,104,1,19,93,116,82,35,112,109,120" hai1="47,27,13,67,128,70,118,9,76,40,121,54,22" hai2="55,132,60,126,2,123,14,12,71,44,85,0,7" hai3="78,46,135,39,20,6,15,25,21,61,66,41,79"/><T72/><RYUUKYOKU type="yao9" ba="1,0" sc="280,0,240,0,240,0,240,0" hai0="1,19,35,38,72,82,83,93,104,109,110,112,116,120" /><INIT seed="0,2,0,2,3,112" ten="280,240,240,240" oya="0" hai0="20,95,26,91,43,92,135,127,106,99,82,88,63" hai1="16,52,25,22,107,117,12,32,40,59,18,116,90" hai2="78,41,98,30,21,93,97,44,81,0,13,11,4" hai3="31,58,49,124,65,113,126,45,60,3,115,76,121"/><T73/><D135/><U27/><E107/><V79/><F79/><W37/><G3/><T62/><D106/><U5/><E40/><V38/><F93/><W114/><G31/><T122/><D122/><U94/><E5/><V86/><F0/><W85/><G85/><T104/><D104/><U132/><E132/><V77/><F77/><W105/><G76/><T67/><D82/><U17/><E32/><V42/><F42/><N who="3" m="22735" /><G105/><T56/><D73/><U128/><E128/><V28/><F28/><W9/><G9/><T68/><D43/><U53/><E53/><V7/><F7/><W129/><G129/><T55/><D127/><N who="3" m="48681" /><G49/><T10/><D10/><U119/><E119/><V130/><F130/><W34/><G34/><T101/><REACH who="0" step="1"/><D95/><REACH who="0" ten="270,240,240,240" step="2"/><U109/><E94/><V89/><F11/><W71/><G121/><T84/><D84/><U102/><E117/><V83/><F83/><W74/><G74/><T133/><D133/><U131/><E131/><V100/><F81/><W72/><G72/><T19/><AGARI ba="2,1" hai="19,20,26,55,56,62,63,67,68,88,91,92,99,101" machi="19" ten="20,7800,0" yaku="1,1,0,1,7,1,54,1,53,0" doraHai="112" doraHaiUra="24" who="0" fromWho="0" sc="270,94,240,-28,240,-28,240,-28" /><INIT seed="0,3,0,4,4,7" ten="364,212,212,212" oya="0" hai0="0,84,134,36,119,123,30,56,8,71,21,62,99" hai1="111,129,29,67,73,68,76,17,40,37,97,100,132" hai2="19,64,32,121,1,69,14,117,93,2,83,74,122" hai3="115,77,11,20,13,106,27,43,113,108,51,130,53"/><T12/><D119/><U60/><E132/><V72/><F32/><W47/><G108/><T78/><D123/><U66/><E129/><V9/><F117/><W25/><G130/><T70/><D36/><U3/><E111/><V126/><F126/><W5/><G106/><T59/><D134/><U95/><E3/><V65/><F93/><W107/><G107/><T110/><D0/><U81/><E67/><V42/><F42/><W88/><G77/><T50/><D50/><U24/><E17/><V116/><F116/><W6/><G6/><T112/><D59/><U16/><E16/><V15/><F83/><W55/><G115/><T28/><D112/><U38/><REACH who="1" step="1"/><E40/><REACH who="1" ten="364,202,212,212" step="2"/><V98/><F19/><N who="3" m="12447" /><G113/><T61/><D110/><U80/><E80/><V124/><F124/><W26/><G26/><T131/><D131/><U54/><E54/><V85/><F69/><W91/><G27/><T49/><D70/><U127/><E127/><V45/><F65/><W118/><G118/><T90/><D71/><U48/><E48/><V31/><F64/><W101/><G101/><T63/><D49/><U87/><E87/><V104/><F85/><W135/><G135/><T92/><D84/><U23/><AGARI ba="3,1" hai="23,24,29,37,38,60,66,68,73,76,81,95,97,100" machi="23" ten="20,5200,0" yaku="1,1,0,1,7,1,53,1" doraHai="7" doraHaiUra="18" who="1" fromWho="1" sc="364,-29,202,71,212,-16,212,-16" /><INIT seed="1,0,0,5,2,4" ten="335,273,196,196" oya="1" hai0="10,20,80,75,27,99,39,15,25,91,13,38,108" hai1="68,103,119,21,126,106,110,0,30,90,63,41,117" hai2="24,57,124,53,120,31,37,116,111,88,61,105,107" hai3="40,97,43,83,121,55,58,35,6,74,56,60,118"/><U109/><E126/><V79/><F120/><W44/><G35/><T69/><D69/><U101/><E0/><V132/><F116/><W64/><G121/><T11/><D108/><N who="1" m="41579" /><E41/><V70/><F111/><W45/><G97/><T87/><D75/><U112/><E112/><V2/><F79/><W32/><G6/><N who="0" m="3287" /><D39/><U71/><E90/><V102/><F37/><N who="3" m="21519" /><G83/><T76/><D20/><U42/><E42/><V129/><F2/><W16/><G16/><N who="0" m="8319" /><D38/><U82/><E82/><V46/><F124/><W135/><G32/><T94/><AGARI ba="0,0" hai="25,27,76,80,87,91,94,99" m="8319,3287" machi="94" ten="30,7900,0" yaku="8,1,52,2,54,1" doraHai="4" who="0" fromWho="0" sc="335,79,273,-39,196,-20,196,-20" /><INIT seed="2,0,0,3,2,122" ten="414,234,176,176" oya="2" hai0="66,125,74,80,100,4,133,14,98,7,128,22,114" hai1="87,75,104,93,95,37,34,64,71,46,23,9,27" hai2="2,32,96,103,135,39,132,41,83,78,58,61,42" hai3="17,56,11,43,68,110,79,101,124,28,77,107,18"/><V60/><F2/><W54/><G68/><T52/><D114/><U15/><E75/><V85/><F32/><W63/><G124/><T0/><D125/><U36/><E34/><V24/><F24/><W20/><G43/><T134/><D0/><U99/><E104/><V25/><F25/><W30/><G107/><T112/><D66/><U57/><E71/><V117/><F117/><W127/><G101/><T70/><D70/><U33/><E33/><V45/><F41/><W44/><G127/><T76/><D112/><U38/><E87/><V126/><F126/><W116/><G44/><T8/><D7/><U1/><E1/><V62/><REACH who="2" step="1"/><F58/><REACH who="2" ten="414,234,166,176" step="2"/><W120/><G56/><T130/><D133/><U53/><E57/><V119/><F119/><W48/><G116/><T65/><D134/><U26/><E26/><V115/><F115/><W5/><G30/><T50/><D128/><U49/><E27/><V73/><F73/><W29/><G29/><T89/><D74/><U123/><E123/><V131/><F131/><W109/><G28/><T97/><D130/><U51/><E46/><V86/><F86/><W31/><G31/><T59/><D14/><U121/><E15/><V16/><F16/><W10/><G120/><T72/><D72/><U3/><E121/><V12/><F12/><W91/><G17/><T94/><D4/><U55/><E3/><V113/><F113/><W84/><G5/><T19/><D19/><U108/><E23/><V90/><F90/><W40/><G20/><T129/><D22/><U35/><E35/><V47/><F47/><W67/><G18/><RYUUKYOKU ba="0,1" sc="414,-10,234,-10,166,30,176,-10" hai2="39,42,45,60,61,62,78,83,85,96,103,132,135" /><INIT seed="2,1,1,5,4,132" ten="404,224,196,166" oya="2" hai0="20,109,73,41,47,65,13,95,86,36,71,98,15" hai1="125,18,89,70,101,105,134,114,111,107,97,39,16" hai2="28,22,3,54,64,133,88,23,30,112,106,92,49" hai3="38,31,27,40,69,66,121,126,8,7,6,100,63"/><V35/><F106/><W56/><G121/><T117/><D73/><U59/><E114/><V51/><F3/><W81/><G100/><T4/><D109/><U44/><E70/><V21/><F112/><W37/><G56/><T46/><D4/><U72/><E107/><V84/><F133/><W115/><G115/><T55/><D117/><U62/><E72/><V122/><F122/><W131/><G131/><T33/><D33/><U19/><E111/><V5/><F64/><W79/><G40/><T61/><D86/><U29/><E134/><V17/><F5/><W118/><G118/><T120/><D20/><U58/><E29/><N who="2" m="11371" /><F35/><N who="3" m="20991" /><G6/><T135/><D120/><U45/><E39/><V67/><F67/><W32/><G32/><T128/><D128/><U127/><E89/><V99/><F84/><W124/><G38/><T75/><D75/><U96/><E96/><V14/><F51/><W119/><G37/><T78/><D135/><U130/><E130/><V77/><F77/><W11/><G119/><T68/><D78/><U43/><E43/><V24/><F24/><W80/><G11/><T10/><D10/><U93/><E105/><V123/><F123/><W34/><G34/><T104/><D104/><U91/><E101/><V85/><F99/><W87/><G80/><T52/><D68/><U76/><E76/><V110/><F110/><W25/><G25/><T57/><D71/><U108/><E108/><V82/><F82/><W26/><G26/><T116/><D116/><U129/><E129/><V94/><F94/><W12/><G69/><T74/><D36/><U9/><E93/><RYUUKYOKU ba="1,1" sc="404,-15,224,-15,196,15,166,15" hai2="14,17,21,22,23,49,54,85,88,92" hai3="7,8,12,63,66,79,81,87,124,126" /><INIT seed="2,2,1,0,4,86" ten="389,209,211,181" oya="2" hai0="93,115,100,75,66,134,29,114,26,94,92,76,83" hai1="13,87,71,48,133,90,14,132,15,65,54,67,47" hai2="111,51,121,3,64,98,110,99,20,82,120,77,55" hai3="106,50,135,39,124,63,38,128,17,35,53,36,125"/><V25/><F3/><W46/><G106/><T32/><D134/><U95/><REACH who="1" step="1"/><E71/><REACH who="1" ten="389,199,211,181" step="2"/><V131/><F120/><W2/><G135/><AGARI ba="2,2" hai="13,14,15,47,48,54,65,67,87,90,95,132,133,135" machi="135" ten="40,8000,1" yaku="21,2,2,1,20,1,52,1,53,0" doraHai="86" doraHaiUra="69" who="1" fromWho="3" sc="389,0,199,106,211,0,181,-86" /><INIT seed="3,0,0,0,3,25" ten="389,305,211,95" oya="3" hai0="110,80,38,70,97,31,40,7,56,87,116,10,33" hai1="5,134,50,99,51,84,92,130,102,6,74,79,17" hai2="94,88,63,76,127,122,1,43,117,20,90,107,67" hai3="106,16,42,125,4,126,21,13,45,49,27,34,104"/><W124/><REACH who="3" step="1"/><G4/><REACH who="3" ten="389,305,211,85" step="2"/><T28/><D7/><U89/><E5/><V0/><F0/><W73/><G73/><T105/><D116/><U118/><E6/><V115/><F1/><W52/><G52/><T3/><D3/><U95/><E118/><V100/><F117/><W36/><G36/><T111/><D38/><U123/><E74/><V2/><F2/><W71/><G71/><T44/><D70/><U48/><E123/><V82/><F122/><W60/><G60/><T101/><D10/><U68/><E68/><V103/><F63/><W69/><G69/><T72/><D72/><U83/><E50/><V62/><F62/><W135/><G135/><T85/><D56/><U81/><E51/><V23/><F67/><W53/><G53/><T37/><D33/><U121/><E48/><V11/><F11/><W61/><G61/><T55/><D55/><U65/><E121/><V54/><F54/><W18/><G18/><T12/><D37/><U108/><E65/><V9/><F9/><W128/><G128/><T96/><D40/><U77/><E134/><V32/><F43/><W133/><G133/><T75/><D75/><U58/><E130/><V112/><F32/><W78/><G78/><T30/><D44/><U129/><E129/><V91/><F76/><W64/><G64/><T14/><D105/><U93/><E77/><V131/><F107/><W24/><G24/><T47/><D47/><U109/><E79/><V132/><F131/><W120/><G120/><T29/><D110/><U15/><E109/><V8/><F132/><W19/><G19/><T22/><D111/><RYUUKYOKU ba="0,1" sc="389,-10,305,-10,211,-10,85,30" hai3="13,16,21,27,34,42,45,49,104,106,124,125,126" /><INIT seed="3,1,1,1,2,61" ten="379,295,201,115" oya="3" hai0="63,89,28,121,30,116,117,56,4,64,118,86,106" hai1="21,15,130,39,17,126,16,36,13,133,93,85,8" hai2="0,107,135,90,47,27,18,55,69,58,84,62,109" hai3="103,110,40,108,38,132,127,65,50,49,41,3,131"/><W23/><G3/><T46/><D106/><U78/><E133/><V97/><F0/><W54/><G132/><T44/><D121/><U122/><E122/><V99/><F135/><W119/><G119/><T12/><D4/><U60/><E130/><V88/><F109/><N who="3" m="42091" /><G131/><T72/><D72/><U34/><E126/><V91/><F107/><W70/><G103/><T114/><D114/><U80/><E34/><V101/><F101/><W26/><G127/><T66/><D12/><U45/><E15/><V83/><F69/><W51/><G54/><T5/><D5/><U14/><E14/><V11/><F47/><W79/><G79/><T87/><D116/><U32/><E32/><V7/><F7/><W104/><G104/><T105/><D105/><U43/><E93/><V77/><REACH who="2" step="1"/><F11/><REACH who="2" ten="379,295,191,115" step="2"/><W33/><G33/><T35/><D35/><U128/><E128/><V57/><F57/><W98/><G98/><T134/><D56/><U74/><E45/><V9/><F9/><W25/><G38/><T53/><D134/><U67/><E36/><V24/><F24/><N who="3" m="9323" /><G23/><AGARI ba="1,2" hai="18,23,27,55,58,62,77,83,84,88,90,91,97,99" machi="23" ten="40,5200,0" yaku="1,1,8,1,54,1,53,0" doraHai="61" doraHaiUra="112" who="2" fromWho="3" sc="379,0,295,0,191,75,115,-55" /><INIT seed="4,0,0,1,4,106" ten="379,295,266,60" oya="0" hai0="100,34,8,75,101,67,44,87,15,79,132,20,39" hai1="63,88,81,116,28,4,107,16,115,29,97,60,41" hai2="80,123,36,99,133,17,94,113,103,89,22,38,82" hai3="50,110,135,96,108,47,126,111,122,102,9,69,54"/><T43/><D34/><U70/><E116/><V104/><F123/><W7/><G69/><T0/><D67/><U64/><E4/><V57/><F113/><W65/><G65/><T72/><D132/><U10/><E115/><V52/><F133/><W68/><G68/><T85/><D20/><U58/><E63/><V32/><F32/><W114/><G135/><T77/><D0/><U3/><E3/><V11/><F11/><W93/><G114/><T91/><D15/><U31/><E70/><V53/><F53/><W18/><G18/><T84/><D8/><U76/><E41/><V120/><F120/><W59/><G122/><T13/><D13/><N who="1" m="7223" /><E107/><V2/><F2/><W46/><REACH who="3" step="1"/><G126/><REACH who="3" ten="379,295,266,50" step="2"/><T112/><D112/><U130/><E64/><V61/><F36/><W121/><G121/><T30/><D39/><U23/><E31/><V48/><F38/><W6/><G6/><T25/><D30/><U33/><E29/><V131/><F131/><W92/><G92/><N who="0" m="54375" /><D25/><U42/><E28/><V49/><F17/><W90/><G90/><T24/><D24/><U1/><E88/><V51/><REACH who="2" step="1"/><F22/><REACH who="2" ten="379,295,256,50" step="2"/><W129/><G129/><T5/><D5/><U55/><E23/><V21/><F21/><W19/><G19/><T83/><D43/><U56/><E33/><V124/><F124/><W98/><G98/><AGARI ba="0,2" hai="48,49,51,52,57,61,80,82,89,94,98,99,103,104" machi="98" ten="40,2600,0" yaku="1,1,54,1,53,0" doraHai="106" doraHaiUra="12" who="2" fromWho="3" sc="379,0,295,0,256,46,50,-26" /><INIT seed="5,0,0,3,2,116" ten="379,295,302,24" oya="1" hai0="1,65,59,70,29,78,41,86,42,69,0,27,92" hai1="115,129,15,102,11,38,33,75,90,35,79,50,89" hai2="8,135,44,63,112,56,7,62,34,39,105,61,45" hai3="37,130,47,30,43,96,82,125,132,14,97,5,108"/><U10/><E38/><V48/><F34/><W67/><G108/><T28/><D59/><U99/><E129/><V74/><F105/><W6/><G132/><T68/><D65/><U110/><E110/><V51/><F135/><W88/><G130/><T18/><D18/><U134/><E134/><V9/><F74/><W2/><G2/><T73/><D73/><U91/><E115/><V12/><F39/><W53/><G67/><T19/><D19/><U24/><E79/><V71/><F71/><W31/><G125/><T76/><D92/><U100/><E75/><V117/><F117/><W123/><G53/><T23/><D86/><U101/><E50/><N who="2" m="18987" /><F112/><W85/><G123/><T13/><D13/><U122/><E122/><V32/><F32/><W3/><G3/><T107/><D107/><U98/><E24/><V58/><F9/><N who="1" m="3081" /><E15/><V55/><F55/><W119/><G14/><T131/><D131/><U113/><E113/><V126/><F126/><W114/><G114/><T127/><D127/><U81/><E81/><V21/><F21/><W104/><G119/><T124/><D124/><U46/><E46/><AGARI ba="0,0" hai="7,8,12,44,45,46,56,58,61,62,63" m="18987" machi="46" ten="30,1000,0" yaku="8,1" doraHai="116" who="2" fromWho="1" sc="379,0,295,-10,302,10,24,0" /><INIT seed="6,0,0,1,2,45" ten="379,285,312,24" oya="2" hai0="5,132,120,126,86,73,111,90,2,128,19,11,118" hai1="108,97,41,135,58,68,113,37,13,29,66,15,59" hai2="16,55,51,0,124,134,42,92,77,89,14,20,85" hai3="4,3,64,33,57,61,98,130,104,32,8,93,40"/><V24/><F0/><W79/><G130/><T70/><RYUUKYOKU type="yao9" ba="0,0" sc="379,0,285,0,312,0,24,0" hai0="2,5,11,19,70,73,86,90,111,118,120,126,128,132" /><INIT seed="6,1,0,5,2,64" ten="379,285,312,24" oya="2" hai0="121,123,11,119,127,23,87,3,28,99,115,82,27" hai1="113,43,86,128,73,93,77,72,95,83,129,38,29" hai2="8,102,91,45,69,120,71,107,13,133,62,98,81" hai3="74,59,1,70,55,17,5,109,80,21,68,106,4"/><V104/><F120/><W135/><G109/><T132/><D115/><U31/><E113/><V35/><F35/><W32/><G32/><T61/><D127/><U33/><E38/><V20/><F133/><W75/><G106/><T67/><D132/><U15/><E43/><V126/><F126/><W84/><G135/><T9/><D119/><U131/><E15/><V60/><F45/><W16/><G74/><N who="1" m="28778" /><E33/><V30/><F104/><W37/><G75/><T49/><D49/><U0/><E0/><V56/><F62/><W103/><G103/><T52/><D3/><U57/><E57/><V125/><F125/><W79/><G37/><T110/><D52/><U90/><E77/><V7/><F20/><W94/><G94/><AGARI ba="1,0" hai="29,31,83,86,90,93,94,95,128,129,131" m="28778" machi="94" ten="40,1300,0" yaku="19,1" doraHai="64" who="1" fromWho="3" sc="379,0,285,16,312,0,24,-16" /><INIT seed="7,0,0,3,2,45" ten="379,301,312,8" oya="3" hai0="67,73,33,49,105,11,9,102,47,135,20,124,106" hai1="119,89,39,51,31,114,22,75,97,82,100,21,77" hai2="29,54,111,99,85,118,108,52,64,127,125,56,131" hai3="132,87,116,70,112,6,133,26,36,95,42,69,109"/><W84/><G116/><T129/><D33/><U88/><E39/><V34/><F118/><W107/><G107/><T103/><D73/><U25/><E119/><V134/><F99/><W83/><G6/><T62/><D47/><U117/><E117/><V13/><F13/><W110/><G42/><T78/><D20/><U71/><E71/><N who="3" m="27146" /><G36/><T115/><D62/><U61/><E61/><N who="2" m="37927" /><F34/><W66/><G66/><T121/><D67/><U58/><E114/><V7/><F7/><W50/><G112/><T44/><D44/><U65/><E22/><V91/><F29/><W3/><G50/><T2/><D49/><U72/><E72/><V90/><F90/><N who="3" m="53727" /><G26/><T80/><D106/><U37/><E37/><V19/><F19/><W5/><G5/><T15/><D105/><U59/><E65/><V53/><F91/><N who="3" m="51615" /><G3/><T8/><D2/><U27/><E27/><V14/><F14/><W104/><G104/><T120/><D120/><U1/><E1/><V23/><F85/><W28/><G28/><T40/><D40/><U17/><E31/><V130/><F23/><W98/><G98/><T41/><D41/><U46/><E89/><V128/><F134/><AGARI ba="0,0" hai="109,110,132,133,134" m="51615,53727,27146" machi="134" ten="30,1500,0" yaku="20,1" doraHai="45" who="3" fromWho="2" sc="379,0,301,0,312,-15,8,15" /><INIT seed="7,1,0,1,1,45" ten="379,301,297,23" oya="3" hai0="68,104,109,46,101,125,96,11,73,107,121,108,62" hai1="21,39,112,19,13,110,52,77,9,102,106,82,2" hai2="81,97,14,29,87,35,33,83,25,128,8,80,51" hai3="114,132,48,54,70,30,84,10,28,115,122,74,23"/><W88/><G74/><T63/><D121/><U94/><E110/><V86/><F128/><W130/><G122/><T129/><D129/><U16/><E39/><V27/><F97/><W119/><G119/><T32/><D107/><U1/><E106/><V76/><F51/><W135/><G70/><T93/><D73/><U124/><E124/><V100/><F100/><W79/><G79/><T92/><D125/><U18/><E112/><N who="3" m="43050" /><G10/><T44/><D11/><U126/><E126/><V59/><F59/><N who="3" m="33223" /><G130/><T38/><D68/><U42/><E9/><V85/><F76/><W89/><G89/><T118/><D118/><U17/><E77/><V41/><F41/><W113/><N who="3" m="43058" /><W69/><DORA hai="0" /><G69/><T131/><D131/><U60/><E102/><V53/><F53/><W120/><G120/><T55/><D55/><U61/><E52/><V26/><REACH who="2" step="1"/><F29/><REACH who="2" ten="379,301,287,23" step="2"/><N who="3" m="11371" /><G23/><T36/><D108/><U6/><E21/><V31/><F31/><W3/><G3/><T65/><D109/><U72/><E2/><V7/><AGARI ba="1,1" hai="7,8,14,25,26,27,33,35,80,81,83,85,86,87" machi="7" ten="40,12000,2" yaku="1,1,0,1,29,2,52,1,53,1" doraHai="45,0" doraHaiUra="91,5" who="2" fromWho="2" sc="379,-31,301,-31,287,133,23,-61" owari="348,15.0,270,-13.0,420,52.0,-38,-54.0" /></mjloggm>