<mjloggm ver="2.3"><GO type="169" lobby="0"/><UN n0="%6D%69%6C%6C%72%65%65%66" n1="%49%53%53%4F%4E%34" n2="%E5%B2%A1%E6%9D%91%E9%9D%96%E5%B9%B8" n3="%E5%B1%B1%E5%B9%B8%E5%95%86%E5%BA%97" dan="17,16,16,16" rate="2191.06,2087.86,2173.36,2163.45" sx="M,M,M,M"/><TAIKYOKU oya="0"/><INIT seed="0,0,0,3,3,52" ten="250,250,250,250" oya="0" hai0="73,18,54,13,32,105,86,21,132,78,91,10,28" hai1="81,129,112,25,26,106,84,16,30,88,51,39,110" hai2="130,133,120,47,74,124,9,118,109,128,121,111,64" hai3="61,62,35,65,42,108,93,116,6,114,53,44,40"/><T11/><D105/><U0/><E39/><V55/><F9/><W79/><G35/><T127/><D132/><U66/><E106/><V100/><F100/><W50/><G6/><T57/><D127/><U92/><E0/><V19/><F19/><W135/><G79/><T37/><D37/><U82/><E66/><V115/><F74/><W134/><G93/><T77/><D32/><U71/><E71/><V104/><F104/><W113/><G116/><T23/><D73/><U48/><E112/><N who="3" m="43114" /><G62/><N who="0" m="36151" /><D28/><U83/><E110/><N who="2" m="41995" /><F115/><W131/><G108/><T27/><D23/><N who="1" m="15711" /><E129/><N who="2" m="49771" /><F124/><W7/><G7/><N who="0" m="3295" /><D11/><U17/><E17/><V3/><F3/><W2/><G2/><T59/><D59/><U41/><E41/><N who="3" m="15978" /><G131/><T43/><D43/><U14/><E25/><V72/><F72/><W101/><G101/><T90/><D90/><U117/><E117/><V49/><F118/><W94/><G94/><AGARI ba="0,0" hai="18,21,27,77,78,86,91,94" m="3295,36151" machi="94" ten="30,2900,0" yaku="8,1,52,1" doraHai="52" who="0" fromWho="3" sc="250,29,250,0,250,0,250,-29" /><INIT seed="0,1,0,4,1,133" ten="279,250,250,221" oya="0" hai0="102,46,21,27,47,123,106,130,5,30,73,81,78" hai1="38,2,40,84,110,117,62,77,115,34,99,107,131" hai2="112,18,1,122,129,3,134,19,69,87,9,39,91" hai3="100,50,108,35,16,14,57,92,128,121,17,8,52"/><T126/><D123/><U22/><E22/><V119/><F69/><W94/><G35/><T24/><D130/><U59/><E84/><V88/><F39/><W93/><G128/><T12/><D126/><U86/><E86/><V49/><F87/><W125/><G125/><T42/><D27/><U44/><E59/><V29/><F129/><W6/><G121/><T31/><D31/><U7/><E131/><V33/><F33/><W109/><REACH who="3" step="1"/><G100/><REACH who="3" ten="279,250,250,211" step="2"/><T75/><D102/><N who="1" m="62943" /><E34/><V118/><F122/><W101/><G101/><T54/><D106/><U43/><E117/><V85/><F119/><W98/><G98/><T41/><D75/><U56/><E115/><V20/><F118/><W15/><G15/><T124/><D124/><U26/><E2/><V89/><F1/><W65/><G65/><T36/><D12/><U63/><E26/><V60/><F85/><W80/><G80/><T104/><D104/><U58/><E38/><V25/><F3/><W127/><G127/><T66/><D66/><U83/><E83/><V79/><F112/><W51/><G51/><T82/><D82/><U113/><E113/><V32/><F49/><W68/><G68/><T95/><D95/><U76/><E63/><V97/><F60/><W61/><G61/><T111/><D73/><U10/><E62/><V55/><F32/><W90/><G90/><T116/><D116/><U96/><E96/><V4/><F97/><W28/><G28/><T37/><D81/><U74/><E74/><V48/><F29/><W23/><G23/><T13/><D37/><U72/><E72/><V67/><F67/><RYUUKYOKU ba="1,1" sc="279,-10,250,-10,250,-10,211,30" hai3="6,8,14,16,17,50,52,57,92,93,94,108,109" /><INIT seed="1,2,1,2,1,103" ten="269,240,240,241" oya="1" hai0="84,13,58,28,97,134,77,117,64,53,18,46,69" hai1="59,19,8,126,70,57,67,5,81,119,36,123,3" hai2="83,6,56,91,92,132,15,62,86,80,110,95,71" hai3="24,102,129,25,41,7,68,101,1,30,16,38,125"/><U10/><E123/><V104/><F110/><W48/><G38/><T52/><D117/><U40/><E119/><V127/><F132/><W42/><G68/><T133/><D28/><U26/><E70/><V135/><F71/><W74/><G74/><T108/><D108/><U20/><E67/><V128/><F127/><W9/><G125/><T45/><D69/><U39/><E126/><V54/><F104/><W114/><G114/><T49/><D97/><U75/><E10/><N who="2" m="4567" /><F128/><W112/><G112/><T61/><D134/><U131/><E131/><V109/><F109/><W106/><G129/><T88/><D77/><N who="1" m="44223" /><E39/><V79/><F135/><W78/><G78/><T35/><D35/><U121/><E121/><V14/><F14/><W98/><G101/><T51/><D133/><U115/><E115/><V29/><F29/><W31/><G48/><T43/><D43/><U63/><E63/><V21/><F21/><W22/><G31/><T122/><D122/><U72/><E72/><V90/><F79/><W96/><G96/><AGARI ba="2,1" hai="54,56,62,80,83,86,90,91,92,95,96" m="4567" machi="96" ten="30,1000,0" yaku="8,1" doraHai="103" who="2" fromWho="3" sc="269,0,240,0,240,26,241,-16" /><INIT seed="2,0,0,4,1,102" ten="269,240,266,225" oya="2" hai0="6,55,1,19,126,62,118,11,116,110,59,20,99" hai1="115,134,72,108,27,121,0,120,106,2,117,125,23" hai2="76,95,86,7,74,75,29,54,98,68,91,40,15" hai3="16,18,61,88,4,52,71,135,28,77,17,122,89"/><V64/><F29/><W81/><G122/><T53/><D110/><U66/><RYUUKYOKU type="yao9" ba="0,0" sc="269,0,240,0,266,0,225,0" hai1="0,2,23,27,66,72,106,108,115,117,120,121,125,134" /><INIT seed="2,1,0,2,0,1" ten="269,240,266,225" oya="2" hai0="78,87,56,109,37,4,66,123,90,118,8,100,63" hai1="93,35,50,102,75,25,18,128,31,15,13,21,51" hai2="113,68,130,36,62,135,64,26,19,43,129,96,133" hai3="30,58,98,44,124,33,120,17,60,34,22,20,103"/><V54/><F96/><W24/><G120/><T121/><D109/><U41/><E75/><V79/><F79/><W11/><G124/><T14/><D37/><U6/><E128/><N who="2" m="49259" /><F19/><W73/><G73/><T97/><D118/><U29/><E29/><V49/><F26/><W115/><G44/><T42/><D78/><U122/><E122/><V69/><F113/><W59/><G59/><T89/><D42/><U116/><E116/><V81/><F81/><W131/><G11/><T74/><D74/><U92/><E41/><V39/><F69/><W47/><G47/><T119/><D119/><U88/><E102/><V125/><F125/><W48/><G48/><T107/><REACH who="0" step="1"/><D90/><REACH who="0" ten="259,240,266,225" step="2"/><U99/><REACH who="1" step="1"/><E93/><AGARI ba="1,1" hai="4,8,14,56,63,66,87,89,93,97,100,107,121,123" machi="93" ten="30,7700,0" yaku="1,1,2,1,7,1,52,1,53,0" doraHai="1" doraHaiUra="127" who="0" fromWho="1" sc="259,90,240,-80,266,0,225,0" /><INIT seed="3,0,0,1,5,41" ten="349,160,266,225" oya="3" hai0="32,35,63,46,129,1,45,33,13,54,28,49,127" hai1="65,34,31,76,131,106,119,71,103,37,115,40,120" hai2="113,56,89,130,90,30,78,108,19,94,86,126,92" hai3="20,105,5,52,6,11,9,99,47,64,60,22,87"/><W50/><G87/><T14/><D1/><U116/><E76/><V74/><F113/><W104/><G99/><T16/><D129/><U69/><E131/><V44/><F130/><W118/><G118/><T39/><D28/><U53/><E53/><V79/><F108/><W62/><G105/><T51/><D39/><U59/><E59/><V68/><F68/><W77/><G77/><T88/><D127/><U43/><E43/><V12/><F126/><W117/><G104/><T75/><D75/><U15/><E15/><V21/><F74/><W107/><G107/><T29/><D63/><N who="3" m="24105" /><G64/><T57/><D29/><U109/><E65/><V84/><F56/><W18/><G117/><N who="1" m="45130" /><E115/><V95/><F30/><W133/><G133/><T85/><D51/><U102/><E102/><V123/><F123/><W97/><G97/><T73/><D73/><U112/><E112/><V7/><F7/><N who="3" m="2571" /><G20/><N who="0" m="11279" /><D14/><AGARI ba="0,0" hai="9,11,14,18,22,47,50,52" m="2571,24105" machi="14" ten="30,5800,0" yaku="8,1,52,1,54,1" doraHai="41" who="3" fromWho="0" sc="349,-58,160,0,266,0,225,58" /><INIT seed="3,1,0,5,3,34" ten="291,160,266,283" oya="3" hai0="50,78,120,25,52,103,12,1,24,46,37,30,10" hai1="134,22,107,18,128,29,44,111,28,116,114,15,21" hai2="73,102,43,26,110,36,61,67,32,11,38,125,77" hai3="130,7,127,100,55,45,74,14,51,131,119,123,31"/><W9/><G123/><T65/><D120/><U17/><E107/><V94/><F94/><W98/><G119/><T84/><D37/><U0/><E44/><V54/><F54/><W109/><G31/><T4/><D103/><U96/><E96/><V75/><F125/><W112/><G112/><T86/><D65/><U8/><E114/><V13/><F102/><W3/><G74/><T57/><D78/><U122/><E122/><V16/><F110/><W72/><G72/><T105/><D105/><U135/><E111/><V117/><F75/><W108/><G127/><T92/><D92/><U70/><E70/><V62/><F43/><W59/><G14/><T97/><D97/><U63/><E63/><V88/><F62/><W82/><G82/><T40/><D12/><N who="1" m="9415" /><E128/><N who="3" m="49194" /><G45/><T99/><D99/><U91/><E91/><V113/><F113/><W132/><G132/><N who="1" m="50730" /><E116/><V129/><F117/><W83/><G83/><T80/><D80/><U66/><E66/><V2/><F129/><W58/><G59/><T81/><D81/><U87/><E87/><V89/><F73/><W53/><G53/><T85/><REACH who="0" step="1"/><D30/><REACH who="0" ten="281,160,266,283" step="2"/><U23/><E29/><N who="2" m="19511" /><F77/><W56/><G109/><T47/><D47/><U101/><E101/><V42/><F89/><W27/><G108/><T6/><D6/><N who="1" m="1095" /><E28/><V93/><F93/><N who="3" m="58447" /><G58/><T49/><AGARI ba="1,1" hai="1,4,10,24,25,40,46,49,50,52,57,84,85,86" machi="49" ten="30,7900,0" yaku="1,1,0,1,52,1,54,1,53,0" doraHai="34" doraHaiUra="76" who="0" fromWho="0" sc="281,92,160,-21,266,-21,283,-40" /><INIT seed="4,0,0,5,1,53" ten="373,139,245,243" oya="0" hai0="110,24,63,54,17,79,81,119,129,72,49,113,13" hai1="21,134,60,36,27,118,92,89,50,114,51,106,123" hai2="70,90,132,44,131,64,4,26,7,69,117,101,52" hai3="47,91,14,12,8,122,25,57,125,94,102,109,16"/><T95/><D119/><U59/><E106/><V40/><F117/><W9/><G109/><T46/><D113/><U23/><E36/><V29/><F132/><W127/><G102/><T10/><D110/><U28/><E118/><V42/><F131/><W39/><G47/><T35/><D129/><U108/><E108/><V58/><F101/><W82/><G82/><T48/><D95/><U20/><E123/><V116/><F116/><W128/><G39/><T43/><D63/><U68/><E68/><V77/><F77/><W2/><G2/><T105/><D105/><U1/><E1/><V121/><F121/><W87/><G128/><T3/><D3/><U56/><E134/><V98/><F70/><W107/><G107/><T33/><REACH who="0" step="1"/><D24/><REACH who="0" ten="363,139,245,243" step="2"/><U115/><E27/><V83/><F26/><W124/><G25/><T37/><D37/><U74/><E28/><V55/><F29/><W62/><G122/><T32/><D32/><U73/><E73/><V84/><F83/><W104/><G104/><T5/><D5/><U100/><E74/><V97/><F4/><W15/><G8/><T61/><D61/><U66/><E51/><V86/><F7/><W126/><N who="3" m="32256" /><DORA hai="6" /><W31/><REACH who="3" step="1"/><G31/><REACH who="3" ten="363,139,245,233" step="2"/><T99/><D99/><N who="1" m="59495" /><E115/><V65/><F98/><W103/><G103/><T133/><D133/><U93/><E114/><V80/><F97/><W22/><G22/><T45/><AGARI ba="0,2" hai="10,13,17,33,35,43,45,46,48,49,54,72,79,81" machi="45" ten="20,7800,0" yaku="1,1,0,1,7,1,52,1,53,0" doraHai="53,6" doraHaiUra="19,88" who="0" fromWho="0" sc="363,98,139,-26,245,-26,233,-26" /><INIT seed="4,1,0,5,5,110" ten="461,113,219,207" oya="0" hai0="55,109,108,1,2,7,92,90,44,88,59,14,34" hai1="120,19,73,107,91,62,75,25,99,39,12,61,50" hai2="132,33,23,127,8,95,114,31,11,122,130,63,37" hai3="32,71,9,54,104,69,96,16,72,22,52,113,60"/><T76/><D34/><U24/><E39/><V70/><F37/><W74/><G32/><T3/><D76/><U89/><E120/><V124/><F122/><W68/><G9/><N who="0" m="4415" /><D44/><U18/><E107/><V81/><F33/><W26/><G113/><T86/><D90/><U13/><E50/><V27/><F114/><W131/><G131/><T57/><D55/><U47/><E47/><V77/><F95/><W106/><G54/><T67/><D67/><U45/><E45/><V128/><F132/><W41/><G41/><T117/><D117/><U121/><E121/><V64/><F8/><W93/><G106/><T78/><D78/><U43/><REACH who="1" step="1"/><E99/><REACH who="1" ten="461,103,219,207" step="2"/><V116/><F116/><W48/><G104/><T126/><D109/><U65/><E65/><V103/><F130/><W111/><G111/><T56/><D108/><U51/><E51/><V135/><F128/><W94/><G94/><T5/><D92/><U38/><E38/><V82/><F64/><W42/><G42/><AGARI ba="1,1" hai="12,13,18,19,24,25,42,43,61,62,73,75,89,91" machi="42" ten="25,3200,0" yaku="1,1,22,2,53,0" doraHai="110" doraHaiUra="100" who="1" fromWho="3" sc="461,0,103,45,219,0,207,-35" /><INIT seed="5,0,0,1,5,104" ten="461,148,219,172" oya="1" hai0="47,29,88,52,128,46,135,120,129,109,59,42,62" hai1="56,77,23,66,97,57,122,21,130,126,17,14,60" hai2="49,110,98,45,108,119,72,100,121,6,25,44,3" hai3="86,68,93,69,74,114,71,124,64,111,65,58,9"/><U2/><E2/><V102/><F121/><W117/><G93/><T30/><D109/><U113/><E122/><V51/><F119/><W12/><G111/><T4/><D120/><U19/><E113/><V76/><F6/><W22/><G114/><T63/><D4/><U48/><E126/><V24/><F3/><W134/><G124/><T83/><D135/><U95/><E77/><V15/><F76/><W33/><G33/><T39/><D47/><U28/><E130/><N who="0" m="50281" /><D63/><U54/><E28/><V133/><F15/><W53/><G22/><T127/><D127/><U82/><E82/><V94/><F94/><W61/><G134/><T20/><D20/><U123/><E123/><V131/><F131/><W115/><G115/><T73/><D73/><U90/><REACH who="1" step="1"/><E19/><REACH who="1" ten="461,138,219,172" step="2"/><V105/><F133/><W5/><G117/><T101/><D83/><U89/><E89/><V34/><F110/><W8/><G86/><T84/><D84/><U1/><E1/><V67/><F108/><W96/><G96/><T50/><D88/><U36/><E36/><V31/><F98/><W112/><G112/><T75/><D101/><U132/><E132/><V99/><F99/><W40/><G74/><T18/><D75/><U116/><E116/><V37/><F72/><W41/><G9/><AGARI ba="0,1" hai="9,14,17,21,23,48,54,56,57,60,66,90,95,97" machi="9" ten="30,5800,0" yaku="1,1,7,1,8,1,53,0" doraHai="104" doraHaiUra="0" who="1" fromWho="3" sc="461,0,138,68,219,0,172,-58" /><INIT seed="5,1,0,5,3,54" ten="461,206,219,114" oya="1" hai0="51,29,117,33,134,10,116,86,99,93,122,62,2" hai1="52,28,79,59,8,128,98,47,107,80,19,34,68" hai2="67,85,100,103,27,105,89,73,60,63,95,46,40" hai3="45,91,135,72,32,77,18,65,30,129,9,4,123"/><U87/><E68/><V109/><F109/><W84/><G123/><T81/><D122/><U88/><E47/><V108/><F108/><W61/><G129/><T44/><D33/><U36/><E36/><V94/><F73/><W64/><G135/><T127/><D29/><U133/><E128/><V24/><F105/><W12/><G77/><T55/><D134/><U132/><E34/><V23/><F95/><W114/><G72/><T97/><D127/><U104/><E28/><V121/><F121/><W70/><G65/><T115/><D115/><U96/><E19/><V112/><F112/><W119/><G114/><T82/><D82/><U58/><E8/><V92/><F92/><W53/><G119/><T111/><D111/><U43/><E43/><V49/><F63/><W57/><G45/><T31/><D31/><U124/><E132/><V11/><F11/><W16/><G30/><T1/><D1/><U5/><E5/><V102/><REACH who="2" step="1"/><F23/><REACH who="2" ten="461,206,209,114" step="2"/><W22/><G32/><T78/><D10/><U125/><E133/><V41/><F41/><W50/><G22/><T101/><D117/><U69/><E69/><AGARI ba="1,1" hai="24,27,40,46,49,60,67,69,85,89,94,100,102,103" machi="69" ten="40,1300,0" yaku="1,1,53,0" doraHai="54" doraHaiUra="6" who="2" fromWho="1" sc="461,0,206,-16,209,26,114,0" /><INIT seed="6,0,0,1,4,26" ten="461,190,235,114" oya="2" hai0="83,8,62,31,60,69,9,118,6,88,43,63,23" hai1="45,74,82,37,130,125,17,80,57,90,105,1,38" hai2="27,22,117,85,14,110,124,134,95,133,97,51,109" hai3="53,5,35,81,54,102,107,25,106,92,0,29,50"/><V108/><F117/><W16/><G81/><T52/><D69/><U49/><E105/><V58/><F124/><W40/><G40/><T64/><D118/><U34/><E1/><V78/><F14/><W7/><G54/><T65/><D43/><U99/><E57/><V114/><F114/><W86/><G106/><T70/><D70/><U104/><E34/><V116/><F116/><W67/><G67/><N who="0" m="25675" /><D6/><U28/><E17/><V48/><F85/><W55/><G55/><T120/><D120/><U126/><E130/><V132/><F78/><W30/><G107/><T12/><D52/><N who="1" m="29743" /><E38/><V15/><F15/><W122/><G122/><T72/><D72/><U33/><E37/><V11/><F11/><W46/><G35/><T121/><D121/><U77/><E104/><V127/><F58/><W75/><G75/><T103/><D12/><U39/><E39/><V123/><F127/><N who="1" m="48649" /><E99/><V131/><F131/><W73/><G73/><T112/><D9/><U128/><E128/><V79/><F123/><W21/><G0/><T68/><D8/><U41/><E41/><V119/><F119/><W13/><G13/><T20/><D68/><U42/><E42/><V115/><F115/><W24/><G24/><N who="0" m="16775" /><D112/><U36/><E36/><V87/><F27/><W56/><G46/><T94/><D23/><U101/><E33/><V113/><F22/><W76/><G76/><T93/><D103/><U98/><E101/><N who="2" m="60607" /><F113/><W61/><G61/><T2/><D2/><U44/><E44/><V96/><F96/><N who="3" m="59655" /><G86/><AGARI ba="0,0" hai="60,62,63,83,86,88,93,94" m="16775,25675" machi="86" ten="30,3900,0" yaku="8,1,52,1,54,1" doraHai="26" who="0" fromWho="3" sc="461,39,190,0,235,0,114,-39" /><INIT seed="7,0,0,4,5,100" ten="500,190,235,75" oya="3" hai0="38,115,62,79,59,60,19,134,91,42,72,29,104" hai1="8,76,117,116,4,53,37,107,36,45,119,131,51" hai2="105,5,74,27,127,35,28,44,33,43,73,120,102" hai3="81,93,82,113,64,56,99,112,47,129,110,95,68"/><W7/><G68/><T25/><D134/><U86/><E131/><V77/><F127/><W30/><G7/><T66/><D91/><U67/><E67/><V89/><F89/><W52/><G30/><T22/><D115/><N who="3" m="44105" /><G129/><T12/><D104/><U98/><E76/><V24/><F5/><W132/><G132/><T63/><D38/><U106/><E86/><V118/><F118/><W111/><G64/><T50/><D79/><U48/><E98/><N who="2" m="61655" /><F77/><W103/><G47/><N who="0" m="25975" /><D72/><N who="2" m="27754" /><F120/><W39/><G39/><N who="1" m="14922" /><E51/><V87/><F28/><W80/><G95/><T65/><D65/><U71/><E71/><V92/><F92/><W58/><G58/><T40/><D40/><U114/><E114/><V6/><F6/><W14/><G14/><AGARI ba="0,0" hai="4,8,14,45,48,53,106,107,116,117,119" m="14922" machi="14" ten="40,5200,0" yaku="12,1,52,2" doraHai="100" who="1" fromWho="3" sc="500,0,190,52,235,0,75,-52" owari="500,60.0,242,4.0,235,-16.0,23,-48.0" /></mjloggm>