<mjloggm ver="2.3"><GO type="169" lobby="0"/><UN n0="%E3%82%A2%E3%82%B9%E3%82%BF%E3%83%8A" n1="%6D%65%24%6F" n2="%6D%73%69%67%65%72%75" n3="%74%61%72%6F%6F" dan="16,17,16,18" rate="2081.88,2109.96,2035.55,2181.47" sx="M,M,M,M"/><TAIKYOKU oya="0"/><INIT seed="0,0,0,0,2,7" ten="250,250,250,250" oya="0" hai0="115,50,105,6,40,0,129,27,42,116,11,48,83" hai1="70,29,16,52,134,81,99,32,30,85,13,61,111" hai2="77,37,24,117,25,125,75,66,131,96,8,14,76" hai3="1,127,64,65,57,104,33,124,84,63,39,93,22"/><T73/><D116/><U101/><E134/><V126/><F37/><W98/><G33/><T38/><D115/><U34/><E111/><V28/><F117/><W51/><G39/><T79/><D129/><U102/><E32/><V23/><F131/><W26/><G104/><T2/><D2/><U43/><E43/><V53/><F75/><W9/><G84/><T21/><D105/><U54/><E34/><V44/><F66/><W97/><G64/><T133/><D133/><U69/><E69/><V18/><F96/><W10/><G1/><T130/><D130/><U87/><E70/><V62/><F62/><W17/><G97/><T122/><D122/><U41/><E41/><V35/><F53/><N who="1" m="20585" /><E61/><V106/><F44/><W4/><G51/><T109/><D109/><U108/><E108/><V58/><F58/><W55/><G65/><T72/><D40/><U36/><E36/><V56/><F56/><W100/><G4/><T128/><D73/><U80/><E87/><V86/><F106/><W120/><G120/><T5/><D5/><U12/><E12/><V60/><F60/><W132/><G132/><T45/><D128/><U71/><E71/><V31/><F86/><W74/><G74/><T78/><D78/><N who="1" m="46231" /><E81/><V123/><F123/><W47/><G47/><T68/><D68/><U20/><E99/><V19/><F77/><W67/><G67/><T103/><D103/><AGARI ba="0,0" hai="13,16,20,29,30,101,102,103" m="46231,20585" machi="103" ten="30,3900,0" yaku="8,1,54,2" doraHai="7" who="1" fromWho="0" sc="250,-39,250,39,250,0,250,0" /><INIT seed="1,0,0,5,2,76" ten="211,289,250,250" oya="1" hai0="70,131,19,66,80,125,64,134,127,92,35,72,83" hai1="48,107,3,133,67,78,52,20,11,122,2,74,77" hai2="7,28,135,69,33,89,73,47,128,109,96,65,115" hai3="121,51,24,34,9,126,63,124,82,61,130,132,6"/><U16/><E122/><V68/><F73/><W111/><G121/><T55/><D72/><U116/><E116/><V29/><F115/><W1/><G111/><T87/><D35/><U94/><E107/><V98/><F33/><W95/><G132/><T97/><D87/><U88/><E67/><N who="0" m="25641" /><D70/><U45/><E133/><V41/><F65/><W100/><G130/><T113/><D113/><U18/><E18/><V25/><F135/><W14/><G51/><T57/><D134/><U81/><E77/><V39/><F69/><W110/><G110/><T71/><D71/><U120/><E11/><V46/><F68/><W99/><G1/><T4/><D4/><U104/><E104/><V75/><F7/><W8/><G8/><T0/><D0/><U37/><E37/><V91/><F75/><W62/><G82/><N who="0" m="31275" /><D131/><U59/><E120/><V54/><F109/><W40/><G34/><T36/><D36/><U32/><E32/><V108/><F108/><W38/><G38/><T21/><D125/><U53/><E94/><V119/><F39/><W102/><G126/><T112/><D112/><U49/><REACH who="1" step="1"/><E88/><REACH who="1" ten="211,279,250,250" step="2"/><V12/><F128/><W42/><G124/><T31/><D127/><U84/><E84/><V105/><F105/><W43/><G24/><AGARI ba="0,1" hai="2,3,16,20,24,45,48,49,52,53,59,74,78,81" machi="24" ten="30,12000,1" yaku="1,1,7,1,52,1,54,2,53,0" doraHai="76" doraHaiUra="118" who="1" fromWho="3" sc="211,0,279,130,250,0,250,-120" /><INIT seed="1,1,0,5,4,13" ten="211,409,250,130" oya="1" hai0="78,88,126,16,7,47,131,133,27,114,74,79,80" hai1="44,11,89,0,42,23,84,77,94,53,12,132,64" hai2="117,32,31,92,109,121,54,5,120,116,108,107,26" hai3="48,123,41,6,66,25,125,20,118,58,8,18,112"/><U15/><E132/><V127/><F107/><W69/><G112/><T63/><D114/><U50/><E64/><V56/><F92/><W22/><G123/><N who="2" m="47177" /><F56/><W30/><G118/><T104/><D104/><U52/><E0/><V1/><F54/><N who="1" m="21097" /><E77/><V29/><F29/><W113/><G113/><T96/><D133/><U61/><E61/><V75/><F75/><W39/><G125/><T40/><D126/><U21/><E12/><V3/><F127/><W14/><G69/><T43/><D79/><U19/><AGARI ba="1,0" hai="11,15,19,21,23,42,44,50,84,89,94" m="21097" machi="19" ten="30,6000,0" yaku="8,1,52,1,54,1" doraHai="13" who="1" fromWho="1" sc="211,-21,409,63,250,-21,130,-21" /><INIT seed="1,2,0,5,5,124" ten="190,472,229,109" oya="1" hai0="59,33,38,127,126,42,39,15,32,81,74,64,117" hai1="55,49,131,84,94,8,5,76,98,133,119,31,1" hai2="18,3,113,128,78,135,108,21,30,61,25,77,70" hai3="4,37,95,58,87,65,13,40,9,120,41,105,71"/><U69/><E119/><V106/><F106/><W114/><G105/><T107/><D117/><U116/><E116/><V45/><F3/><W96/><G114/><T56/><D107/><U102/><E69/><V28/><F113/><W26/><G120/><T97/><D97/><U103/><E133/><V10/><F135/><W112/><G112/><T118/><D118/><U85/><E102/><V99/><F108/><W17/><G71/><T63/><D15/><U132/><E132/><V29/><F10/><W62/><G37/><T80/><D42/><U79/><E31/><V68/><F99/><W35/><G87/><T82/><D74/><U72/><E72/><V129/><F70/><W23/><REACH who="3" step="1"/><G35/><REACH who="3" ten="190,472,229,99" step="2"/><T24/><D33/><U122/><E122/><V54/><F68/><W109/><G109/><T130/><D32/><U93/><E84/><V73/><F73/><W50/><G50/><T89/><D39/><U75/><E75/><V6/><F61/><W44/><G44/><T12/><D63/><U123/><E123/><V92/><F45/><W125/><G125/><T22/><D38/><U91/><E49/><V83/><F78/><W51/><G51/><T110/><D110/><U88/><E85/><V7/><F77/><W43/><G43/><T101/><D126/><U36/><E36/><V27/><F83/><W16/><G16/><T67/><D81/><U52/><E79/><V14/><F92/><W48/><G48/><T2/><D82/><U0/><E76/><V57/><F18/><W53/><G53/><T47/><D127/><U100/><E93/><V121/><F54/><RYUUKYOKU ba="2,1" sc="190,-10,472,-10,229,-10,99,30" hai3="4,9,13,17,23,26,40,41,58,62,65,95,96" /><INIT seed="2,3,1,4,4,69" ten="180,462,219,129" oya="2" hai0="10,54,85,40,41,95,0,59,49,91,15,73,83" hai1="111,55,74,34,16,47,33,135,72,1,82,3,114" hai2="23,44,35,80,25,124,24,4,110,102,87,125,126" hai3="77,46,48,115,121,68,11,79,75,129,109,100,12"/><V18/><F110/><W117/><G109/><T36/><D0/><U70/><E111/><V81/><F102/><W103/><G121/><T118/><D118/><U30/><E114/><V58/><F4/><W6/><G68/><T132/><D132/><U131/><E70/><V66/><F81/><W133/><G117/><T45/><D41/><U127/><E135/><V21/><F35/><W19/><G133/><T60/><D73/><U5/><E131/><V94/><F94/><W105/><G129/><T13/><D10/><U88/><E5/><V90/><F44/><W120/><G120/><T98/><REACH who="0" step="1"/><D60/><REACH who="0" ten="170,462,219,129" step="2"/><U64/><E1/><V113/><F113/><W28/><G115/><T101/><AGARI ba="3,2" hai="13,15,36,40,45,49,54,59,83,85,91,95,98,101" machi="101" ten="20,8000,1" yaku="1,1,2,1,0,1,7,1,52,1,53,0" doraHai="69" doraHaiUra="31" who="0" fromWho="0" sc="170,109,462,-23,219,-43,129,-23" /><INIT seed="3,0,0,1,4,51" ten="279,439,176,106" oya="3" hai0="131,133,4,101,33,48,52,70,106,107,117,98,79" hai1="30,134,121,5,81,129,26,71,95,83,45,50,104" hai2="47,97,99,28,17,34,127,91,128,65,56,72,32" hai3="68,46,93,13,21,67,100,43,53,66,7,27,8"/><W82/><G68/><T126/><D117/><U105/><E121/><V37/><F72/><W123/><G123/><T85/><D70/><U78/><E71/><V59/><F34/><W29/><G82/><T0/><D33/><U130/><E134/><V18/><F127/><W118/><G118/><T116/><D116/><U58/><E58/><V63/><F128/><N who="1" m="49257" /><E95/><V22/><F32/><W36/><REACH who="3" step="1"/><G53/><REACH who="3" ten="279,439,176,96" step="2"/><T12/><D131/><U94/><E81/><V19/><F59/><W10/><G10/><T84/><D52/><U35/><E83/><V102/><F47/><W108/><G108/><T55/><D55/><U124/><E45/><V86/><F56/><W76/><G76/><T42/><D79/><U41/><E78/><V110/><F110/><W120/><G120/><T40/><D126/><U111/><E124/><V132/><F132/><W80/><G80/><T64/><D133/><U109/><E109/><V24/><F63/><W57/><G57/><T49/><D40/><U25/><E41/><V31/><F65/><W2/><G2/><T89/><D0/><U69/><E111/><V9/><F9/><W62/><G62/><T11/><D64/><U74/><E69/><V54/><F54/><W135/><G135/><T115/><D42/><U16/><E74/><V44/><F44/><W96/><AGARI ba="0,1" hai="7,8,13,21,27,29,36,43,46,66,67,93,96,100" machi="96" ten="30,6000,0" yaku="1,1,0,1,53,1" doraHai="51" doraHaiUra="39" who="3" fromWho="3" sc="279,-20,439,-20,176,-20,96,70" /><INIT seed="3,1,0,2,5,19" ten="259,419,156,166" oya="3" hai0="27,78,101,63,97,42,51,91,43,131,98,0,36" hai1="118,75,74,113,5,104,115,60,80,93,116,68,126" hai2="35,26,48,90,17,127,100,25,69,41,39,31,37" hai3="20,119,16,71,57,53,79,13,18,46,32,3,1"/><W7/><G71/><T56/><D36/><U125/><E104/><V110/><F69/><W122/><G119/><N who="1" m="45610" /><E5/><V14/><F110/><W4/><G122/><T99/><D78/><N who="1" m="44119" /><E93/><V33/><F127/><N who="1" m="48649" /><E75/><V6/><F39/><W134/><G134/><T86/><D0/><U30/><E30/><V111/><F37/><W92/><G32/><T11/><D131/><U84/><E84/><V50/><F6/><N who="3" m="2091" /><G1/><T121/><D86/><U129/><E129/><V52/><F31/><W88/><G3/><T85/><D85/><U49/><E49/><V9/><F35/><W120/><G120/><T62/><D51/><U87/><E87/><V102/><F33/><W8/><G79/><T66/><D121/><U72/><E72/><V10/><F48/><N who="3" m="28823" /><G92/><T103/><D62/><U15/><E15/><V24/><F50/><W34/><G34/><T76/><D76/><U123/><E123/><V64/><F14/><N who="3" m="9239" /><G57/><T70/><D56/><U28/><E28/><V96/><F25/><W55/><G55/><T29/><D27/><U82/><E82/><V117/><F26/><W58/><G58/><T106/><D70/><U45/><E45/><V108/><F24/><W124/><G124/><T133/><D106/><U89/><E68/><V114/><F117/><W107/><G107/><T128/><D133/><U105/><E105/><V95/><F95/><W22/><G8/><T40/><D11/><U81/><E60/><V130/><F130/><W21/><G21/><T77/><D128/><U2/><E2/><V38/><F38/><W109/><G109/><T65/><D63/><U73/><E73/><RYUUKYOKU ba="1,0" sc="259,-15,419,15,156,-15,166,15" hai1="81,89,113,115" hai3="13,18,22,88" /><INIT seed="3,2,0,0,5,91" ten="244,434,141,181" oya="3" hai0="70,21,1,119,14,65,82,29,108,28,110,25,103" hai1="97,99,74,131,133,106,128,78,43,3,30,114,134" hai2="37,123,35,113,75,23,132,58,61,31,98,73,33" hai3="94,79,84,89,12,81,130,122,32,62,6,93,38"/><W39/><G122/><T127/><D119/><U59/><E3/><V80/><F37/><W54/><G32/><T112/><D1/><U57/><E30/><V4/><F75/><W27/><G130/><N who="1" m="49706" /><E43/><V24/><F123/><W11/><G27/><T92/><D112/><U72/><E114/><V77/><F132/><N who="1" m="50793" /><E78/><V9/><F113/><W100/><G100/><T20/><D103/><N who="1" m="62831" /><E99/><V53/><F98/><W83/><G39/><T87/><D29/><U102/><E102/><V40/><F40/><W96/><G38/><T135/><D28/><U47/><E47/><V34/><F35/><W129/><G129/><T107/><D135/><U17/><E17/><V7/><F4/><W71/><G96/><T49/><D107/><U2/><E2/><AGARI ba="2,0" hai="2,7,9,23,24,31,33,34,53,58,61,73,77,80" machi="2" ten="30,1000,0" yaku="7,1" doraHai="91" who="2" fromWho="1" sc="244,0,434,-16,141,16,181,0" /><INIT seed="4,0,0,1,5,9" ten="244,418,157,181" oya="0" hai0="13,32,129,76,20,2,85,99,84,121,122,34,37" hai1="19,109,57,87,71,101,10,75,17,16,42,88,118" hai2="128,82,110,8,36,89,100,123,27,81,68,107,69" hai3="39,106,48,62,120,103,3,26,98,64,111,92,50"/><T11/><D37/><U4/><E75/><V1/><F36/><W38/><G111/><T77/><D2/><U119/><E71/><V29/><F110/><W93/><G3/><T113/><D20/><U79/><E109/><V45/><F128/><W59/><G120/><T127/><D99/><U56/><E79/><V18/><F123/><W43/><G39/><T72/><D72/><U105/><E42/><V52/><F107/><W74/><G74/><T133/><D129/><U73/><E73/><V58/><F100/><W91/><G106/><T53/><D53/><U40/><E40/><V5/><F45/><W22/><G43/><T116/><D11/><U131/><E131/><V102/><F102/><W132/><G132/><T95/><D95/><U47/><E47/><V90/><F18/><W125/><G125/><T130/><D130/><U104/><E104/><V15/><F1/><W41/><G41/><T25/><D25/><U51/><E101/><V63/><F69/><W7/><G7/><T65/><D65/><U28/><E105/><V21/><F68/><W6/><G6/><T124/><D116/><U115/><E4/><V66/><F66/><W114/><G114/><T67/><D67/><U83/><E115/><V78/><F81/><W49/><G38/><T12/><REACH who="0" step="1"/><D113/><REACH who="0" ten="234,418,157,181" step="2"/><U35/><E10/><V33/><F33/><W31/><G49/><T126/><D126/><U117/><E51/><V24/><F27/><W14/><G14/><T134/><AGARI ba="0,1" hai="12,13,32,34,76,77,84,85,121,122,124,127,133,134" machi="134" ten="25,24000,3" yaku="1,1,0,1,22,2,52,2,53,2" doraHai="9" doraHaiUra="30" who="0" fromWho="0" sc="234,250,418,-80,157,-80,181,-80" /><INIT seed="4,1,0,5,3,130" ten="484,338,77,101" oya="0" hai0="18,67,97,61,88,123,66,5,15,83,43,95,0" hai1="113,32,72,57,79,129,54,14,101,64,58,30,52" hai2="47,16,112,80,127,108,120,84,68,119,60,9,92" hai3="7,21,85,93,13,94,131,27,23,86,20,106,132"/><T22/><D123/><U4/><E129/><V73/><F120/><W12/><G131/><T11/><D43/><U133/><E101/><V1/><F108/><W89/><G106/><T46/><D46/><U117/><E117/><V42/><F73/><W36/><G36/><T39/><D39/><U2/><E2/><V104/><F104/><W126/><G126/><T53/><D83/><U111/><E111/><V31/><F127/><W114/><G114/><T122/><D122/><U65/><E30/><V91/><F112/><W10/><G132/><T3/><D3/><U28/><E28/><V44/><F119/><W115/><G115/><T102/><D102/><U33/><E79/><V62/><F44/><W110/><G110/><T100/><D100/><U77/><E77/><V125/><F125/><W19/><G27/><N who="0" m="14807" /><D0/><U56/><E72/><V25/><F68/><W38/><G38/><T87/><D87/><U75/><E75/><V90/><F47/><W34/><G34/><T49/><D49/><U35/><E113/><V24/><F42/><W124/><G124/><T81/><D81/><U103/><E103/><V48/><F48/><W6/><G6/><T82/><D82/><U50/><E50/><V118/><F118/><W71/><G71/><T98/><D98/><U17/><E4/><V99/><F1/><W55/><G86/><T37/><D37/><U69/><E69/><V74/><F74/><W63/><G93/><T116/><D116/><U29/><E35/><V105/><F105/><W107/><G107/><T59/><AGARI ba="1,0" hai="5,11,15,53,59,61,66,67,88,95,97" m="14807" machi="59" ten="30,6000,0" yaku="25,1,8,1,54,1" doraHai="130" who="0" fromWho="0" sc="484,63,338,-21,77,-21,101,-21" /><INIT seed="4,2,0,4,2,67" ten="547,317,56,80" oya="0" hai0="121,17,114,135,90,39,126,40,20,94,8,108,52" hai1="42,30,120,60,101,3,48,51,113,27,19,84,118" hai2="45,64,59,132,44,133,106,11,65,98,104,96,130" hai3="29,24,115,134,125,93,5,86,66,89,15,56,35"/><T4/><D121/><U13/><E3/><V76/><F76/><W119/><G119/><T58/><D108/><U41/><E118/><V54/><F11/><W43/><G115/><T83/><D114/><U10/><E113/><V122/><F54/><W116/><G116/><T107/><D107/><N who="2" m="41002" /><F59/><W23/><G125/><T73/><D126/><U33/><E101/><V72/><F72/><W53/><G134/><N who="2" m="51817" /><F130/><W82/><G66/><N who="2" m="25705" /><F122/><W97/><G43/><T91/><D135/><U87/><E120/><V100/><F100/><N who="3" m="60463" /><G35/><T79/><D58/><U77/><E77/><V105/><N who="2" m="41010" /><V99/><AGARI ba="2,0" hai="44,45,96,98,99" m="25705,51817,41010" machi="99" ten="50,8000,1" yaku="4,1,28,2,20,1" doraHai="67" who="2" fromWho="2" sc="547,-42,317,-22,56,86,80,-22" /><INIT seed="5,0,0,5,0,82" ten="505,295,142,58" oya="1" hai0="60,65,73,2,110,18,72,94,61,80,112,43,129" hai1="76,128,8,56,38,30,45,116,42,86,53,91,123" hai2="119,87,17,32,36,35,118,4,21,109,40,41,1" hai3="71,111,29,78,88,28,69,20,34,130,83,57,9"/><U127/><E123/><V14/><F40/><W27/><G111/><T104/><D104/><U51/><E116/><V99/><F109/><W89/><G130/><T79/><D110/><U6/><E128/><V98/><F41/><W46/><G69/><T103/><D129/><U44/><E30/><V66/><F36/><W77/><G71/><T24/><D2/><U23/><E23/><V113/><F66/><W22/><G46/><T47/><D61/><U135/><E135/><V97/><F113/><W70/><G70/><T55/><D55/><U84/><E127/><V132/><F132/><W90/><G9/><T48/><D103/><U105/><E105/><V120/><F120/><W54/><G29/><T13/><D94/><U124/><E124/><V96/><F35/><W81/><G81/><T52/><D112/><U49/><E76/><V59/><F32/><W92/><G92/><T102/><D102/><U108/><E108/><V19/><F59/><W0/><G0/><T58/><D24/><U16/><E91/><V75/><F1/><W101/><G77/><T122/><D122/><U64/><E64/><V125/><F125/><W131/><G101/><T3/><D3/><U25/><E6/><V134/><F4/><W7/><G7/><T11/><D65/><U62/><E25/><N who="2" m="14511" /><F134/><W121/><G121/><T100/><D100/><U133/><E133/><V50/><F75/><AGARI ba="0,0" hai="11,13,18,43,47,48,52,58,60,72,73,75,79,80" machi="75" ten="30,2000,0" yaku="7,1,54,1" doraHai="82" who="0" fromWho="2" sc="505,20,295,0,142,-20,58,0" /><INIT seed="6,0,0,0,2,120" ten="525,295,122,58" oya="2" hai0="107,53,105,2,18,124,67,0,110,7,114,125,34" hai1="22,95,9,109,81,108,121,21,39,73,57,10,25" hai2="58,62,14,74,23,88,32,103,123,85,98,29,60" hai3="27,54,90,4,28,115,1,128,79,66,91,130,100"/><V72/><F32/><W80/><G100/><T97/><D34/><U117/><E121/><V76/><F76/><W102/><G102/><T44/><D107/><U134/><E117/><V101/><F123/><W127/><G66/><T116/><D0/><U35/><E39/><V59/><F103/><W17/><G54/><T111/><D2/><U135/><E95/><V15/><F74/><W71/><G71/><T70/><D70/><U48/><E35/><V129/><F72/><W89/><G17/><T31/><D105/><U87/><E73/><V119/><F119/><W20/><G127/><T104/><D104/><U12/><E48/><V16/><F129/><W61/><G61/><N who="2" m="23657" /><F29/><W6/><G1/><T40/><D116/><U5/><E134/><V132/><F132/><W50/><G50/><T78/><D125/><U131/><E135/><V93/><F15/><W3/><G3/><T112/><D124/><U38/><E131/><V118/><F118/><W82/><G128/><T55/><D112/><U68/><E12/><V92/><AGARI ba="0,0" hai="14,16,23,58,59,85,88,92,93,98,101" m="23657" machi="92" ten="30,6000,0" yaku="8,1,54,2" doraHai="120" who="2" fromWho="2" sc="525,-20,295,-20,122,60,58,-20" /><INIT seed="6,1,0,0,0,123" ten="505,275,182,38" oya="2" hai0="73,49,129,44,14,52,11,111,87,46,13,19,100" hai1="121,43,67,86,29,133,80,103,63,45,90,59,5" hai2="74,113,88,62,117,106,28,53,72,40,35,116,3" hai3="78,64,42,89,22,24,21,48,109,41,107,128,120"/><V54/><F3/><W8/><G120/><T68/><D73/><U81/><E121/><V76/><F106/><W92/><G128/><T105/><D68/><U56/><E103/><V94/><F40/><W55/><G107/><T71/><D71/><U102/><E102/><V119/><F113/><W125/><G64/><T69/><D69/><U96/><E96/><V122/><F122/><W93/><G78/><T70/><D70/><U75/><E29/><V65/><F74/><W79/><G79/><T97/><D129/><U30/><E30/><V134/><F134/><W77/><G77/><T130/><D130/><U82/><E75/><V83/><F65/><W39/><G39/><T37/><D87/><U4/><E56/><V27/><REACH who="2" step="1"/><F62/><REACH who="2" ten="505,275,172,38" step="2"/><W118/><G118/><T31/><D105/><U132/><E132/><V0/><F0/><W32/><G42/><T131/><D131/><U34/><E133/><V36/><F36/><W16/><G41/><T115/><D37/><U84/><E34/><V2/><F2/><W20/><G32/><T33/><D33/><U60/><E63/><V61/><F61/><W85/><G48/><T58/><D49/><N who="1" m="26815" /><E81/><V38/><F38/><W98/><G92/><T7/><D115/><U6/><E80/><V25/><F25/><W26/><G26/><T95/><D95/><N who="1" m="54727" /><E86/><AGARI ba="1,1" hai="27,28,35,53,54,72,76,83,86,88,94,116,117,119" machi="86" ten="40,3900,0" yaku="1,1,54,1,53,0" doraHai="123" doraHaiUra="10" who="2" fromWho="1" sc="505,0,275,-42,172,52,38,0" /><INIT seed="6,2,0,0,2,24" ten="505,233,224,38" oya="2" hai0="130,17,110,100,82,71,49,16,91,61,11,90,68" hai1="65,98,107,93,45,125,69,117,121,7,114,47,89" hai2="15,131,37,6,111,5,120,64,28,78,39,80,34" hai3="2,104,13,132,97,76,128,55,81,36,43,57,83"/><V105/><F105/><W67/><G2/><T21/><D110/><U9/><E117/><V94/><F111/><W122/><G122/><T79/><D100/><U53/><E121/><V19/><F120/><W109/><G109/><T41/><D130/><U87/><E125/><V46/><F131/><W99/><G128/><T77/><D77/><U44/><E114/><V84/><F64/><W101/><G67/><T123/><D123/><U119/><E119/><V102/><F39/><W26/><G132/><T40/><D40/><U59/><E69/><V108/><F108/><W18/><G97/><T12/><D71/><U133/><E133/><V73/><F37/><W103/><G103/><T51/><D68/><U27/><E27/><V124/><F124/><W118/><G118/><T56/><D79/><U0/><E65/><V134/><F134/><W70/><G70/><T1/><D82/><U14/><E0/><V8/><F46/><W63/><G76/><T3/><D3/><U38/><E38/><V129/><F129/><W127/><G127/><T29/><D29/><U116/><E116/><V72/><F72/><W86/><G86/><T135/><D135/><U112/><E112/><V66/><F66/><W85/><G85/><T4/><D17/><U60/><E107/><V54/><F54/><W48/><G36/><T52/><REACH who="0" step="1"/><D61/><REACH who="0" ten="495,233,224,38" step="2"/><U35/><E35/><V23/><F73/><W20/><G63/><T31/><D31/><U42/><E42/><V22/><F34/><W32/><REACH who="3" step="1"/><G43/><REACH who="3" ten="495,233,224,28" step="2"/><T113/><D113/><U115/><E115/><V126/><F126/><W106/><G106/><RYUUKYOKU ba="2,2" sc="495,10,233,10,224,-30,28,10" hai0="1,4,11,12,16,21,41,49,51,52,56,90,91" hai1="7,9,14,44,45,47,53,59,60,87,89,93,98" hai3="13,18,20,26,32,48,55,57,81,83,99,101,104" /><INIT seed="7,3,2,5,0,14" ten="505,243,194,38" oya="3" hai0="13,123,71,124,99,2,37,0,8,31,51,46,118" hai1="116,42,77,65,32,89,126,103,107,87,4,95,82" hai2="114,81,36,54,58,88,20,93,24,76,131,100,23" hai3="12,94,120,57,109,105,25,132,64,112,17,127,129"/><W102/><G120/><T15/><D71/><U101/><E32/><V47/><F114/><W122/><G122/><T29/><D51/><U21/><E65/><V133/><F131/><W27/><G129/><T90/><D15/><U134/><E4/><V53/><F133/><W96/><G132/><T86/><D13/><U19/><E134/><V74/><F100/><N who="1" m="38473" /><E107/><V70/><F70/><W104/><G127/><T83/><D86/><N who="1" m="48463" /><E126/><V113/><F113/><W110/><G112/><T97/><D90/><U60/><E116/><V106/><F106/><W50/><G105/><T130/><D8/><U1/><E1/><V28/><F58/><W75/><G75/><T119/><D46/><U108/><E108/><N who="3" m="41578" /><G104/><T79/><D123/><U91/><E42/><V59/><F36/><W92/><G92/><T16/><D37/><U121/><E121/><V73/><F73/><W18/><G12/><T78/><D124/><U38/><E38/><V55/><F59/><W3/><G3/><T40/><D130/><U128/><E128/><V11/><F11/><W135/><G135/><T26/><D0/><U39/><E39/><V84/><REACH who="2" step="1"/><F47/><REACH who="2" ten="505,243,184,38" step="2"/><W43/><G64/><T117/><D2/><U85/><E95/><V80/><F80/><W35/><G35/><AGARI ba="3,3" hai="20,23,24,28,35,53,54,55,74,76,81,84,88,93" machi="35" ten="40,2600,0" yaku="1,1,54,1,53,0" doraHai="14" doraHaiUra="125" who="2" fromWho="3" sc="505,0,243,0,184,65,38,-35" owari="505,61.0,243,-16.0,249,5.0,3,-50.0" /></mjloggm>