<mjloggm ver="2.3"><GO type="169" lobby="0"/><UN n0="%E5%B8%B8%E5%A4%8F%E3%83%91%E3%82%A4%E5%8A%A9" n1="%E3%82%86%E3%81%BF%E2%98%86%E3%83%9F" n2="%E7%86%8A%E7%8C%AB%E5%8C%96%E9%9B%AA" n3="%E8%92%BC%E9%B4%89" dan="16,16,16,16" rate="2098.25,2090.83,2023.00,2099.20" sx="F,F,M,M"/><TAIKYOKU oya="0"/><INIT seed="0,0,0,1,0,70" ten="250,250,250,250" oya="0" hai0="71,52,122,75,44,87,59,131,48,119,60,65,72" hai1="73,92,6,41,4,82,130,11,57,94,51,38,90" hai2="126,115,29,95,114,28,113,109,54,102,37,63,117" hai3="121,24,89,66,16,34,103,3,32,19,128,68,106"/><T45/><D122/><U107/><E107/><V2/><F109/><W93/><G121/><T132/><D119/><U74/><E4/><V101/><F117/><W86/><G3/><T0/><D0/><U14/><E130/><V35/><F2/><W125/><G34/><T127/><D131/><U1/><E74/><V7/><F7/><W58/><G58/><T9/><D132/><U43/><E14/><V85/><F126/><W79/><G79/><T112/><D112/><U84/><E43/><V118/><F118/><W67/><G67/><T26/><D127/><U27/><E27/><V135/><F135/><W8/><G8/><T97/><D97/><U23/><E23/><V108/><F108/><W55/><G55/><T25/><D87/><U61/><E51/><V105/><F85/><W39/><G125/><T123/><D123/><U30/><E30/><V53/><F35/><W47/><G128/><T134/><D134/><U76/><E84/><V62/><F95/><W18/><G66/><T20/><D26/><U46/><E90/><V40/><F115/><W42/><G68/><T22/><D20/><U49/><E49/><V81/><F40/><W12/><G12/><T98/><D98/><U111/><E111/><V33/><F33/><W91/><G91/><T96/><D96/><U17/><E17/><V64/><F113/><W129/><G129/><T77/><D9/><U133/><E133/><V110/><F110/><W124/><G124/><T80/><REACH who="0" step="1"/><D72/><REACH who="0" ten="240,250,250,250" step="2"/><U50/><E50/><V88/><F114/><W21/><G32/><T5/><D5/><U13/><E13/><RYUUKYOKU ba="0,1" sc="240,10,250,10,250,-30,250,10" hai0="22,25,44,45,48,52,59,60,65,71,75,77,80" hai1="1,6,11,38,41,46,57,61,73,76,82,92,94" hai3="16,18,19,21,24,39,42,47,86,89,93,103,106" /><INIT seed="0,1,1,5,4,69" ten="250,260,220,260" oya="0" hai0="13,88,100,80,20,81,32,131,99,86,42,33,74" hai1="72,27,93,5,115,87,126,23,95,40,68,59,128" hai2="19,111,66,102,11,28,61,112,97,49,96,82,120" hai3="84,83,16,108,12,10,129,21,76,67,36,119,91"/><T107/><D131/><U41/><E72/><V30/><F120/><W0/><G119/><T29/><D42/><N who="1" m="16491" /><E68/><V1/><F112/><W85/><G108/><T133/><D133/><U123/><E128/><V63/><F111/><W101/><G129/><T39/><D39/><U65/><E123/><V113/><F113/><W57/><G36/><T98/><D98/><U18/><E5/><V70/><F63/><N who="3" m="38383" /><G0/><T4/><D29/><U122/><E122/><V55/><F82/><N who="3" m="49591" /><G101/><T26/><D26/><U135/><E135/><V106/><F97/><W46/><G46/><T56/><D56/><U7/><E7/><V31/><F1/><W71/><G71/><T58/><D58/><U48/><E115/><V62/><F61/><W90/><G76/><T50/><D50/><U53/><E65/><V54/><F49/><W24/><G24/><T134/><D134/><U52/><E126/><V78/><F78/><W35/><G35/><T103/><D103/><U116/><E116/><V3/><F3/><W132/><G132/><T127/><D127/><U110/><E110/><V77/><F77/><W9/><AGARI ba="1,1" hai="9,10,12,16,21,83,84,90" m="49591,38383" machi="9" ten="30,2000,0" yaku="8,1,54,1" doraHai="69" who="3" fromWho="3" sc="250,-11,260,-6,220,-6,260,33" /><INIT seed="1,0,0,1,2,13" ten="239,254,214,293" oya="1" hai0="71,75,104,10,107,135,7,53,54,91,99,11,81" hai1="98,33,23,19,95,87,47,65,26,55,58,21,85" hai2="38,34,4,59,64,15,89,45,93,132,92,116,12" hai3="134,20,127,120,37,35,0,18,129,111,32,125,130"/><U103/><E33/><N who="3" m="12874" /><G37/><T124/><D71/><U79/><E79/><V40/><F34/><W78/><G78/><T41/><D124/><N who="3" m="47689" /><G120/><T94/><D135/><U49/><E23/><V27/><F116/><W133/><G111/><T96/><D41/><U117/><E117/><V84/><F132/><N who="3" m="50795" /><G0/><T114/><D75/><U48/><E65/><V31/><F92/><W1/><G1/><T2/><D94/><U57/><E57/><V112/><F64/><W126/><N who="3" m="47697" /><W39/><DORA hai="28" /><G39/><T113/><D2/><U63/><REACH who="1" step="1"/><E63/><REACH who="1" ten="239,244,214,293" step="2"/><V8/><F59/><W43/><G43/><AGARI ba="0,1" hai="19,21,26,43,47,48,49,55,58,85,87,95,98,103" machi="43" ten="30,12000,1" yaku="1,1,2,1,7,1,8,1,52,1,53,0" doraHai="13,28" doraHaiUra="69,108" who="1" fromWho="3" sc="239,0,244,130,214,0,293,-120" /><INIT seed="1,1,0,4,0,12" ten="239,374,214,173" oya="1" hai0="5,53,113,30,126,63,37,135,59,0,28,96,19" hai1="74,75,57,32,52,84,107,13,86,8,122,79,129" hai2="38,29,80,21,67,94,55,16,2,106,4,41,123" hai3="98,26,99,83,109,120,89,25,110,73,14,42,85"/><U64/><E107/><V88/><F123/><W131/><G120/><T56/><D113/><U61/><E32/><V115/><F106/><W93/><G131/><T76/><D37/><U130/><E122/><V81/><F115/><W47/><G73/><T39/><D39/><U70/><E75/><V46/><F29/><W82/><G14/><T15/><D135/><U125/><E125/><V48/><F67/><W118/><G118/><T68/><D68/><U44/><E44/><V3/><F3/><W117/><G117/><T23/><D126/><U119/><E119/><V133/><F133/><W33/><G99/><T114/><D114/><U66/><E74/><V40/><F4/><W36/><G82/><N who="2" m="31849" /><F2/><W116/><G116/><T71/><D71/><U104/><E104/><V43/><F38/><W103/><REACH who="3" step="1"/><G33/><REACH who="3" ten="239,374,214,163" step="2"/><T35/><D35/><U54/><E79/><V111/><F111/><AGARI ba="1,1" hai="25,26,36,42,47,83,85,89,93,98,103,109,110,111" machi="111" ten="40,8000,1" yaku="1,1,2,1,14,1,53,2" doraHai="12" doraHaiUra="22" who="3" fromWho="2" sc="239,0,374,0,214,-83,163,93" /><INIT seed="2,0,0,4,0,117" ten="239,374,131,256" oya="2" hai0="59,89,123,9,18,10,43,25,93,78,100,92,6" hai1="99,27,82,32,84,121,75,129,70,96,71,66,13" hai2="87,44,109,68,51,107,127,33,130,49,103,50,36" hai3="38,120,85,128,74,62,67,26,64,101,60,90,105"/><V114/><F114/><W53/><G38/><T4/><D78/><U11/><E75/><V54/><F33/><W119/><G119/><T79/><D79/><U7/><E129/><V28/><F28/><W86/><G128/><T0/><D43/><U52/><E121/><V39/><F130/><W98/><G74/><T83/><D83/><U17/><E71/><V95/><F127/><W19/><G120/><T41/><D41/><U102/><E70/><V40/><F107/><W124/><G124/><T115/><D115/><U91/><E66/><V21/><F21/><W24/><G85/><T112/><D112/><U56/><E102/><V61/><F103/><W46/><G19/><T135/><D135/><U111/><E111/><V65/><F87/><W22/><G22/><T80/><D80/><U63/><E32/><V14/><F14/><W106/><G106/><T29/><D123/><U57/><E57/><N who="2" m="32991" /><F95/><N who="3" m="54743" /><G67/><T72/><D72/><U108/><E108/><V104/><F104/><W118/><G118/><T55/><D100/><U76/><E76/><V126/><F126/><W131/><G131/><T20/><D29/><U132/><E132/><V8/><F8/><W81/><G64/><T48/><REACH who="0" step="1"/><D89/><REACH who="0" ten="229,374,131,256" step="2"/><U133/><E133/><V113/><F113/><W94/><G81/><T16/><D16/><U31/><E31/><V47/><F109/><W42/><G101/><T110/><D110/><U5/><E7/><V88/><F88/><W45/><G105/><T3/><AGARI ba="0,1" hai="0,3,4,6,9,10,18,20,25,48,55,59,92,93" machi="3" ten="20,5200,0" yaku="1,1,0,1,7,1,9,1,53,0" doraHai="117" doraHaiUra="77" who="0" fromWho="0" sc="229,62,374,-13,131,-26,256,-13" /><INIT seed="3,0,0,0,3,40" ten="291,361,105,243" oya="3" hai0="79,58,16,84,69,8,53,89,26,27,100,111,93" hai1="123,33,108,29,9,129,122,121,47,73,56,90,19" hai2="114,83,4,128,132,87,18,45,75,109,64,127,107" hai3="55,21,67,133,28,96,113,17,110,34,57,72,51"/><W52/><G113/><T119/><D119/><U70/><E73/><V48/><F114/><W32/><G133/><T1/><D69/><U37/><E70/><V82/><F132/><W120/><G120/><T104/><D111/><U24/><E108/><V36/><F109/><W62/><G72/><T117/><D117/><U2/><E90/><V0/><F127/><W42/><G110/><T78/><D104/><U92/><E92/><V14/><F128/><W49/><G28/><T10/><D100/><U74/><E74/><V86/><F107/><W116/><G116/><T43/><D43/><U50/><E56/><V91/><F64/><W95/><G42/><T61/><D1/><U77/><E77/><N who="0" m="29193" /><D10/><U23/><E37/><V41/><F36/><W12/><G49/><T13/><AGARI ba="0,0" hai="8,13,16,26,27,53,58,61,84,89,93" m="29193" machi="13" ten="30,2000,0" yaku="8,1,54,1" doraHai="40" who="0" fromWho="0" sc="291,20,361,-5,105,-5,243,-10" /><INIT seed="4,0,0,5,4,87" ten="311,356,100,233" oya="0" hai0="50,25,17,70,66,6,43,122,113,57,117,124,28" hai1="33,65,83,110,19,94,100,11,30,95,56,49,92" hai2="111,51,73,64,131,7,60,36,129,85,38,101,98" hai3="97,99,54,16,103,31,46,58,82,61,67,72,34"/><T77/><D122/><U109/><E33/><V24/><F111/><W1/><G1/><T86/><D117/><U13/><E30/><V133/><F73/><W18/><G34/><T29/><D113/><U102/><E110/><V93/><F133/><W81/><G31/><T45/><D124/><U108/><E108/><V53/><F24/><W78/><G81/><N who="0" m="47407" /><D70/><U130/><E109/><V5/><F38/><W91/><G99/><T22/><D6/><U40/><E130/><N who="2" m="49675" /><F36/><W35/><G35/><T4/><D4/><U37/><E37/><V0/><F0/><W90/><G46/><T68/><D68/><U3/><E3/><V10/><F85/><W62/><G18/><T123/><D123/><U96/><E83/><V44/><F10/><W39/><G16/><T63/><AGARI ba="0,0" hai="17,22,25,28,29,43,45,50,57,63,66" m="47407" machi="63" ten="30,1500,0" yaku="8,1" doraHai="87" who="0" fromWho="0" sc="311,15,356,-5,100,-5,233,-5" /><INIT seed="4,1,0,1,2,30" ten="326,351,95,228" oya="0" hai0="32,100,84,70,31,99,125,88,44,129,5,25,86" hai1="120,130,66,122,23,35,123,71,55,133,61,10,128" hai2="13,104,95,127,29,81,106,51,22,54,8,7,3" hai3="77,74,21,73,135,118,119,113,42,11,37,121,79"/><T101/><D70/><U36/><E23/><V67/><F127/><W28/><G11/><T63/><D125/><U90/><E90/><V60/><F81/><W41/><G21/><T27/><D129/><N who="1" m="49771" /><E10/><V15/><F95/><W103/><G28/><T48/><D5/><U78/><E78/><N who="3" m="29706" /><G37/><T12/><D12/><U59/><E35/><V132/><F132/><W69/><G69/><T45/><D63/><N who="1" m="40415" /><E36/><V47/><F13/><W110/><G103/><T98/><D31/><U91/><E91/><V65/><F65/><W9/><G9/><T68/><D68/><U0/><E0/><V26/><REACH who="2" step="1"/><F3/><REACH who="2" ten="326,351,85,228" step="2"/><W92/><G135/><AGARI ba="1,1" hai="55,59,61,120,122,123,133,135" m="40415,49771" machi="135" ten="40,5200,0" yaku="19,1,34,2" doraHai="30" who="1" fromWho="3" sc="326,0,351,65,85,0,228,-55" /><INIT seed="5,0,0,4,2,132" ten="326,416,85,173" oya="1" hai0="115,69,56,93,54,24,126,16,113,72,73,110,116" hai1="101,103,98,4,82,135,88,130,94,67,53,85,118" hai2="40,26,57,70,120,63,12,111,99,81,60,35,104" hai3="13,86,123,108,117,61,11,27,84,23,19,59,25"/><U30/><E118/><V127/><F111/><W114/><G123/><T83/><D116/><U41/><E135/><V107/><F120/><W64/><G108/><T134/><D110/><U20/><E130/><V21/><F127/><W34/><G117/><T109/><D109/><U71/><E41/><V15/><F40/><W79/><G114/><T44/><D69/><U80/><E4/><V43/><F43/><W18/><G79/><T87/><D44/><U76/><E71/><V106/><F81/><W121/><G121/><T49/><D134/><U31/><E67/><V36/><F36/><W50/><G50/><T62/><D93/><U22/><E53/><V102/><F15/><N who="3" m="9727" /><G34/><T129/><D129/><U45/><E45/><V77/><F77/><W92/><G92/><T75/><D49/><U42/><E42/><V28/><F60/><W1/><G1/><T74/><D74/><U29/><REACH who="1" step="1"/><E82/><REACH who="1" ten="326,406,85,173" step="2"/><V38/><F38/><W0/><G0/><T52/><D54/><U96/><E96/><V90/><F57/><W133/><G133/><T124/><D115/><U7/><E7/><V5/><F5/><W68/><G68/><T122/><D113/><U6/><E6/><V97/><F97/><W131/><G131/><T39/><D122/><U66/><E66/><V51/><F51/><W47/><G47/><T8/><D39/><U128/><E128/><V95/><F70/><W112/><G112/><T105/><D83/><U9/><E9/><V78/><F99/><W46/><G46/><T17/><D8/><U3/><E3/><V2/><F2/><W91/><G59/><RYUUKYOKU ba="0,1" sc="326,-10,406,30,85,-10,173,-10" hai1="20,22,29,30,31,76,80,85,88,94,98,101,103" /><INIT seed="5,1,1,0,3,93" ten="316,436,75,163" oya="1" hai0="80,13,21,125,9,17,25,63,5,26,79,51,66" hai1="55,16,98,18,120,53,76,39,92,32,128,134,108" hai2="44,70,28,42,67,30,109,118,130,64,86,15,127" hai3="4,1,84,135,33,97,96,119,56,43,54,45,35"/><U75/><E32/><V74/><F118/><W88/><G119/><T105/><D125/><U24/><E39/><V60/><F109/><W112/><G112/><T2/><D105/><U116/><E120/><V23/><F127/><W48/><G135/><T94/><D51/><U71/><E71/><V107/><F74/><W122/><G122/><T40/><D40/><U65/><E65/><V111/><F111/><W47/><G35/><T34/><D94/><U11/><E116/><V99/><F86/><W46/><G33/><T49/><D49/><U19/><E134/><V59/><F130/><W83/><REACH who="3" step="1"/><G43/><REACH who="3" ten="316,436,75,153" step="2"/><T104/><D34/><U82/><E108/><V12/><F42/><W77/><G77/><T85/><D104/><U102/><E128/><V113/><F113/><W81/><G81/><T72/><D72/><U6/><REACH who="1" step="1"/><E24/><REACH who="1" ten="316,426,75,153" step="2"/><V91/><F70/><AGARI ba="1,3" hai="2,5,9,13,17,21,25,26,63,66,70,79,80,85" machi="70" ten="30,1000,0" yaku="7,1" doraHai="93" who="0" fromWho="2" sc="316,43,426,0,75,-13,153,0" /><INIT seed="6,0,0,0,4,112" ten="359,426,62,153" oya="2" hai0="67,43,107,55,3,62,105,118,24,14,32,46,97" hai1="16,37,135,79,123,59,36,127,30,131,39,93,130" hai2="122,29,28,26,17,64,54,65,69,63,99,73,91" hai3="15,44,72,129,61,124,56,90,134,4,60,114,11"/><V20/><F122/><W88/><G72/><T31/><D3/><U80/><E30/><V110/><F73/><W116/><G114/><T5/><D55/><U75/><E123/><V66/><F110/><W132/><G124/><T12/><D107/><U53/><E127/><V74/><F74/><W71/><G129/><N who="1" m="49162" /><E93/><V108/><F108/><W78/><G78/><T115/><D115/><U7/><E7/><V27/><F27/><W100/><G100/><N who="0" m="62607" /><D5/><U113/><E113/><V95/><REACH who="2" step="1"/><F69/><REACH who="2" ten="359,426,52,153" step="2"/><W25/><G25/><T84/><D24/><U40/><E135/><V109/><F109/><W52/><G132/><T34/><D34/><U89/><E89/><V19/><F19/><W22/><G90/><T18/><D18/><U1/><E16/><V101/><F101/><W70/><G88/><T58/><D32/><U87/><E75/><V98/><F98/><W21/><G134/><T85/><D31/><U106/><E106/><V10/><F10/><W41/><G71/><T6/><D84/><U96/><E96/><V77/><F77/><W23/><G70/><T47/><D85/><U42/><E1/><V111/><F111/><W50/><G11/><T35/><D6/><U13/><E13/><V49/><F49/><AGARI ba="0,1" hai="36,37,39,40,42,49,53,59,79,80,87" m="49162" machi="49" ten="40,1300,0" yaku="19,1" doraHai="112" who="1" fromWho="2" sc="359,0,426,23,52,-13,153,0" /><INIT seed="7,0,0,0,2,97" ten="359,449,39,153" oya="3" hai0="101,61,40,49,109,48,35,67,75,51,100,105,69" hai1="77,60,56,131,59,72,16,55,107,94,18,34,52" hai2="90,57,135,125,127,20,42,31,118,106,128,19,28" hai3="8,30,5,27,21,68,70,37,78,17,23,62,29"/><W32/><G37/><T9/><D109/><U15/><E107/><V74/><F118/><W99/><G21/><T116/><D116/><U108/><E108/><V83/><F42/><W41/><G30/><T87/><D75/><U10/><E34/><V64/><F106/><W46/><G78/><T3/><D35/><U7/><E131/><V79/><F128/><W112/><G112/><T124/><D124/><U25/><E25/><V80/><F135/><W120/><G120/><T81/><D40/><U63/><E94/><V85/><F125/><W66/><G70/><T47/><D47/><U6/><E6/><V13/><F127/><W104/><G46/><T88/><REACH who="0" step="1"/><D105/><REACH who="0" ten="349,449,39,153" step="2"/><U84/><E72/><V129/><F129/><W12/><G41/><T115/><D115/><U91/><E91/><V103/><F64/><W36/><G36/><T110/><D110/><U22/><E22/><V44/><F44/><W73/><G73/><T111/><D111/><U96/><E96/><V45/><F45/><W117/><G117/><T71/><D71/><U89/><E89/><V86/><F57/><W119/><G119/><T126/><D126/><U123/><E123/><V58/><F58/><W39/><G39/><T121/><D121/><U113/><E113/><V0/><F0/><N who="3" m="39" /><G99/><T24/><D24/><U65/><E65/><V93/><REACH who="2" step="1"/><F74/><REACH who="2" ten="349,449,29,153" step="2"/><W98/><G104/><T43/><D43/><U132/><E132/><V4/><F4/><AGARI ba="0,2" hai="3,4,9,48,49,51,61,67,69,81,87,88,100,101" machi="4" ten="40,8000,1" yaku="1,1,52,2,54,1,53,0" doraHai="97" doraHaiUra="50" who="0" fromWho="2" sc="349,100,449,0,29,-80,153,0" owari="449,55.0,449,25.0,-51,-55.0,153,-25.0" /></mjloggm>