<mjloggm ver="2.3"><GO type="169" lobby="0"/><UN n0="%67%6F%6D%75" n1="%67%69%6A%79%75%74%75" n2="%39%39%39" n3="%72%75%69%63%65" dan="16,16,17,17" rate="2062.56,2126.25,2168.72,2204.79" sx="M,M,F,M"/><TAIKYOKU oya="0"/><INIT seed="0,0,0,2,2,3" ten="250,250,250,250" oya="0" hai0="102,2,10,113,95,52,29,80,104,64,17,59,48" hai1="127,44,105,134,34,111,14,8,86,31,126,84,40" hai2="71,99,16,35,132,13,42,135,45,81,68,133,56" hai3="92,7,26,4,109,75,91,51,53,85,125,39,43"/><T114/><D104/><U74/><E74/><V5/><F35/><W49/><G75/><T94/><D29/><U36/><E36/><V67/><F99/><W22/><G125/><T96/><D80/><U19/><E19/><V38/><F81/><W63/><G39/><T130/><D130/><U27/><E105/><V12/><F5/><W76/><G109/><T100/><D64/><U124/><E111/><V47/><F12/><W88/><G76/><T73/><D73/><U128/><E128/><V0/><F47/><N who="3" m="25855" /><G63/><T106/><D106/><U66/><E134/><V6/><F6/><W41/><G41/><T78/><D78/><U58/><E44/><V107/><F0/><W82/><G53/><T62/><D62/><N who="1" m="38231" /><E40/><V25/><F107/><W30/><G51/><T98/><REACH who="0" step="1"/><D2/><REACH who="0" ten="240,250,250,250" step="2"/><U20/><E34/><V90/><F132/><W79/><G79/><T46/><D46/><U117/><E126/><V122/><F133/><W50/><G50/><T93/><D93/><U33/><E124/><V77/><F135/><W37/><G37/><T123/><D123/><U15/><E127/><V61/><F77/><W70/><G70/><T116/><D116/><U83/><E117/><V110/><F122/><W18/><G18/><T120/><D120/><U119/><E119/><V69/><F110/><W1/><G1/><T32/><D32/><U131/><E33/><V9/><F71/><W115/><G115/><T97/><D97/><AGARI ba="0,1" hai="4,7,22,26,30,82,85,88,91,92,97" m="25855" machi="97" ten="30,7700,0" yaku="8,1,52,2,54,1" doraHai="3" who="3" fromWho="0" sc="240,-77,250,0,250,0,250,87" /><INIT seed="1,0,0,1,0,77" ten="163,250,250,337" oya="1" hai0="106,102,81,45,99,129,19,2,105,124,58,110,1" hai1="112,69,22,14,52,53,115,40,44,28,130,23,74" hai2="91,133,55,59,80,119,31,12,76,46,37,101,92" hai3="70,117,122,51,49,4,30,127,85,93,63,8,38"/><U123/><E123/><V6/><F119/><W120/><G38/><T125/><D129/><U42/><E74/><V33/><F133/><W41/><G117/><T25/><D110/><U73/><E73/><V135/><F135/><W75/><G75/><T118/><D118/><U65/><E130/><V60/><F101/><W90/><G127/><N who="0" m="48715" /><D106/><U87/><E65/><V9/><F33/><W50/><G30/><T17/><D45/><U83/><E69/><V88/><F31/><W48/><G41/><N who="1" m="15978" /><E115/><V3/><F37/><W78/><G78/><T36/><D36/><U5/><E112/><V13/><F46/><W108/><G108/><T104/><D104/><U16/><E5/><V66/><F66/><W20/><G20/><N who="0" m="13455" /><D19/><U103/><E103/><V35/><F35/><W107/><G107/><T114/><D114/><U96/><E96/><V100/><F100/><W86/><G70/><T27/><D27/><N who="1" m="16503" /><E44/><V11/><F3/><W94/><G122/><T57/><D57/><U113/><E113/><V15/><F6/><W109/><G120/><T7/><D58/><U34/><E34/><V39/><F39/><W26/><G109/><T29/><D7/><U132/><E132/><V21/><F21/><W10/><G4/><T24/><D2/><U0/><E0/><V111/><F111/><W62/><G26/><T95/><D1/><U79/><AGARI ba="0,0" hai="14,16,23,52,53,79,83,87" m="16503,15978" machi="79" ten="30,11700,0" yaku="8,1,52,1,54,2" doraHai="77" who="1" fromWho="1" sc="163,-39,250,117,250,-39,337,-39" /><INIT seed="1,1,0,1,5,131" ten="124,367,211,298" oya="1" hai0="132,96,3,133,21,130,49,11,38,43,20,108,103" hai1="31,37,101,22,74,60,71,9,95,118,67,36,58" hai2="107,14,112,1,89,16,55,83,93,26,110,66,109" hai3="77,32,116,42,30,8,106,40,34,4,68,97,104"/><U82/><E118/><V69/><F107/><W27/><G77/><T44/><D130/><U129/><E129/><V115/><F1/><W15/><G116/><T87/><D108/><N who="2" m="41578" /><F26/><W53/><G32/><T128/><D128/><U75/><E71/><V24/><F24/><W52/><G68/><T91/><D38/><U61/><E9/><N who="2" m="6223" /><F83/><W10/><G10/><T54/><D43/><U120/><E120/><V119/><F55/><W124/><G124/><T41/><D41/><U111/><E111/><V65/><F119/><W64/><G40/><T62/><D62/><U100/><E82/><V12/><F12/><W0/><G42/><T105/><D11/><U63/><E63/><N who="2" m="40127" /><F66/><W85/><G64/><T122/><D3/><U92/><E67/><V90/><F90/><W48/><G53/><T73/><D73/><U19/><E31/><V70/><F70/><W51/><G0/><T94/><REACH who="0" step="1"/><D122/><REACH who="0" ten="114,367,211,298" step="2"/><U57/><E74/><V84/><AGARI ba="1,1" hai="84,89,93,112,115" m="40127,6223,41578" machi="84" ten="30,2000,0" yaku="14,1,54,1" doraHai="131" who="2" fromWho="2" sc="114,-6,367,-11,211,33,298,-6" /><INIT seed="2,0,0,2,2,110" ten="108,356,244,292" oya="2" hai0="14,30,81,92,45,9,76,22,67,132,120,116,58" hai1="118,77,135,44,2,111,68,66,65,93,113,114,87" hai2="101,108,95,16,133,131,26,50,1,54,38,90,62" hai3="109,119,85,18,8,112,84,98,39,61,34,73,4"/><V53/><F133/><W78/><G39/><T17/><D120/><U46/><E2/><V129/><F1/><W107/><G119/><T127/><D116/><U125/><E118/><V82/><F38/><W49/><G34/><T6/><D132/><U55/><E135/><V124/><F124/><W28/><G109/><T24/><D127/><U103/><E125/><V123/><F123/><W29/><G18/><T134/><D134/><U64/><E111/><V126/><F126/><W128/><G128/><N who="2" m="49225" /><F108/><W36/><G36/><T74/><D92/><U47/><E68/><V75/><F101/><W41/><G61/><T59/><D45/><U104/><E104/><V106/><F106/><W94/><G107/><T102/><D102/><U70/><E70/><V130/><F130/><W121/><G121/><T56/><REACH who="0" step="1"/><D67/><REACH who="0" ten="98,356,244,292" step="2"/><U117/><E117/><V89/><F95/><W21/><G94/><T31/><AGARI ba="0,1" hai="6,9,14,17,22,24,30,31,56,58,59,74,76,81" machi="31" ten="30,4000,0" yaku="1,1,2,1,0,1,53,0" doraHai="110" doraHaiUra="97" who="0" fromWho="0" sc="98,50,356,-10,244,-20,292,-10" /><INIT seed="3,0,0,2,5,94" ten="148,346,224,282" oya="3" hai0="89,33,27,90,46,134,5,57,29,85,37,61,52" hai1="13,20,105,58,40,12,4,101,10,45,119,3,86" hai2="116,128,1,104,22,17,64,113,78,9,56,16,108" hai3="62,110,95,7,83,65,87,63,49,67,127,30,59"/><W24/><G127/><T82/><D134/><U19/><E119/><V129/><F108/><W50/><G110/><T107/><D107/><U0/><E86/><V103/><F113/><W21/><G7/><T124/><D124/><U14/><E0/><V11/><F116/><W96/><G87/><T131/><D131/><N who="2" m="50250" /><F78/><W88/><REACH who="3" step="1"/><G83/><REACH who="3" ten="148,346,224,272" step="2"/><T98/><D5/><U47/><E4/><V130/><F130/><W66/><G66/><T34/><D82/><U80/><E80/><V53/><F64/><W26/><G26/><T76/><D27/><U97/><E3/><V23/><F1/><W2/><G2/><T69/><D85/><U68/><E68/><AGARI ba="0,1" hai="21,24,30,49,50,59,62,63,65,67,68,88,95,96" machi="68" ten="30,12000,1" yaku="1,1,7,1,52,1,54,1,53,1" doraHai="94" doraHaiUra="84" who="3" fromWho="1" sc="148,0,346,-120,224,0,272,130" /><INIT seed="3,1,0,4,2,1" ten="148,226,224,402" oya="3" hai0="57,42,64,93,81,51,66,116,34,76,86,83,55" hai1="114,112,2,108,4,28,10,52,15,9,131,8,75" hai2="27,91,88,38,58,30,71,87,113,65,84,29,60" hai3="134,127,130,121,11,37,123,90,19,82,119,20,41"/><W62/><G119/><T135/><D116/><U132/><E75/><V95/><F113/><N who="1" m="43625" /><E52/><V72/><F72/><W3/><G127/><T70/><D34/><U31/><E108/><V89/><F38/><W33/><G134/><T26/><D135/><U100/><E100/><V49/><F71/><W118/><G130/><T102/><D70/><U120/><E132/><V48/><F89/><W61/><G118/><T69/><D69/><U43/><E43/><V46/><F27/><W63/><G33/><T18/><D42/><U22/><E131/><V117/><F117/><W96/><G41/><T110/><D110/><U45/><E45/><V50/><REACH who="2" step="1"/><F46/><REACH who="2" ten="148,226,214,402" step="2"/><W47/><G37/><T32/><D26/><N who="1" m="16471" /><E120/><V73/><F73/><W35/><G47/><T24/><D24/><U115/><E115/><V106/><F106/><W105/><G123/><T125/><D125/><U133/><E133/><V104/><F104/><W74/><G121/><T0/><D102/><U92/><E92/><AGARI ba="1,1" hai="29,30,48,49,50,58,60,65,84,87,88,91,92,95" machi="92" ten="40,8000,1" yaku="1,1,9,1,8,1,54,1,53,0" doraHai="1" doraHaiUra="122" who="2" fromWho="1" sc="148,0,226,-83,214,93,402,0" /><INIT seed="4,0,0,2,5,45" ten="148,143,307,402" oya="0" hai0="86,72,121,62,25,37,7,77,40,67,134,58,27" hai1="109,48,135,64,129,30,112,113,108,26,52,130,120" hai2="127,38,131,84,18,122,69,71,22,66,100,82,20" hai3="95,36,0,29,93,6,14,53,15,91,89,118,49"/><T96/><D121/><U85/><E85/><V24/><F122/><W60/><G118/><T41/><D134/><U10/><E10/><V4/><F38/><W106/><G36/><T59/><D72/><U79/><E79/><V1/><F131/><N who="1" m="50185" /><E120/><V110/><F110/><N who="1" m="42601" /><E135/><V128/><F127/><W99/><G60/><T16/><D7/><U35/><E64/><V21/><F128/><W12/><G106/><T9/><D58/><AGARI ba="0,0" hai="26,30,35,48,52,58,112,113" m="42601,50185" machi="58" ten="40,5200,0" yaku="19,1,52,1,54,1" doraHai="45" who="1" fromWho="0" sc="148,-52,143,52,307,0,402,0" /><INIT seed="5,0,0,0,3,10" ten="96,195,307,402" oya="1" hai0="27,48,3,59,117,106,81,12,91,130,2,71,16" hai1="41,25,52,107,63,62,44,135,21,34,8,61,22" hai2="99,69,100,60,49,128,13,75,92,7,124,104,11" hai3="67,82,113,97,102,57,73,74,32,105,66,88,80"/><U50/><E107/><V129/><F75/><W65/><G32/><T18/><D117/><U14/><E34/><V36/><F36/><W108/><G108/><T123/><D106/><U98/><E135/><V95/><F124/><W84/><G113/><T122/><D130/><N who="2" m="50282" /><F49/><W120/><G120/><N who="0" m="46123" /><D71/><U116/><E116/><V121/><F121/><W30/><G30/><T133/><D133/><U23/><E98/><V58/><F69/><W39/><G39/><T37/><D37/><U115/><E115/><V68/><F68/><W53/><REACH who="3" step="1"/><G82/><REACH who="3" ten="96,195,307,392" step="2"/><T79/><D81/><U43/><REACH who="1" step="1"/><E25/><REACH who="1" ten="96,185,307,392" step="2"/><V134/><F134/><W114/><G114/><T5/><D27/><U132/><E132/><V93/><F104/><W103/><G103/><T109/><D109/><U33/><E33/><V70/><F70/><W17/><G17/><AGARI ba="0,2" hai="8,14,17,21,22,23,41,43,44,50,52,61,62,63" machi="17" ten="40,12000,1" yaku="1,1,8,1,52,1,54,1,53,0" doraHai="10" doraHaiUra="127" who="1" fromWho="3" sc="96,0,185,140,307,0,392,-120" /><INIT seed="5,1,0,0,4,5" ten="96,325,307,272" oya="1" hai0="12,63,15,20,18,17,126,7,60,133,103,120,72" hai1="8,99,26,111,84,105,128,110,130,83,74,13,48" hai2="101,92,107,16,87,23,80,96,4,44,56,70,106" hai3="66,10,6,131,19,55,134,0,112,68,14,100,9"/><U2/><E2/><V42/><F70/><W28/><G134/><T24/><D120/><U3/><E3/><V75/><F75/><W53/><G131/><N who="1" m="50218" /><E74/><V85/><F56/><W47/><G112/><T97/><D133/><U21/><E48/><V38/><F4/><W11/><G100/><T73/><D126/><U39/><E39/><V94/><F106/><W29/><G66/><T67/><D7/><N who="1" m="3231" /><E99/><V118/><F118/><W79/><G68/><T116/><D24/><U34/><E105/><V43/><F43/><W52/><G79/><T121/><D116/><U49/><E49/><V114/><F114/><W35/><G35/><T50/><D50/><U22/><E84/><V113/><F113/><W57/><G47/><T46/><D46/><U104/><E83/><V69/><F69/><W129/><G129/><T86/><D86/><U82/><E82/><V98/><F98/><W108/><G108/><N who="1" m="41514" /><E104/><V135/><F87/><W124/><G124/><T125/><D125/><U41/><E41/><V119/><F135/><W109/><G109/><T32/><D73/><U77/><E77/><V59/><F119/><W88/><G57/><T27/><D72/><U45/><E45/><V62/><F59/><W81/><G81/><T127/><D97/><U93/><E93/><V1/><F1/><W37/><G37/><T25/><D127/><U51/><E51/><V115/><F115/><W30/><REACH who="3" step="1"/><G88/><REACH who="3" ten="96,325,307,262" step="2"/><T132/><D132/><U76/><E76/><N who="2" m="46215" /><F62/><W102/><G102/><T95/><D103/><U31/><AGARI ba="1,1" hai="21,22,26,31,34" m="41514,3231,50218" machi="31" ten="40,12000,1" yaku="19,1,10,1,34,2,52,1" doraHai="5" who="1" fromWho="1" sc="96,-41,325,133,307,-41,262,-41" /><INIT seed="5,2,0,2,3,66" ten="55,458,266,221" oya="1" hai0="43,29,80,98,135,132,46,127,79,4,35,99,42" hai1="55,111,5,59,65,125,100,47,25,9,41,32,114" hai2="20,86,27,1,10,67,81,116,126,128,45,130,106" hai3="26,70,113,119,77,115,8,64,12,61,40,131,68"/><U101/><E65/><V2/><F116/><W117/><G131/><N who="2" m="50217" /><F106/><W38/><G77/><T96/><D127/><U58/><E125/><V13/><F45/><N who="3" m="23703" /><G26/><T121/><D121/><U36/><E58/><V53/><F53/><W57/><G12/><T54/><D4/><U50/><E111/><V49/><F49/><W48/><G8/><T95/><D95/><U134/><E134/><V124/><F67/><W87/><G87/><T39/><D43/><U56/><E56/><V89/><F1/><W73/><G73/><T15/><D15/><U31/><REACH who="1" step="1"/><E114/><REACH who="1" ten="55,448,266,221" step="2"/><N who="3" m="43530" /><G70/><T51/><D135/><U103/><E103/><V18/><F126/><W33/><G33/><T109/><D132/><U88/><E88/><V118/><F124/><W44/><G57/><T107/><D109/><U3/><AGARI ba="2,1" hai="3,5,9,25,31,32,36,41,47,50,55,59,100,101" machi="3" ten="20,3900,0" yaku="1,1,0,1,7,1,53,0" doraHai="66" doraHaiUra="14" who="1" fromWho="1" sc="55,-15,448,55,266,-15,221,-15" /><INIT seed="5,3,0,5,0,125" ten="40,503,251,206" oya="1" hai0="0,7,4,15,22,63,104,51,93,47,46,10,121" hai1="114,124,35,24,19,60,42,31,41,55,33,86,131" hai2="45,25,102,21,118,94,32,133,113,100,87,98,83" hai3="26,2,78,96,92,91,95,18,39,79,84,64,117"/><U34/><E124/><V88/><F32/><W65/><G39/><T73/><D104/><U61/><E19/><V112/><F118/><W67/><G2/><T101/><D73/><U109/><E109/><V14/><F133/><W54/><G117/><T74/><D74/><U71/><E55/><V129/><F129/><W135/><G135/><T11/><D121/><U116/><E131/><V8/><F45/><W99/><G54/><T23/><D63/><U29/><E34/><V5/><REACH who="2" step="1"/><F102/><REACH who="2" ten="40,503,241,206" step="2"/><W89/><REACH who="3" step="1"/><G84/><REACH who="3" ten="40,503,241,196" step="2"/><T111/><D111/><U16/><E86/><V28/><AGARI ba="3,2" hai="5,8,14,21,25,28,83,87,88,94,98,100,112,113" machi="28" ten="30,7900,0" yaku="1,1,2,1,0,1,54,1,53,0" doraHai="125" doraHaiUra="107" who="2" fromWho="2" sc="40,-23,503,-42,241,108,196,-23" /><INIT seed="6,0,0,4,2,66" ten="17,461,349,173" oya="2" hai0="21,133,26,101,99,107,56,16,42,2,115,43,80" hai1="19,92,67,35,1,24,65,70,6,14,130,28,117" hai2="105,51,128,91,37,68,114,11,34,111,121,57,33" hai3="8,100,7,87,94,73,3,77,17,108,122,126,102"/><V113/><F121/><W81/><G122/><T53/><D133/><U72/><E117/><V27/><F37/><W76/><G126/><T25/><D115/><N who="2" m="44042" /><F128/><W131/><G131/><T60/><D2/><U38/><E130/><V47/><F111/><W93/><G108/><T62/><D80/><U61/><E72/><V132/><F132/><W59/><G73/><T74/><D74/><U129/><E129/><V82/><F105/><W58/><G17/><T86/><D86/><U52/><E38/><V40/><F11/><W44/><G44/><T97/><D97/><U39/><E39/><V123/><F123/><W63/><G76/><T98/><D98/><U48/><E67/><V119/><F119/><W125/><G125/><T110/><D110/><U120/><E120/><V71/><F57/><W22/><G22/><T49/><REACH who="0" step="1"/><D26/><REACH who="0" ten="7,461,349,173" step="2"/><U78/><E24/><V4/><F27/><W12/><G3/><T15/><D15/><U41/><E14/><V0/><F82/><W20/><G81/><T13/><D13/><U46/><E1/><V112/><F112/><W104/><G87/><T32/><D32/><U23/><E35/><V83/><F83/><W118/><G12/><T55/><D55/><U134/><E52/><V103/><F34/><W9/><G118/><T64/><D64/><U85/><E65/><V84/><F33/><W31/><G8/><T30/><D30/><U50/><E28/><V88/><F0/><W5/><G9/><T95/><D95/><U127/><E134/><V79/><F79/><W124/><G77/><T116/><D116/><U45/><E78/><RYUUKYOKU ba="0,1" sc="7,30,461,-10,349,-10,173,-10" hai0="16,21,25,42,43,49,53,56,60,62,99,101,107" /><INIT seed="7,1,1,3,1,57" ten="37,451,339,163" oya="3" hai0="90,85,45,104,14,67,84,83,21,120,133,9,88" hai1="129,98,71,95,12,15,36,66,99,74,113,59,126" hai2="46,82,43,32,42,35,40,117,94,110,103,81,4" hai3="107,72,118,41,101,56,132,44,39,5,25,134,6"/><W19/><G118/><T61/><D133/><N who="3" m="51305" /><G72/><T20/><D120/><U1/><E1/><V73/><F117/><W51/><G107/><T130/><D130/><U114/><E74/><V108/><F73/><W69/><G101/><T112/><D112/><N who="1" m="43115" /><E36/><V124/><F103/><W91/><G69/><T24/><D104/><U123/><E123/><V89/><F124/><W7/><G91/><T34/><D45/><U80/><E71/><V58/><F89/><W2/><G2/><T65/><D65/><U79/><E129/><V33/><F94/><W96/><G96/><T0/><D0/><U131/><E131/><V86/><F81/><W105/><G105/><T49/><D49/><U38/><E38/><V119/><F119/><W16/><G25/><T125/><D125/><U87/><E126/><V27/><F27/><W30/><G30/><T115/><D115/><U92/><E99/><V52/><F82/><W122/><G122/><T18/><D24/><U22/><E92/><V106/><F106/><W31/><G31/><T53/><D53/><AGARI ba="1,1" hai="5,6,7,16,19,39,41,44,51,53,56" m="51305" machi="53" ten="30,2900,0" yaku="20,1,54,1" doraHai="57" who="3" fromWho="0" sc="37,-32,451,0,339,0,163,42" /><INIT seed="7,2,0,5,0,7" ten="5,451,339,205" oya="3" hai0="79,123,23,39,115,57,121,62,124,84,77,119,129" hai1="38,61,83,33,67,86,17,97,3,125,127,45,35" hai2="46,135,69,78,103,82,102,15,21,1,53,60,118" hai3="52,116,68,126,105,49,2,44,87,107,130,42,10"/><W11/><G116/><T72/><D23/><U91/><E3/><V26/><F118/><W0/><G68/><T65/><D84/><U28/><E28/><V99/><F1/><W4/><G130/><T122/><D79/><U66/><E66/><V40/><F135/><W32/><G32/><T13/><D77/><U106/><E17/><V37/><F15/><W14/><G126/><N who="1" m="48138" /><E45/><V5/><F5/><W25/><G25/><T36/><D13/><U75/><E38/><V6/><F6/><W93/><G0/><T110/><D65/><U76/><E97/><V94/><F69/><W132/><G132/><T54/><D62/><U20/><E20/><V89/><F60/><W113/><G113/><T51/><D57/><N who="1" m="37295" /><E106/><V70/><F70/><W90/><REACH who="3" step="1"/><G42/><REACH who="3" ten="5,451,339,195" step="2"/><T50/><D54/><U80/><AGARI ba="2,1" hai="33,35,75,76,80,83,86,91" m="37295,48138" machi="80" ten="30,1100,0" yaku="18,1" doraHai="7" who="1" fromWho="1" sc="5,-5,451,27,339,-5,195,-7" owari="0,-50.0,478,58.0,334,13.0,188,-21.0" /></mjloggm>