<mjloggm ver="2.3"><GO type="169" lobby="0"/><UN n0="%E5%B2%A1%E6%9D%91%E9%9D%96%E5%B9%B8" n1="%E3%82%86%E3%80%82%E3%80%82" n2="%E8%87%AA%E5%A0%95%E8%90%BD%E5%A4%A7%E5%AD%A6%E9%99%A2%E7%94%9F" n3="%E3%81%97%E3%81%A9%E3%83%BC" dan="16,17,17,16" rate="2176.88,2162.13,2194.47,2088.02" sx="M,M,M,M"/><TAIKYOKU oya="0"/><INIT seed="0,0,0,5,5,71" ten="250,250,250,250" oya="0" hai0="135,97,69,37,49,36,128,55,20,29,108,127,3" hai1="60,59,114,76,7,80,50,38,10,79,74,95,121" hai2="13,67,120,86,15,11,4,41,31,5,64,22,112" hai3="66,58,87,54,32,116,35,8,117,39,107,24,30"/><T98/><D69/><U2/><E121/><V63/><F120/><W126/><G107/><T73/><D73/><U72/><E114/><V21/><F112/><W40/><G126/><T101/><D3/><U14/><E95/><V89/><F41/><W48/><G35/><T68/><D68/><U82/><E50/><V110/><F110/><W51/><G51/><T100/><D127/><U9/><E38/><N who="0" m="14953" /><D108/><U6/><E59/><V61/><F31/><W106/><G106/><T28/><D20/><U102/><E102/><N who="0" m="39529" /><D55/><U133/><E133/><V104/><F104/><W105/><G105/><T25/><D25/><U103/><E103/><V27/><F27/><W18/><G66/><T91/><D91/><U134/><E134/><V115/><F115/><W109/><G109/><T132/><D49/><U70/><E70/><V57/><F89/><W94/><G8/><T43/><D43/><U56/><E56/><N who="2" m="36903" /><F86/><W111/><G111/><T93/><D93/><U122/><E122/><V85/><F85/><W47/><G117/><T0/><D0/><U45/><E2/><V42/><F42/><W1/><G1/><T90/><D90/><U113/><E72/><V78/><F78/><W88/><G116/><T16/><D16/><U26/><E79/><V77/><F77/><W23/><REACH who="3" step="1"/><G32/><REACH who="3" ten="250,250,250,240" step="2"/><T53/><D135/><U17/><E113/><V119/><F119/><W44/><G44/><T84/><D132/><U96/><E45/><V92/><F67/><W75/><G75/><T81/><D53/><U99/><E74/><V46/><F46/><W118/><G118/><T130/><D128/><RYUUKYOKU ba="0,1" sc="250,-10,250,-10,250,-10,240,30" hai3="18,23,24,30,39,40,47,48,54,58,87,88,94" /><INIT seed="1,1,1,2,2,103" ten="240,240,240,270" oya="1" hai0="132,109,81,12,80,69,111,3,55,119,71,21,38" hai1="62,129,5,73,113,28,134,43,32,51,84,90,37" hai2="20,92,98,72,13,87,133,40,23,65,101,94,6" hai3="114,17,64,56,10,97,121,0,99,63,74,123,54"/><U122/><E122/><V135/><F72/><W128/><G74/><T42/><D3/><U30/><E113/><V2/><F2/><W58/><G114/><T11/><D119/><U57/><E37/><V120/><F120/><W95/><G128/><T127/><D132/><N who="2" m="50762" /><F65/><W47/><G47/><N who="0" m="24023" /><D21/><U8/><E129/><V85/><F40/><W36/><G36/><T35/><D55/><U14/><E73/><V66/><F66/><W110/><G110/><N who="0" m="41995" /><D35/><U102/><E32/><V15/><F15/><W105/><G0/><T124/><D81/><U7/><E7/><V77/><F77/><W115/><G115/><T18/><D80/><N who="1" m="49415" /><E102/><V89/><F87/><W26/><G99/><T61/><D61/><U48/><E134/><V75/><F75/><W104/><G121/><T112/><D112/><U33/><E33/><V44/><F44/><W125/><G123/><T107/><D107/><U27/><E27/><V86/><F85/><W118/><G118/><T130/><D130/><U76/><E76/><V34/><F34/><W83/><G83/><T49/><D49/><N who="1" m="19019" /><E43/><V117/><F117/><W70/><G26/><T9/><D71/><U53/><AGARI ba="1,1" hai="5,8,14,28,30,53,57,62" m="19019,49415" machi="53" ten="30,1500,0" yaku="8,1" doraHai="103" who="1" fromWho="1" sc="240,-6,240,28,240,-6,270,-6" /><INIT seed="1,2,0,2,5,112" ten="234,268,234,264" oya="1" hai0="44,115,93,98,21,2,23,60,0,22,4,29,41" hai1="77,9,13,52,7,75,57,90,39,35,56,124,82" hai2="100,31,105,111,92,15,95,102,79,126,66,25,91" hai3="106,28,42,80,30,54,76,72,20,68,107,49,130"/><U87/><E124/><V109/><F126/><W51/><G68/><T131/><D115/><U46/><E35/><V59/><F79/><W78/><G130/><T103/><D131/><U62/><E57/><V120/><F120/><W135/><G135/><T10/><D29/><U32/><E32/><V61/><F105/><W65/><G65/><T85/><D85/><U70/><E70/><V108/><F15/><W24/><G78/><T113/><D60/><U114/><E114/><V116/><F116/><W128/><G128/><T119/><D113/><U104/><E104/><V36/><F36/><W37/><G37/><T94/><D119/><U97/><E97/><N who="2" m="57503" /><F95/><W118/><G30/><T69/><D69/><U27/><E27/><V3/><F3/><W16/><G118/><T81/><D81/><U88/><REACH who="1" step="1"/><E75/><REACH who="1" ten="234,258,234,264" step="2"/><V48/><F48/><W129/><G129/><T38/><D0/><U53/><E53/><V45/><F45/><W83/><G49/><T64/><D64/><U18/><E18/><V123/><F123/><W19/><G42/><AGARI ba="2,1" hai="7,9,13,39,42,46,52,56,62,77,82,87,88,90" machi="42" ten="40,12000,1" yaku="1,1,54,2,53,1" doraHai="112" doraHaiUra="40" who="1" fromWho="3" sc="234,0,258,136,234,0,264,-126" /><INIT seed="1,3,0,4,3,44" ten="234,394,234,138" oya="1" hai0="29,99,128,10,12,62,91,60,38,22,93,135,98" hai1="13,102,19,21,40,2,89,119,96,58,133,130,41" hai2="33,84,67,4,66,32,79,116,72,122,95,34,70" hai3="90,20,127,71,36,126,61,16,30,3,111,24,25"/><U77/><E2/><V108/><F122/><W17/><G36/><T9/><D38/><U106/><E130/><V83/><F116/><W117/><G90/><T68/><D135/><U113/><E113/><V52/><F108/><W114/><G71/><T92/><D128/><U115/><E133/><V74/><F4/><W78/><G78/><T110/><D110/><U88/><E115/><V120/><F120/><W105/><G105/><T80/><D80/><U107/><E107/><V69/><F67/><W11/><G61/><N who="0" m="23659" /><D68/><U7/><E77/><V85/><F66/><W104/><G104/><T37/><D37/><U26/><E119/><V23/><F23/><N who="3" m="15679" /><G114/><T134/><D134/><U51/><E41/><V0/><F0/><W81/><G81/><T28/><D22/><U124/><E124/><N who="3" m="47658" /><G111/><T8/><D12/><U15/><E15/><V6/><F70/><W101/><G101/><AGARI ba="3,0" hai="8,9,10,28,29,91,92,93,98,99,101" m="23659" machi="101" ten="30,1000,0" yaku="8,1" doraHai="44" who="0" fromWho="3" sc="234,19,394,0,234,0,138,-19" /><INIT seed="2,0,0,0,2,29" ten="253,394,234,119" oya="2" hai0="30,1,112,70,25,65,36,33,27,32,106,39,100" hai1="128,42,17,48,58,111,35,55,15,18,124,107,102" hai2="45,41,104,23,132,31,51,53,118,34,40,123,6" hai3="96,77,60,79,90,129,93,91,108,8,63,87,115"/><V2/><F123/><W120/><G115/><T119/><D112/><U73/><E111/><V85/><F118/><W14/><G108/><T94/><D94/><U82/><E124/><V78/><F104/><W61/><G129/><T16/><D16/><U13/><E128/><V44/><F132/><W81/><REACH who="3" step="1"/><G120/><REACH who="3" ten="253,394,234,109" step="2"/><T121/><D121/><U54/><E107/><V7/><F2/><W12/><G12/><T72/><D1/><U113/><E13/><V50/><F23/><W86/><G86/><T88/><D119/><U130/><E15/><V46/><F78/><W117/><G117/><T95/><D72/><U80/><E73/><V105/><F85/><W135/><G135/><T10/><D33/><U67/><E35/><V9/><F9/><W57/><G57/><T28/><D10/><U89/><E58/><V131/><F131/><W43/><G43/><T3/><D3/><U62/><E42/><V75/><F75/><W122/><G122/><T92/><D32/><U21/><E21/><V109/><F109/><W5/><AGARI ba="0,1" hai="5,8,14,60,61,63,77,79,81,87,90,91,93,96" machi="5" ten="30,4000,0" yaku="1,1,0,1,8,1,53,0" doraHai="29" doraHaiUra="127" who="3" fromWho="3" sc="253,-10,394,-10,234,-20,109,50" /><INIT seed="3,0,0,3,3,49" ten="243,384,214,159" oya="3" hai0="131,4,40,44,77,8,129,120,118,48,50,30,42" hai1="102,109,20,79,24,84,71,86,67,65,88,36,81" hai2="13,43,28,96,19,2,59,41,23,112,100,3,51" hai3="14,85,57,130,53,124,89,37,70,18,123,117,111"/><W16/><G123/><T95/><D120/><U76/><E109/><V72/><F112/><W32/><G117/><T7/><D118/><U47/><E71/><V110/><F110/><W94/><G70/><T26/><D95/><U101/><E36/><V34/><F72/><W45/><G111/><T64/><D64/><N who="1" m="24651" /><E47/><V68/><F68/><W63/><G32/><T78/><D44/><U135/><E135/><V69/><F69/><W105/><G105/><T10/><D26/><U113/><E113/><V103/><F103/><N who="1" m="39433" /><E84/><V83/><F83/><W33/><G33/><T61/><D61/><U6/><E6/><V114/><F114/><W62/><G124/><T25/><D25/><U99/><E99/><V127/><F127/><W22/><G130/><T17/><D17/><AGARI ba="0,0" hai="17,20,24,76,79,81,86,88" m="39433,24651" machi="17" ten="30,2000,0" yaku="8,1,54,1" doraHai="49" who="1" fromWho="0" sc="243,-20,384,20,214,0,159,0" /><INIT seed="4,0,0,1,3,76" ten="223,404,214,159" oya="0" hai0="81,123,120,44,114,118,91,63,98,0,50,62,66" hai1="124,77,54,95,30,67,72,12,15,19,135,74,17" hai2="1,36,128,127,103,116,101,3,52,68,31,4,84" hai3="102,80,85,111,5,90,35,119,24,53,97,8,126"/><T83/><D120/><U92/><E135/><V113/><F36/><W122/><G122/><T61/><D123/><U39/><E39/><V42/><F68/><W13/><G119/><T78/><D118/><U129/><E30/><V25/><F42/><W131/><G131/><T104/><D0/><U2/><E2/><V16/><F116/><W55/><G126/><T69/><D114/><U46/><E67/><V28/><F127/><W65/><G111/><T93/><D104/><U38/><E129/><V109/><F109/><W57/><G35/><T89/><D89/><U43/><E54/><V64/><F64/><W115/><G115/><T18/><D18/><U112/><E74/><V100/><F113/><W45/><G24/><T40/><REACH who="0" step="1"/><D83/><REACH who="0" ten="213,404,214,159" step="2"/><U41/><E124/><V71/><F16/><W105/><REACH who="3" step="1"/><G45/><REACH who="3" ten="213,404,214,149" step="2"/><T7/><D7/><U134/><E46/><V79/><F4/><W106/><G106/><T11/><D11/><U110/><E112/><V133/><F128/><W33/><G33/><T49/><D49/><U6/><E110/><V22/><F133/><W56/><G56/><T27/><D27/><U23/><E6/><V26/><F25/><W37/><G37/><T59/><D59/><U60/><E38/><V117/><F26/><W96/><G96/><T82/><D82/><N who="1" m="45351" /><E134/><V20/><F117/><W48/><G48/><T86/><AGARI ba="0,2" hai="40,44,50,61,62,63,66,69,78,81,86,91,93,98" machi="86" ten="20,7800,0" yaku="1,1,0,1,7,1,52,1,53,0" doraHai="76" doraHaiUra="125" who="0" fromWho="0" sc="213,98,404,-26,214,-26,149,-26" /><INIT seed="4,1,0,5,3,31" ten="311,378,188,123" oya="0" hai0="52,6,16,85,107,46,38,97,119,81,41,54,45" hai1="95,28,7,92,20,67,25,61,124,129,58,108,87" hai2="74,1,106,44,9,135,133,76,114,103,78,13,121" hai3="113,15,53,42,93,73,79,127,104,117,90,49,5"/><T39/><D119/><U75/><E75/><V29/><F121/><W115/><G117/><T21/><D6/><U77/><E129/><V88/><F114/><W8/><G127/><T12/><D107/><U101/><E108/><V51/><F1/><W64/><G104/><T89/><REACH who="0" step="1"/><D97/><REACH who="0" ten="301,378,188,123" step="2"/><N who="1" m="59559" /><E124/><V27/><F106/><W72/><G115/><T128/><D128/><U70/><E7/><V48/><F135/><W65/><G113/><T10/><D10/><U68/><E95/><V99/><F9/><W66/><G42/><AGARI ba="1,1" hai="12,16,21,38,39,41,42,45,46,52,54,81,85,89" machi="42" ten="40,12000,1" yaku="1,1,9,1,54,2,53,0" doraHai="31" doraHaiUra="125" who="0" fromWho="3" sc="301,133,378,0,188,0,123,-123" /><INIT seed="4,2,0,3,5,91" ten="434,378,188,0" oya="0" hai0="28,25,112,78,111,2,90,47,71,51,6,66,4" hai1="75,61,83,93,19,101,44,88,45,129,135,85,16" hai2="33,50,22,104,53,113,39,9,8,21,72,134,99" hai3="11,58,18,121,55,31,32,60,57,116,13,108,89"/><T17/><D17/><N who="1" m="6731" /><E75/><V130/><F33/><W69/><G116/><T120/><D2/><U56/><E135/><V34/><F39/><W86/><G108/><T3/><D3/><U27/><E27/><V133/><F34/><W46/><G69/><T59/><D111/><U109/><E129/><V67/><F72/><W5/><G32/><T15/><D71/><U132/><E132/><N who="2" m="50795" /><F67/><N who="3" m="39311" /><G121/><T128/><D120/><U87/><E109/><V26/><F113/><W77/><G77/><T43/><D112/><U115/><E115/><V95/><F130/><W125/><G125/><T106/><D106/><U38/><E38/><V42/><F104/><W37/><G37/><T81/><D128/><U124/><E124/><V29/><F42/><W105/><G105/><T97/><D25/><U131/><E131/><V0/><F22/><W1/><G1/><T63/><D28/><U35/><E35/><V94/><F0/><W92/><G46/><T79/><D15/><U103/><E103/><N who="2" m="60919" /><F95/><W119/><G119/><T127/><D127/><U107/><E107/><V70/><F70/><W54/><G31/><T20/><D20/><U117/><E117/><V100/><F100/><W64/><G18/><T84/><D79/><N who="1" m="46335" /><E101/><V80/><F80/><W41/><G41/><T12/><D12/><U110/><E110/><V118/><F118/><W62/><AGARI ba="2,0" hai="5,11,13,54,55,58,62,64,86,89,92" m="39311" machi="62" ten="30,2000,0" yaku="8,1,52,1" doraHai="91" who="3" fromWho="3" sc="434,-12,378,-7,188,-7,0,26" /><INIT seed="5,0,0,3,4,79" ten="422,371,181,26" oya="1" hai0="58,129,39,113,104,48,78,119,2,20,31,99,108" hai1="7,56,37,82,101,54,124,131,21,117,85,84,133" hai2="22,95,26,4,46,33,5,70,1,34,59,106,76" hai3="83,122,0,97,71,73,74,112,75,30,91,18,47"/><U64/><E117/><V55/><F70/><W121/><G122/><T80/><D119/><U88/><E37/><V28/><F106/><W130/><G71/><T65/><D39/><U45/><E131/><V69/><F69/><W89/><G0/><T67/><D2/><U38/><E38/><V60/><F76/><W9/><G121/><T49/><D108/><U40/><E7/><V128/><F128/><W96/><G130/><T10/><D10/><U12/><E133/><V6/><F1/><W90/><G30/><T118/><D118/><U127/><E101/><V24/><F24/><W43/><G112/><T66/><D58/><U93/><E64/><V53/><F95/><W126/><G126/><N who="1" m="48170" /><E45/><V27/><F27/><W50/><G18/><T110/><D129/><U62/><E40/><V123/><F123/><W23/><G23/><T72/><D113/><U111/><E111/><V63/><F46/><W86/><REACH who="3" step="1"/><G9/><REACH who="3" ten="422,371,181,16" step="2"/><T107/><D110/><U68/><E68/><V41/><F22/><W102/><G102/><T100/><D20/><U8/><E21/><V77/><F28/><W52/><G52/><T125/><D125/><U32/><E32/><V61/><F34/><W134/><G134/><T11/><D11/><U115/><E115/><V25/><F33/><W57/><G57/><T14/><D31/><U98/><E8/><V44/><F59/><W94/><G94/><T19/><D107/><U13/><E98/><AGARI ba="0,1" hai="43,47,50,73,74,75,83,86,89,90,91,96,97,98" machi="98" ten="40,8000,1" yaku="1,1,52,1,53,3" doraHai="79" doraHaiUra="105" who="3" fromWho="1" sc="422,0,371,-80,181,0,16,90" /><INIT seed="6,0,0,3,0,126" ten="422,291,181,106" oya="2" hai0="30,48,36,75,3,85,57,25,66,47,69,88,133" hai1="104,15,134,106,113,59,12,56,90,54,8,109,62" hai2="65,44,49,114,43,92,91,127,63,105,53,37,110" hai3="0,95,98,31,124,19,135,108,112,80,7,84,119"/><V99/><F127/><W41/><G124/><T60/><D3/><U51/><E109/><V97/><F114/><W64/><G108/><T117/><D75/><U29/><E113/><V55/><F110/><W132/><G112/><T9/><D9/><U93/><E134/><N who="3" m="51242" /><G119/><T6/><D6/><U39/><E39/><V42/><F42/><W89/><G31/><T107/><D107/><U27/><E106/><V118/><F118/><W83/><G41/><T130/><D133/><U78/><E78/><V28/><F28/><W125/><G125/><T87/><D36/><U94/><E104/><V70/><F55/><W61/><G19/><T35/><D117/><U76/><E76/><V58/><REACH who="2" step="1"/><F105/><REACH who="2" ten="422,291,171,106" step="2"/><W16/><G16/><T116/><D116/><U103/><E54/><V115/><F115/><W46/><G46/><T101/><D47/><U40/><E29/><V33/><F33/><W96/><G64/><T21/><D35/><U68/><E40/><V4/><F4/><W10/><G61/><T52/><D30/><U24/><E62/><V128/><F128/><W23/><G23/><T13/><D130/><U45/><E45/><V79/><F79/><W111/><G111/><T18/><D66/><U82/><E8/><V86/><AGARI ba="0,1" hai="37,43,44,49,53,58,63,65,70,86,91,92,97,99" machi="86" ten="20,12000,1" yaku="1,1,0,1,7,1,24,2,53,0" doraHai="126" doraHaiUra="5" who="2" fromWho="2" sc="422,-40,291,-40,171,130,106,-40" /><INIT seed="6,1,0,0,3,38" ten="382,251,301,66" oya="2" hai0="3,100,68,2,27,125,64,123,74,134,23,65,75" hai1="10,67,81,95,42,113,1,29,52,94,108,96,21" hai2="88,133,69,35,9,17,13,47,73,115,91,16,101" hai3="4,78,104,118,18,6,31,58,14,32,57,8,56"/><V93/><F73/><W20/><G104/><T54/><D123/><U122/><E108/><V97/><F35/><W60/><G118/><T66/><D134/><U99/><E122/><V107/><F133/><W89/><G78/><T130/><D68/><U105/><E105/><V33/><F33/><W84/><G32/><T86/><D100/><U79/><E67/><V110/><F110/><W128/><G128/><T111/><D111/><U15/><E1/><V25/><F115/><W61/><G31/><T36/><D36/><U135/><E135/><V77/><F69/><W28/><G28/><T50/><D130/><U11/><E113/><V127/><F77/><W117/><G117/><T40/><D125/><U129/><E81/><V121/><F121/><W92/><REACH who="3" step="1"/><G6/><REACH who="3" ten="382,251,301,56" step="2"/><T112/><D112/><U132/><E79/><V109/><F109/><W22/><G22/><T85/><D23/><U119/><E21/><N who="2" m="13487" /><F107/><W83/><G83/><T37/><D75/><U55/><E95/><V24/><F127/><W126/><G126/><T70/><D74/><U106/><E94/><V0/><F24/><AGARI ba="1,1" hai="4,8,14,18,20,24,56,57,58,60,61,84,89,92" machi="24" ten="40,2600,0" yaku="1,1,8,1,53,0" doraHai="38" doraHaiUra="131" who="3" fromWho="2" sc="382,0,251,0,301,-29,56,39" /><INIT seed="7,0,0,2,0,63" ten="382,251,272,95" oya="3" hai0="98,73,69,43,9,102,127,36,104,71,7,119,90" hai1="111,42,82,41,79,105,120,121,54,57,67,80,22" hai2="89,16,125,56,135,45,95,51,37,116,132,13,40" hai3="130,85,128,44,61,66,29,32,101,55,106,65,87"/><W11/><G106/><T2/><D90/><U39/><E105/><V94/><F116/><W35/><G101/><T53/><D53/><U47/><E111/><V0/><F0/><W46/><G11/><T21/><D21/><U123/><E42/><V18/><F125/><W117/><G29/><T34/><D127/><U72/><E80/><V74/><F74/><W48/><G61/><T113/><D113/><U83/><E83/><V112/><F112/><W24/><G24/><T64/><D64/><N who="3" m="24681" /><G44/><N who="0" m="23655" /><D119/><U133/><E67/><V96/><F95/><W75/><G75/><T76/><D34/><N who="3" m="12841" /><G117/><T126/><D126/><U131/><E123/><V31/><F31/><W114/><G114/><T134/><D104/><U91/><E121/><V97/><F97/><W118/><G118/><T1/><D98/><U59/><E120/><V103/><F103/><W122/><G122/><T3/><D102/><U78/><E72/><V49/><F37/><W109/><G109/><T110/><D110/><U30/><E47/><V14/><F14/><W12/><G12/><T25/><D25/><U33/><E39/><V23/><F18/><W52/><G55/><T28/><D28/><U124/><E30/><V108/><F108/><W81/><G81/><N who="0" m="45199" /><D1/><U38/><E54/><V93/><F93/><W84/><G84/><T19/><D2/><U58/><E82/><V10/><F10/><W100/><G100/><T99/><D99/><U15/><E15/><V50/><F50/><W88/><G88/><T68/><D19/><U70/><E91/><V60/><F49/><W6/><G6/><T77/><D3/><RYUUKYOKU ba="0,0" sc="382,-15,251,-15,272,15,95,15" hai2="13,16,23,40,45,51,56,60,89,94,96,132,135" hai3="46,48,52,85,87,128,130" /><INIT seed="7,1,0,0,3,79" ten="367,236,287,110" oya="3" hai0="18,97,74,125,135,16,59,109,27,21,44,23,102" hai1="128,111,36,101,1,53,38,67,46,105,51,90,80" hai2="17,85,15,29,107,76,20,0,83,13,58,99,42" hai3="95,4,130,134,100,3,5,37,92,77,28,132,66"/><W131/><G37/><T49/><D74/><U39/><E111/><V87/><F0/><W11/><G66/><T61/><D109/><U71/><E1/><V25/><F42/><W91/><G77/><T114/><D114/><U122/><E122/><V60/><F107/><W89/><G5/><T63/><D135/><N who="3" m="51753" /><G28/><T96/><D125/><U65/><E101/><V43/><F43/><W86/><G100/><T108/><D108/><U24/><E105/><V84/><F99/><AGARI ba="1,0" hai="3,4,11,86,89,91,92,95,99,130,131" m="51753" machi="99" ten="30,1500,0" yaku="20,1" doraHai="79" who="3" fromWho="2" sc="367,0,236,0,287,-18,110,18" /><INIT seed="7,2,0,5,1,45" ten="367,236,269,128" oya="3" hai0="93,129,102,114,9,92,133,49,33,62,104,123,107" hai1="55,38,87,36,56,57,116,85,13,135,103,30,99" hai2="18,8,126,86,15,130,20,81,63,54,127,42,11" hai3="0,113,39,2,3,122,34,53,83,106,25,98,71"/><W124/><G122/><T21/><D114/><U66/><E135/><V17/><F130/><W12/><G39/><T27/><D33/><U29/><E116/><V79/><F42/><W121/><G121/><T58/><D123/><U105/><E38/><V73/><F73/><W74/><G113/><T82/><D133/><U59/><E36/><V19/><F8/><W35/><G53/><T108/><D129/><U119/><E119/><V97/><F97/><W64/><G12/><T94/><D102/><U120/><E66/><V4/><F20/><W40/><G40/><T89/><D89/><U76/><E120/><V60/><F54/><W91/><G91/><T5/><D108/><U16/><E55/><V69/><F69/><W72/><G124/><AGARI ba="2,0" hai="4,11,15,17,18,19,60,63,79,81,86,124,126,127" machi="124" ten="40,1300,0" yaku="18,1" doraHai="45" who="2" fromWho="3" sc="367,0,236,0,269,19,128,-19" owari="367,46.0,236,-16.0,288,9.0,109,-39.0" /></mjloggm>