<mjloggm ver="2.3"><GO type="169" lobby="0"/><UN n0="%E3%81%94%E3%82%8D%E3%81%AB%E3%82%83%E3%83%BC" n1="%E3%83%A9%E3%83%A0%E3%83%80%E3%81%95%E3%82%93" n2="%E3%82%81%E3%82%8D%E3%82%93%E3%81%9D%E3%83%BC%E3%81%A0" n3="%E3%83%AD%E3%83%83%E3%83%86%E9%9B%80%EF%BC%84%E6%94%B9" dan="17,16,16,16" rate="2126.96,2122.83,2075.96,2140.53" sx="M,M,F,M"/><TAIKYOKU oya="0"/><INIT seed="0,0,0,3,4,53" ten="250,250,250,250" oya="0" hai0="88,106,132,49,34,107,18,37,29,82,38,17,119" hai1="66,22,27,77,81,71,23,118,21,16,79,78,87" hai2="72,32,1,75,74,101,104,3,91,111,60,113,57" hai3="99,130,84,63,109,124,103,8,85,45,6,121,76"/><T5/><D119/><U110/><E110/><V10/><F113/><W129/><G109/><T36/><D132/><U127/><E118/><V100/><F111/><W31/><G124/><T64/><D5/><U46/><E127/><V115/><F115/><W7/><G121/><T41/><D64/><U20/><E71/><V61/><F32/><W73/><G31/><T116/><D116/><U51/><REACH who="1" step="1"/><E66/><REACH who="1" ten="250,240,250,250" step="2"/><N who="2" m="39183" /><F74/><W90/><G73/><T2/><D2/><U19/><E19/><V97/><F75/><W15/><G6/><T102/><D17/><U108/><E108/><V42/><F72/><W65/><G65/><T43/><D18/><U120/><E120/><V54/><F1/><W68/><G7/><T33/><D29/><U12/><E12/><V125/><F3/><W112/><G15/><T83/><D37/><U55/><AGARI ba="0,1" hai="16,20,21,22,23,27,46,51,55,77,78,79,81,87" machi="55" ten="30,7900,0" yaku="1,1,0,1,8,1,54,1,53,0" doraHai="53" doraHaiUra="126" who="1" fromWho="1" sc="250,-39,240,89,250,-20,250,-20" /><INIT seed="1,0,0,2,4,38" ten="211,329,230,230" oya="1" hai0="30,25,66,130,10,80,85,134,40,93,89,43,129" hai1="96,64,68,41,101,28,27,90,61,117,83,15,69" hai2="63,2,86,114,36,29,33,67,54,73,82,120,77" hai3="115,0,22,92,87,121,26,24,16,108,75,9,59"/><U71/><E117/><V95/><F120/><W104/><G104/><T47/><D134/><U34/><E15/><V7/><F114/><W76/><G121/><T65/><D10/><U35/><E35/><V122/><F122/><W128/><G108/><T110/><D110/><U13/><E13/><V55/><F29/><W31/><G115/><T4/><D4/><U133/><E133/><V58/><F33/><W14/><G128/><N who="0" m="49259" /><D80/><U135/><E135/><V118/><F118/><W70/><G70/><T98/><D98/><U131/><E131/><V37/><F7/><W123/><G123/><T8/><D8/><U79/><E90/><V48/><F2/><W81/><G0/><T72/><D72/><U116/><E116/><V3/><F3/><W19/><G59/><T39/><D43/><U45/><E83/><V51/><F73/><W132/><G132/><T11/><D11/><U12/><E12/><V52/><REACH who="2" step="1"/><F95/><REACH who="2" ten="211,329,220,230" step="2"/><W119/><G119/><T126/><D126/><U18/><E18/><V5/><F5/><W23/><G75/><T49/><D39/><AGARI ba="0,1" hai="36,37,39,48,51,52,54,55,58,63,67,77,82,86" machi="39" ten="40,2600,0" yaku="1,1,54,1,53,0" doraHai="38" doraHaiUra="99" who="2" fromWho="0" sc="211,-26,329,0,220,36,230,0" /><INIT seed="2,0,0,4,4,42" ten="185,329,256,230" oya="2" hai0="126,52,26,71,7,70,34,132,41,59,135,133,76" hai1="96,77,6,13,43,102,108,94,9,86,33,2,66" hai2="48,111,56,91,69,80,82,90,62,63,130,128,101" hai3="112,60,72,35,5,37,95,134,58,92,44,123,103"/><V98/><F111/><W120/><G134/><T129/><D76/><U32/><E108/><V105/><F69/><W109/><G109/><T30/><D126/><U23/><E66/><V116/><F48/><W84/><G72/><T78/><D78/><U73/><E73/><V122/><F116/><W99/><G35/><T74/><D74/><U121/><E121/><V47/><F47/><W25/><G112/><T45/><D7/><U12/><E12/><V75/><F122/><W118/><G118/><T117/><D129/><N who="2" m="49770" /><F75/><W16/><G5/><T46/><D117/><U87/><E43/><V10/><F10/><W3/><G3/><T14/><D14/><U114/><E114/><V57/><F82/><W24/><G24/><T4/><D4/><U49/><E49/><V79/><F79/><W115/><G115/><T113/><D113/><U29/><E77/><V15/><F15/><W19/><G25/><T68/><D41/><U81/><E81/><V107/><F105/><W67/><G44/><T11/><D11/><U39/><E39/><V8/><F8/><W55/><G37/><T28/><D28/><U27/><REACH who="1" step="1"/><E33/><REACH who="1" ten="185,319,256,230" step="2"/><V110/><F110/><W31/><G123/><T83/><D83/><U93/><E93/><V40/><F40/><W22/><G120/><T36/><D36/><U97/><E97/><V119/><F119/><W21/><G95/><T18/><REACH who="0" step="1"/><D18/><AGARI ba="0,1" hai="2,6,9,13,18,23,27,29,32,86,87,94,96,102" machi="18" ten="40,5200,0" yaku="1,1,24,2,53,0" doraHai="42" doraHaiUra="100" who="1" fromWho="0" sc="185,-52,319,62,256,0,230,0" /><INIT seed="3,0,0,5,4,4" ten="133,381,256,230" oya="3" hai0="48,122,69,65,55,49,42,29,98,19,74,117,43" hai1="97,62,80,118,92,125,123,31,84,5,50,103,60" hai2="46,15,25,124,109,91,113,75,100,119,32,3,81" hai3="23,71,104,9,99,44,108,2,41,106,88,127,47"/><W83/><G71/><T35/><D74/><U68/><E123/><V24/><F3/><W26/><G127/><T28/><D122/><U107/><E125/><V94/><F32/><W45/><G108/><T10/><D117/><U73/><E31/><N who="0" m="11849" /><D69/><U67/><E118/><V85/><F46/><W87/><G41/><N who="0" m="15371" /><D35/><U64/><E50/><N who="0" m="19561" /><D65/><U17/><E64/><V14/><F75/><W78/><G78/><T1/><D1/><U121/><E67/><V116/><F109/><W79/><G79/><T58/><D98/><U86/><E68/><V66/><F66/><W102/><G106/><T105/><D105/><U33/><E97/><V13/><F124/><W61/><G61/><N who="0" m="36063" /><D19/><U76/><E17/><V114/><F119/><W27/><REACH who="3" step="1"/><G23/><REACH who="3" ten="133,381,256,220" step="2"/><T132/><D132/><U0/><E76/><V130/><F116/><W129/><G129/><T12/><D12/><U30/><E107/><V51/><F130/><W53/><G53/><T90/><D90/><U56/><E60/><V57/><F13/><W16/><G16/><T93/><D93/><U39/><E62/><V20/><F94/><W36/><G36/><T7/><D7/><AGARI ba="0,1" hai="2,7,9,26,27,44,45,47,83,87,88,99,102,104" machi="7" ten="40,7700,0" yaku="1,1,52,1,54,1,53,0" doraHai="4" doraHaiUra="112" who="3" fromWho="0" sc="133,-77,381,0,256,0,220,87" /><INIT seed="3,1,0,1,4,9" ten="56,381,256,307" oya="3" hai0="52,7,11,86,68,85,51,92,66,54,93,20,121" hai1="32,107,42,96,126,127,80,87,112,119,53,110,94" hai2="34,57,18,108,1,132,101,83,81,135,99,35,103" hai3="79,40,21,25,50,123,78,10,72,44,114,71,63"/><W3/><G123/><T36/><D36/><U59/><E32/><N who="2" m="12331" /><F1/><W116/><G116/><T95/><D121/><U100/><E42/><V102/><F99/><W115/><G71/><T0/><D54/><U118/><E59/><V64/><F108/><W8/><G63/><T19/><D66/><U28/><E53/><V61/><F18/><W120/><G120/><T38/><D38/><U29/><E28/><V48/><F48/><W22/><G22/><T131/><D68/><U33/><E29/><V113/><F113/><W128/><G128/><T122/><D131/><U17/><E17/><V104/><F104/><W14/><G3/><T45/><REACH who="0" step="1"/><D122/><REACH who="0" ten="46,381,256,307" step="2"/><U47/><E119/><V73/><F64/><W88/><G115/><T55/><D55/><U77/><E118/><V12/><F135/><W62/><G114/><T4/><D4/><U6/><E6/><V5/><F5/><W39/><G39/><T84/><D84/><U2/><E87/><V37/><F132/><W117/><G117/><T98/><D98/><U43/><E96/><V106/><F37/><W109/><G109/><T60/><D60/><U65/><E112/><V97/><F61/><W13/><G62/><T124/><D124/><U70/><E127/><V16/><F97/><W89/><G72/><T30/><D30/><U105/><E126/><V27/><F73/><W133/><G133/><T91/><D91/><U82/><E110/><V49/><F103/><W26/><G40/><T67/><D67/><U129/><E65/><V24/><F102/><W23/><G50/><T125/><D125/><U130/><E70/><RYUUKYOKU ba="1,1" sc="46,15,381,-15,256,-15,307,15" hai0="0,7,11,19,20,45,51,52,85,86,92,93,95" hai3="8,10,13,14,21,23,25,26,44,78,79,88,89" /><INIT seed="3,2,1,4,3,97" ten="61,366,241,322" oya="3" hai0="61,128,102,65,22,56,1,111,58,113,21,62,133" hai1="39,71,134,68,15,0,13,121,14,6,38,95,124" hai2="11,52,19,54,34,119,67,45,26,42,30,132,84" hai3="74,99,120,31,130,32,5,131,83,66,35,76,85"/><W104/><G66/><T129/><D1/><U90/><E121/><V59/><F119/><W108/><G120/><T37/><D37/><U107/><E107/><V16/><F132/><W20/><G5/><T50/><D133/><U115/><E134/><V2/><F67/><W27/><G108/><T29/><D111/><U49/><E115/><V123/><F123/><W93/><G104/><T4/><D4/><U78/><E78/><V28/><F28/><W82/><G82/><T51/><D113/><U92/><E49/><V109/><F109/><W122/><G74/><T57/><D29/><U81/><E81/><V18/><F2/><W106/><G106/><T72/><D65/><U114/><E114/><V87/><F11/><W103/><REACH who="3" step="1"/><G122/><REACH who="3" ten="61,366,241,312" step="2"/><T53/><D72/><U77/><E6/><V40/><F40/><W17/><G17/><T79/><D79/><U80/><E80/><V24/><F54/><W86/><G86/><T55/><REACH who="0" step="1"/><D57/><REACH who="0" ten="51,366,241,312" step="2"/><U73/><E71/><V91/><F59/><W69/><G69/><T112/><D112/><U9/><E68/><V3/><F19/><W126/><G126/><T98/><D98/><U117/><E124/><V118/><F18/><W12/><G12/><T8/><D8/><U135/><E9/><V43/><F16/><W100/><G100/><AGARI ba="2,3" hai="21,22,50,51,53,55,56,58,61,62,100,102,128,129" machi="100" ten="25,12000,2" yaku="1,1,22,2,52,2,53,2" doraHai="97" doraHaiUra="48" who="0" fromWho="3" sc="51,156,366,0,241,0,312,-126" /><INIT seed="4,0,0,1,2,56" ten="207,366,241,186" oya="0" hai0="98,14,80,101,12,16,25,19,100,118,114,11,82" hai1="119,68,79,102,50,123,134,106,51,91,124,110,21" hai2="135,3,71,132,92,22,104,61,64,122,131,99,48" hai3="43,55,32,96,30,130,70,40,112,53,26,47,63"/><T5/><D118/><U7/><E110/><V93/><F122/><W133/><G130/><T2/><D114/><U88/><E123/><V90/><F131/><W31/><G112/><T60/><D25/><U17/><E119/><V69/><F3/><W57/><G133/><N who="2" m="51273" /><F104/><W49/><G31/><T0/><D5/><U83/><E134/><V28/><F48/><W9/><G70/><T34/><D34/><U121/><E121/><V95/><F71/><W6/><REACH who="3" step="1"/><G96/><REACH who="3" ten="207,366,241,176" step="2"/><T46/><D98/><U127/><E68/><V111/><F111/><W97/><G97/><T105/><D105/><U18/><E106/><V52/><F28/><W125/><G125/><T108/><D108/><U36/><E127/><V107/><F107/><W103/><G103/><T58/><D101/><U73/><E102/><V65/><F69/><W35/><G35/><T77/><D100/><U27/><E124/><V120/><F120/><W23/><G23/><T38/><D38/><U117/><E36/><V20/><F22/><W29/><G29/><T54/><D46/><U89/><E21/><V78/><F20/><W84/><G84/><T4/><D0/><AGARI ba="0,1" hai="0,6,9,26,30,32,40,43,47,49,53,55,57,63" machi="0" ten="30,7700,0" yaku="1,1,7,1,52,1,53,1" doraHai="56" doraHaiUra="45" who="3" fromWho="0" sc="207,-77,366,0,241,0,176,87" /><INIT seed="5,0,0,2,4,107" ten="130,366,241,263" oya="1" hai0="47,10,14,6,0,85,84,12,74,120,97,7,19" hai1="135,91,95,92,128,22,56,80,48,75,62,27,115" hai2="63,36,127,61,117,29,121,24,83,40,18,72,15" hai3="53,60,125,20,4,82,73,111,16,88,67,44,66"/><U130/><E115/><V131/><F121/><W109/><G125/><T87/><D120/><U103/><E135/><V113/><F117/><W37/><G4/><T118/><D118/><U133/><E133/><V50/><F36/><W106/><G106/><T23/><D97/><U9/><E48/><V132/><F132/><W39/><G39/><T77/><D47/><U34/><E34/><V116/><F116/><W3/><G3/><T102/><D102/><U112/><E112/><V32/><F127/><W99/><G73/><T71/><D71/><U55/><E9/><V2/><F2/><W46/><G46/><T105/><D105/><U86/><E103/><V90/><F113/><W65/><G60/><T104/><D104/><U108/><E108/><V69/><F131/><N who="1" m="50217" /><E75/><V51/><F72/><W17/><G17/><AGARI ba="0,0" hai="17,22,27,55,56,62,80,86,91,92,95" m="50217" machi="17" ten="30,1500,0" yaku="19,1" doraHai="107" who="1" fromWho="3" sc="130,0,366,15,241,0,263,-15" /><INIT seed="5,1,0,1,2,93" ten="130,381,241,248" oya="1" hai0="28,118,103,83,10,78,61,130,119,107,3,70,88" hai1="73,62,86,24,39,54,33,6,19,13,71,57,16" hai2="97,105,60,41,72,53,76,7,74,102,95,101,100" hai3="34,51,35,91,42,81,132,129,49,89,67,29,30"/><U20/><E73/><V110/><F110/><W15/><G129/><T123/><D130/><U96/><E39/><V135/><F41/><W98/><G132/><T111/><D111/><U23/><E71/><V127/><F135/><W69/><G15/><T21/><D123/><U2/><E33/><V52/><F127/><W27/><G69/><T104/><D104/><U38/><E38/><V131/><F131/><W4/><G67/><T112/><D112/><U43/><E43/><V17/><F7/><W50/><G4/><T108/><D108/><U14/><E86/><V128/><F128/><W55/><G42/><T58/><D70/><U31/><E2/><V65/><F17/><W37/><G37/><T22/><D10/><U56/><E56/><N who="2" m="36999" /><F74/><W12/><G12/><T124/><D3/><U26/><E6/><V121/><F105/><W90/><G81/><T45/><D45/><U63/><E31/><V48/><F72/><W44/><G98/><T0/><D0/><U77/><E77/><V1/><F1/><W122/><REACH who="3" step="1"/><G122/><REACH who="3" ten="130,381,241,238" step="2"/><T126/><D126/><U133/><E133/><V11/><F121/><W116/><G116/><T85/><D124/><U94/><E14/><V99/><F99/><W125/><G125/><T5/><D5/><U134/><E13/><V36/><F36/><W82/><G82/><T87/><D118/><U115/><E134/><V18/><F53/><W9/><G9/><T68/><D119/><U25/><E54/><V120/><F120/><W32/><G32/><T64/><D68/><U113/><E96/><V47/><F76/><W79/><G79/><RYUUKYOKU ba="1,1" sc="130,-15,381,-15,241,15,238,15" hai2="11,18,47,48,52,95,97,100,101,102" hai3="27,29,30,34,35,44,49,50,51,55,89,90,91" /><INIT seed="6,2,1,4,3,129" ten="115,366,256,253" oya="2" hai0="21,24,30,29,74,38,99,114,105,8,82,56,92" hai1="100,4,33,14,11,62,107,91,40,86,89,119,81" hai2="124,58,20,111,23,101,65,17,13,48,0,125,76" hai3="60,87,64,43,75,131,94,6,42,49,127,18,35"/><V9/><F111/><W85/><G75/><T98/><D38/><U15/><E119/><V118/><F118/><W79/><G131/><T55/><D114/><U66/><E33/><V45/><F101/><W93/><G127/><N who="2" m="48713" /><F76/><W121/><G35/><T80/><D30/><U133/><E40/><N who="2" m="24615" /><F0/><W2/><G6/><T57/><D57/><U44/><E44/><V53/><F65/><W47/><G43/><T102/><D8/><U5/><E100/><V63/><AGARI ba="2,1" hai="9,13,17,20,23,53,58,63" m="24615,48713" machi="63" ten="30,1500,0" yaku="18,1" doraHai="129" who="2" fromWho="2" sc="115,-7,366,-7,256,31,253,-7" /><INIT seed="6,3,0,2,4,96" ten="108,359,287,246" oya="2" hai0="85,2,92,40,115,124,49,26,3,21,114,133,60" hai1="38,119,84,54,43,105,22,126,23,87,6,109,65" hai2="86,112,50,33,36,44,93,77,9,16,98,47,67" hai3="104,108,19,32,78,52,125,35,69,110,11,31,56"/><V117/><F117/><W90/><G69/><T46/><D124/><U79/><E109/><V66/><F33/><W102/><G78/><T5/><D133/><U48/><E119/><V135/><F36/><W127/><G90/><T116/><D116/><U71/><E105/><V62/><F112/><W132/><G132/><T99/><D85/><U63/><E6/><V55/><F47/><W89/><G89/><T0/><D5/><U64/><E64/><V45/><F45/><W41/><G41/><T107/><D107/><U27/><E126/><N who="3" m="48138" /><G19/><T83/><D83/><U118/><E118/><V75/><F75/><W15/><G31/><T7/><D7/><U53/><E53/><V81/><F135/><W17/><G32/><T123/><D60/><U80/><E87/><V8/><F16/><W28/><G28/><T24/><D123/><U106/><E106/><V131/><F62/><N who="3" m="36103" /><G35/><T1/><N who="0" m="0" /><DORA hai="68" /><T94/><D94/><U57/><E27/><V70/><F93/><W111/><G111/><T30/><REACH who="0" step="1"/><D26/><REACH who="0" ten="98,359,287,246" step="2"/><U74/><E84/><V42/><F86/><W59/><G104/><T121/><D121/><U13/><E13/><V29/><F81/><W97/><G15/><T129/><D129/><U51/><E80/><V103/><F131/><W72/><G110/><T14/><D14/><U120/><E120/><V10/><F77/><W58/><G108/><T101/><AGARI ba="3,1" hai="21,24,30,40,46,49,92,99,101,114,115" m="0" machi="101" ten="60,8000,1" yaku="1,1,0,1,52,1,53,1" doraHai="96,68" doraHaiUra="18,76" who="0" fromWho="0" sc="98,99,359,-23,287,-43,246,-23" /><INIT seed="7,0,0,3,1,71" ten="197,336,244,223" oya="3" hai0="117,80,119,21,82,14,104,59,6,5,72,9,114" hai1="110,56,95,52,78,126,18,28,4,42,132,20,57" hai2="99,128,120,16,125,102,73,81,111,133,76,93,10" hai3="35,83,86,39,63,34,67,2,89,64,45,26,113"/><W48/><G2/><T46/><D104/><U33/><E110/><V69/><F69/><W38/><G113/><T36/><D114/><U11/><E132/><V91/><F111/><W53/><G67/><T31/><D5/><U121/><E121/><V97/><F128/><W98/><G98/><T134/><D134/><U115/><E115/><V19/><F133/><W60/><G60/><T41/><D59/><U74/><E126/><V116/><F116/><W130/><G130/><T66/><D66/><U8/><E42/><V23/><F125/><W85/><G85/><T129/><D129/><U47/><E47/><V40/><F120/><W68/><REACH who="3" step="1"/><G26/><REACH who="3" ten="197,336,244,213" step="2"/><T131/><D131/><U25/><E25/><V122/><F99/><W58/><G58/><T124/><D124/><U101/><E57/><V77/><F97/><W70/><G70/><T103/><D72/><U62/><E56/><V32/><F73/><W94/><G94/><T127/><D127/><U79/><E74/><V75/><F93/><W54/><G54/><T106/><D119/><U109/><E52/><V17/><F122/><W44/><G44/><T12/><D117/><U7/><E95/><V96/><F96/><W29/><G29/><T30/><D106/><U65/><E28/><N who="0" m="10793" /><D103/><U37/><E101/><V51/><F102/><W87/><G87/><T105/><D105/><U27/><E27/><V118/><F75/><W107/><G107/><T13/><D13/><U55/><E55/><V61/><F118/><W100/><G100/><T50/><D82/><U49/><E62/><V3/><F61/><W0/><G0/><RYUUKYOKU ba="0,1" sc="197,-10,336,-10,244,-10,213,30" hai3="34,35,38,39,45,48,53,63,64,68,83,86,89" /><INIT seed="7,1,1,5,3,65" ten="187,326,234,243" oya="3" hai0="72,2,36,53,45,123,90,6,22,57,28,78,12" hai1="13,26,39,60,18,103,20,17,84,133,131,91,67" hai2="127,75,106,14,100,41,64,126,38,74,69,130,116" hai3="115,119,31,21,63,62,71,95,79,46,8,66,77"/><W129/><G119/><T54/><D123/><U88/><E133/><V114/><F116/><W99/><G115/><T101/><D101/><U56/><E131/><V15/><F114/><W111/><G129/><T34/><D34/><U87/><E39/><V73/><F130/><W97/><G97/><T98/><D2/><U124/><E124/><N who="2" m="47659" /><F41/><W11/><G63/><T104/><D104/><U118/><E118/><V76/><F76/><W43/><G111/><T128/><D128/><U16/><E103/><V81/><F81/><W10/><G31/><T134/><D134/><U105/><E105/><V122/><F38/><W102/><REACH who="3" step="1"/><G21/><REACH who="3" ten="187,326,234,233" step="2"/><T112/><D112/><U89/><E17/><V93/><F122/><W135/><G135/><T113/><D113/><U47/><E47/><V0/><F106/><W50/><AGARI ba="1,2" hai="8,10,11,43,46,50,62,66,71,77,79,95,99,102" machi="50" ten="30,6000,0" yaku="1,1,0,1,52,1,53,0" doraHai="65" doraHaiUra="35" who="3" fromWho="3" sc="187,-21,326,-21,234,-21,233,83" owari="166,-33.0,305,11.0,213,-19.0,316,41.0" /></mjloggm>