<mjloggm ver="2.3"><GO type="169" lobby="0"/><UN n0="%E8%B5%A4%E3%83%89%E3%83%B3%E3%81%A1%E3%82%83%E3%82%93" n1="%E6%80%96%E3%81%8F%E3%81%AA%E3%81%84%E3%81%8A" n2="%E3%81%BB%E3%81%BC%E9%AB%98%E7%9F%A5" n3="%E3%83%81%E3%83%AD%E3%83%AD%E8%BB%8D%E6%9B%B9" dan="16,18,16,17" rate="2132.62,2144.17,2035.21,2171.15" sx="M,M,F,F"/><TAIKYOKU oya="0"/><INIT seed="0,0,0,4,4,37" ten="250,250,250,250" oya="0" hai0="70,13,83,16,131,59,113,84,111,35,93,118,51" hai1="62,114,87,101,44,1,52,11,46,42,98,73,14" hai2="24,61,21,88,120,109,108,127,49,41,12,28,81" hai3="64,33,78,96,79,23,45,115,22,117,77,6,71"/><T125/><D118/><U5/><E73/><V123/><F127/><W53/><G33/><T38/><D113/><U9/><E114/><V106/><F61/><W4/><G115/><T36/><D70/><U132/><E132/><V3/><F3/><W63/><G117/><T82/><D125/><U112/><E87/><N who="2" m="50287" /><F12/><W92/><G53/><T56/><D35/><U58/><E112/><V133/><F106/><W75/><G45/><T29/><D29/><U121/><E121/><V0/><F0/><W99/><G75/><T126/><D126/><U43/><E46/><N who="2" m="25807" /><F133/><W122/><G122/><T7/><D7/><U40/><E44/><V110/><AGARI ba="0,0" hai="21,24,28,108,109,110,120,123" m="25807,50287" machi="110" ten="30,4000,0" yaku="14,1,52,1,54,1" doraHai="37" who="2" fromWho="2" sc="250,-20,250,-10,250,40,250,-10" /><INIT seed="1,0,0,1,1,58" ten="230,240,290,240" oya="1" hai0="106,7,89,86,111,64,126,87,119,62,103,67,134" hai1="120,77,34,78,10,116,117,12,39,51,66,121,48" hai2="72,71,14,50,52,49,44,128,20,102,98,63,131" hai3="33,135,113,122,80,35,13,11,26,4,107,38,22"/><U132/><E39/><V6/><F72/><W0/><G107/><T24/><D119/><U8/><E34/><N who="3" m="12810" /><G38/><T112/><D112/><U69/><E69/><V81/><F81/><W28/><G80/><T115/><D115/><U1/><E12/><V25/><F14/><W29/><G113/><T21/><D67/><U55/><E66/><V109/><F6/><W42/><G42/><T114/><D114/><U37/><E37/><V47/><F109/><W31/><G122/><T129/><D111/><U91/><E132/><V45/><F71/><W104/><G104/><T46/><D134/><U30/><E30/><N who="3" m="11882" /><G135/><T74/><D74/><U73/><E73/><V130/><F98/><W97/><G97/><T124/><D106/><U3/><E91/><V83/><F83/><W40/><G40/><T18/><D103/><U17/><E17/><N who="2" m="12431" /><F102/><W105/><G105/><T57/><D46/><U108/><E108/><V61/><F45/><W79/><G79/><T65/><D65/><U76/><E76/><V92/><F92/><W27/><G27/><T88/><D24/><U54/><AGARI ba="0,0" hai="1,3,8,10,48,51,54,55,77,78,116,117,120,121" machi="54" ten="25,4800,0" yaku="0,1,22,2" doraHai="58" who="1" fromWho="1" sc="230,-16,240,48,290,-16,240,-16" /><INIT seed="1,1,0,2,2,77" ten="214,288,274,224" oya="1" hai0="118,44,120,73,113,72,57,30,21,46,127,74,107" hai1="58,68,59,12,38,40,18,121,32,122,86,128,16" hai2="85,7,81,4,125,84,49,61,134,112,94,65,53" hai3="87,82,110,62,93,42,126,41,75,23,6,19,54"/><U63/><E32/><V35/><F35/><W3/><G75/><T39/><D113/><U76/><E128/><V78/><F134/><W79/><G110/><T5/><D118/><U66/><E38/><V111/><F111/><W13/><G126/><T48/><D127/><U28/><E28/><V15/><F112/><W1/><G93/><T55/><D120/><U11/><E40/><V51/><F51/><W103/><G103/><T33/><D33/><U119/><E119/><V97/><F85/><W106/><G106/><T43/><D107/><U96/><E96/><V80/><F80/><W115/><G115/><T37/><D5/><U8/><E68/><V104/><F104/><W67/><G54/><T70/><D70/><U69/><E69/><V90/><F15/><W83/><G6/><T34/><D34/><U25/><E58/><N who="2" m="37047" /><F125/><W130/><G130/><T92/><D92/><U95/><E25/><V89/><F90/><W26/><G3/><T88/><D88/><N who="1" m="53655" /><E76/><V52/><F53/><W14/><G1/><T132/><D132/><U27/><E122/><V50/><F49/><W123/><G123/><T31/><D21/><N who="1" m="13735" /><E121/><V100/><F78/><W60/><G26/><T29/><D29/><U45/><E45/><AGARI ba="1,0" hai="4,7,45,50,52,81,84,89,94,97,100" m="37047" machi="45" ten="30,3900,0" yaku="8,1,52,1,54,1" doraHai="77" who="2" fromWho="1" sc="214,0,288,-42,274,42,224,0" /><INIT seed="2,0,0,3,3,108" ten="214,246,316,224" oya="2" hai0="75,104,49,34,123,66,70,39,22,41,6,36,89" hai1="38,62,37,44,73,94,11,24,51,31,42,83,98" hai2="82,58,103,53,7,52,72,102,71,1,56,77,81" hai3="67,87,99,33,40,20,57,79,0,46,78,26,111"/><V86/><F71/><W55/><G0/><T4/><D34/><U63/><E37/><V107/><F107/><W54/><G33/><T80/><D123/><U120/><E120/><V131/><F131/><W90/><G111/><T48/><D104/><U23/><E11/><V92/><F92/><W121/><G121/><T69/><D22/><U45/><E83/><V61/><F7/><W10/><G10/><T115/><D115/><U100/><REACH who="1" step="1"/><E73/><REACH who="1" ten="214,236,316,224" step="2"/><V12/><F1/><W93/><G67/><T8/><D75/><U118/><E118/><V76/><REACH who="2" step="1"/><F12/><REACH who="2" ten="214,236,306,224" step="2"/><W14/><G14/><T84/><D6/><U9/><E9/><V59/><F59/><W68/><G68/><T128/><D8/><U25/><E25/><V32/><F32/><W130/><G130/><T16/><D4/><U50/><E50/><AGARI ba="0,2" hai="50,52,53,56,58,61,72,76,77,81,82,86,102,103" machi="50" ten="30,5800,0" yaku="1,1,7,1,54,1,53,0" doraHai="108" doraHaiUra="2" who="2" fromWho="1" sc="214,0,236,-58,306,78,224,0" /><INIT seed="2,1,0,4,2,98" ten="214,178,384,224" oya="2" hai0="23,124,110,30,31,25,32,20,130,100,99,76,44" hai1="125,97,56,105,55,13,40,114,15,68,58,128,63" hai2="43,119,89,42,54,47,65,71,129,21,72,104,113" hai3="107,11,127,49,60,9,122,0,57,132,39,121,7"/><V112/><F119/><W85/><G39/><T92/><D110/><U77/><E114/><V87/><F72/><W117/><G107/><T6/><D130/><U38/><E128/><V28/><F129/><W18/><G117/><T94/><D124/><U16/><E77/><V131/><F131/><W102/><G132/><T27/><D76/><U93/><E105/><V90/><F104/><W82/><G127/><T12/><D44/><U108/><E108/><V14/><F65/><W135/><G135/><T2/><D2/><U19/><E68/><V64/><F64/><W79/><G49/><T134/><D134/><U51/><E38/><V29/><F71/><W45/><G45/><T10/><REACH who="0" step="1"/><D94/><REACH who="0" ten="204,178,384,224" step="2"/><U126/><E126/><V67/><F47/><W83/><G121/><T5/><D5/><U4/><E4/><V86/><F113/><W22/><G122/><T24/><D24/><U46/><E125/><V35/><F112/><W88/><G79/><T66/><D66/><N who="1" m="39271" /><E13/><V95/><F14/><W75/><G75/><T80/><D80/><U120/><E15/><V106/><F95/><W115/><G83/><T133/><D133/><U52/><E120/><V62/><F67/><W70/><G115/><T48/><D48/><N who="1" m="30983" /><E55/><V84/><F54/><W101/><G70/><T50/><D50/><U78/><E78/><V34/><F106/><W118/><G118/><T59/><D59/><U96/><E93/><V111/><F111/><W61/><G7/><T74/><D74/><U33/><E33/><AGARI ba="1,1" hai="6,10,12,20,23,25,27,30,31,32,33,92,99,100" machi="33" ten="30,7700,0" yaku="1,1,7,1,9,1,52,1,53,0" doraHai="98" doraHaiUra="123" who="0" fromWho="1" sc="204,90,178,-80,384,0,224,0" /><INIT seed="3,0,0,5,3,30" ten="294,98,384,224" oya="3" hai0="1,127,72,90,117,125,22,4,123,91,32,38,23" hai1="8,46,108,54,56,18,35,40,86,130,29,51,10" hai2="92,66,126,6,26,80,89,134,5,114,11,102,2" hai3="68,57,122,77,109,69,13,0,97,17,79,33,34"/><W55/><G0/><T116/><D123/><U67/><E130/><V62/><F114/><W96/><G122/><T28/><D72/><U41/><E108/><V65/><F6/><W121/><G121/><T131/><D38/><U81/><E67/><V88/><F134/><W107/><G109/><T129/><D91/><U25/><E18/><V31/><F126/><N who="0" m="48138" /><D90/><U103/><E103/><V37/><F37/><W39/><G39/><T64/><D64/><U118/><E118/><N who="0" m="45673" /><D32/><U44/><E40/><V9/><F9/><W104/><G57/><T7/><D28/><U48/><REACH who="1" step="1"/><E56/><REACH who="1" ten="294,88,384,224" step="2"/><V99/><F66/><W85/><G17/><T73/><D7/><U133/><E133/><V45/><F65/><W50/><G55/><T43/><D4/><U20/><E20/><V93/><F5/><W111/><G111/><T128/><D23/><U112/><E112/><V61/><F102/><W71/><G71/><T53/><D22/><U98/><E98/><V70/><F99/><W95/><G68/><T42/><D129/><U76/><AGARI ba="0,1" hai="8,10,25,29,35,41,44,46,48,51,54,76,81,86" machi="76" ten="20,5200,0" yaku="1,1,0,1,7,1,52,1,53,0" doraHai="30" doraHaiUra="12" who="1" fromWho="1" sc="294,-13,88,62,384,-13,224,-26" /><INIT seed="4,0,0,1,2,86" ten="281,150,371,198" oya="0" hai0="31,84,1,81,36,26,112,15,125,85,34,110,109" hai1="123,106,115,105,51,50,88,89,99,52,53,82,91" hai2="71,128,30,0,57,14,126,7,25,131,23,61,120" hai3="77,100,48,13,111,60,134,22,38,2,62,58,83"/><T117/><D117/><U133/><E123/><V93/><F120/><W87/><G2/><T44/><D1/><U5/><E5/><V119/><F71/><W80/><G38/><T70/><D70/><U103/><E133/><V56/><F126/><W59/><G111/><N who="0" m="42507" /><D125/><U97/><E115/><V74/><F74/><W64/><G134/><T78/><D112/><U69/><E69/><V121/><F121/><W122/><G122/><T67/><D67/><U96/><E82/><V118/><F0/><W42/><G100/><T92/><D15/><U27/><E27/><V124/><F124/><W76/><G42/><N who="0" m="22599" /><D92/><U28/><E28/><V3/><F3/><W47/><G47/><T16/><D16/><U8/><E8/><N who="2" m="4383" /><F93/><W45/><G45/><T130/><D130/><N who="2" m="49706" /><F57/><W102/><G102/><T104/><D104/><N who="1" m="40043" /><E103/><V132/><F132/><W113/><G113/><T75/><AGARI ba="0,0" hai="26,31,34,75,78,81,84,85" m="22599,42507" machi="75" ten="30,1500,0" yaku="10,1" doraHai="86" who="0" fromWho="0" sc="281,15,150,-5,371,-5,198,-5" /><INIT seed="4,1,0,0,2,83" ten="296,145,366,193" oya="0" hai0="129,113,127,7,60,122,120,103,89,101,54,23,82" hai1="63,68,123,25,128,3,5,90,28,42,112,56,80" hai2="110,52,131,53,46,125,81,64,31,45,92,94,32" hai3="44,29,1,41,75,9,13,35,95,15,4,8,34"/><T18/><D113/><U6/><E123/><V115/><F110/><W91/><G75/><T69/><D129/><U105/><E68/><V55/><F115/><W43/><G1/><T97/><D127/><U109/><E109/><V47/><F125/><W119/><G119/><T33/><D33/><U74/><E105/><V59/><F131/><W84/><G29/><T61/><D7/><U116/><E116/><V48/><F32/><W121/><G121/><T39/><D39/><U67/><E128/><V49/><F31/><W16/><REACH who="3" step="1"/><G43/><REACH who="3" ten="296,145,366,183" step="2"/><T38/><D122/><U86/><E3/><V100/><F48/><AGARI ba="1,1" hai="4,8,9,13,15,16,34,35,41,44,48,84,91,95" machi="48" ten="30,8000,1" yaku="1,1,2,1,7,1,52,1,54,1,53,0" doraHai="83" doraHaiUra="22" who="3" fromWho="2" sc="296,0,145,0,366,-83,183,93" /><INIT seed="5,0,0,4,4,80" ten="296,145,283,276" oya="1" hai0="101,73,110,121,130,23,83,59,91,6,68,16,88" hai1="81,13,28,99,107,42,104,15,11,27,87,26,33" hai2="51,105,77,108,10,43,131,63,35,52,74,66,86" hai3="57,134,64,14,117,98,38,5,126,18,30,3,96"/><U125/><E125/><V102/><F108/><W8/><G38/><T75/><D110/><U41/><E27/><V7/><F35/><W19/><G134/><T34/><D34/><U115/><E115/><V36/><F131/><W50/><G126/><T133/><D68/><U123/><E123/><V103/><F105/><W111/><G111/><T62/><D133/><U84/><E15/><V17/><F74/><W45/><G117/><T55/><D130/><U92/><E104/><V44/><F17/><W61/><G30/><T128/><D128/><U0/><E0/><V100/><F10/><W60/><G60/><T25/><D121/><U67/><E67/><V56/><F7/><W97/><G3/><T135/><D135/><U109/><E107/><V72/><F72/><W48/><G48/><T116/><D116/><U95/><E109/><V37/><F37/><W49/><G49/><T9/><D101/><U46/><E95/><V31/><F31/><W21/><G21/><T93/><D83/><U82/><E82/><N who="2" m="47439" /><F103/><W106/><G106/><T89/><REACH who="0" step="1"/><D93/><REACH who="0" ten="286,145,283,276" step="2"/><U54/><E81/><V24/><F24/><W76/><REACH who="3" step="1"/><G76/><REACH who="3" ten="286,145,283,266" step="2"/><T40/><D40/><AGARI ba="0,2" hai="5,8,14,18,19,40,45,50,57,61,64,96,97,98" machi="40" ten="40,5200,0" yaku="1,1,2,1,8,1,53,0" doraHai="80" doraHaiUra="85" who="3" fromWho="0" sc="286,-52,145,0,283,0,266,72" /><INIT seed="6,0,0,2,5,107" ten="234,145,283,338" oya="2" hai0="9,29,133,128,117,85,21,47,135,13,83,14,39" hai1="129,34,22,114,24,42,53,106,105,65,59,71,109" hai2="20,43,45,68,6,50,32,27,31,127,26,36,80" hai3="118,1,125,2,49,35,89,25,98,33,113,62,5"/><V82/><F68/><W46/><G118/><T97/><D117/><U79/><E109/><V132/><F132/><N who="0" m="50762" /><D128/><U122/><E129/><V57/><F127/><W70/><G125/><T41/><D97/><U124/><E34/><V78/><F6/><W38/><G38/><T61/><D61/><U69/><E42/><V134/><F134/><W130/><G130/><T94/><D94/><U88/><E79/><V121/><F121/><W72/><G72/><T54/><D54/><U76/><E76/><V74/><F82/><W91/><G113/><T56/><D56/><U96/><E114/><V64/><F64/><W28/><G33/><T4/><D29/><U99/><E122/><V40/><F57/><W95/><G89/><N who="0" m="51391" /><D21/><U126/><E65/><V8/><F8/><W116/><G116/><T104/><D104/><U86/><E126/><V101/><F101/><W100/><G100/><T58/><D58/><U60/><E124/><V10/><F10/><W55/><G70/><T123/><D123/><U23/><E23/><V19/><REACH who="2" step="1"/><F36/><REACH who="2" ten="234,145,273,338" step="2"/><W48/><G5/><T37/><D37/><U119/><E71/><V51/><F51/><W102/><G102/><T111/><D111/><U103/><E69/><V7/><F7/><W93/><G62/><T75/><D4/><U108/><E108/><V3/><F3/><W30/><G49/><T18/><D9/><U131/><E131/><V73/><F73/><W63/><G63/><T15/><D75/><U90/><E119/><V92/><F92/><W84/><G2/><T77/><D39/><U115/><E105/><V0/><F0/><RYUUKYOKU ba="0,1" sc="234,-10,145,-10,273,30,338,-10" hai2="19,20,26,27,31,32,40,43,45,50,74,78,80" /><INIT seed="6,1,1,5,3,4" ten="224,135,303,328" oya="2" hai0="47,44,13,99,48,89,125,97,115,15,96,126,31" hai1="92,113,22,64,37,110,133,52,91,58,16,104,60" hai2="119,86,24,100,131,128,70,42,105,33,12,95,65" hai3="51,130,26,90,49,120,76,21,56,101,25,85,114"/><V10/><F119/><W39/><G39/><T61/><D115/><U124/><E113/><V123/><F123/><W93/><G120/><T36/><D31/><U45/><E104/><V66/><F42/><W80/><G114/><T5/><D61/><U116/><E116/><V46/><F46/><N who="0" m="17450" /><D36/><U27/><E110/><V122/><F122/><W32/><G32/><T83/><D48/><U62/><E133/><V84/><F105/><W108/><G108/><T7/><D83/><U88/><E124/><N who="0" m="47721" /><D89/><U38/><E45/><V34/><F70/><W68/><G68/><T40/><D40/><U17/><E17/><N who="2" m="8343" /><F33/><W102/><G130/><N who="2" m="49705" /><F100/><W57/><G101/><T30/><D30/><U50/><E50/><V59/><F59/><N who="3" m="22603" /><G102/><T106/><D106/><U20/><E37/><V29/><F86/><N who="3" m="52439" /><G51/><T6/><AGARI ba="1,1" hai="5,6,7,13,15,96,97,99" m="47721,17450" machi="6" ten="40,5200,0" yaku="28,2,18,1" doraHai="4" who="0" fromWho="0" sc="224,65,135,-14,303,-27,328,-14" /><INIT seed="7,0,0,0,1,115" ten="289,121,276,314" oya="3" hai0="68,10,51,99,131,62,89,55,1,107,52,35,102" hai1="59,19,4,116,121,82,30,28,119,92,14,73,122" hai2="84,67,3,26,97,77,25,53,32,132,113,93,117" hai3="123,118,38,39,133,42,29,20,129,95,46,91,114"/><W63/><G118/><N who="1" m="45098" /><E92/><V8/><F117/><W106/><G106/><T15/><D131/><U108/><E4/><V94/><F3/><W18/><G123/><N who="1" m="47114" /><E59/><V79/><F113/><W96/><G114/><T44/><D1/><U86/><E73/><V47/><F67/><W111/><G95/><T124/><D124/><U76/><E108/><V13/><F132/><W71/><G133/><T112/><D112/><U83/><E83/><N who="2" m="47215" /><F32/><W23/><G111/><T5/><D35/><U22/><AGARI ba="0,0" hai="14,19,22,28,30,76,82,86" m="47114,45098" machi="22" ten="30,7900,0" yaku="12,1,52,3" doraHai="115" who="1" fromWho="1" sc="289,-20,121,79,276,-20,314,-39" /><INIT seed="8,0,0,0,2,10" ten="269,200,256,275" oya="0" hai0="100,95,0,106,116,12,23,131,123,61,71,108,111" hai1="55,84,40,42,65,107,5,99,51,97,24,62,49" hai2="78,22,9,36,47,117,126,30,128,66,8,87,82" hai3="57,86,83,129,34,1,103,18,33,11,15,53,28"/><T91/><D0/><U59/><E5/><V35/><F35/><W39/><G39/><T92/><D123/><U56/><E107/><V20/><F128/><W114/><G114/><T72/><D116/><U68/><E84/><V127/><F117/><W113/><G113/><T90/><D131/><U73/><E73/><V110/><F110/><N who="0" m="42026" /><D72/><U45/><E24/><N who="2" m="16647" /><F66/><W115/><G115/><T133/><D133/><U98/><REACH who="1" step="1"/><E40/><REACH who="1" ten="269,190,256,275" step="2"/><V76/><F87/><W125/><G86/><T6/><D106/><U104/><E104/><V16/><F78/><W70/><G1/><T77/><D77/><U26/><E26/><V81/><F76/><W31/><G125/><T120/><D120/><U27/><E27/><V43/><F127/><W48/><G129/><T41/><D41/><U69/><AGARI ba="0,1" hai="42,45,49,51,55,56,59,62,65,68,69,97,98,99" machi="69" ten="30,2000,0" yaku="1,1,0,1,53,0" doraHai="10" doraHaiUra="74" who="1" fromWho="1" sc="269,-10,190,30,256,-5,275,-5" /><INIT seed="9,0,0,2,3,110" ten="259,220,251,270" oya="1" hai0="81,98,84,80,134,0,15,42,108,125,105,11,113" hai1="112,31,91,9,117,43,93,131,104,44,66,78,17" hai2="39,73,132,114,12,79,109,97,76,107,119,68,25" hai3="128,1,129,121,40,6,86,85,36,62,130,99,2"/><U4/><E117/><V118/><F109/><W87/><G121/><T3/><D108/><U8/><E104/><V13/><F68/><W41/><G62/><T47/><D134/><U64/><E31/><V21/><F39/><W61/><G61/><T18/><D125/><U77/><E131/><V89/><F132/><W135/><G135/><T88/><D113/><U102/><E112/><V126/><F126/><W22/><G22/><T127/><D127/><U133/><E102/><V7/><F114/><W20/><G20/><T34/><D34/><U46/><E17/><V63/><F63/><W67/><G67/><N who="1" m="25642" /><E133/><V56/><F73/><W29/><G29/><T74/><D105/><U103/><E103/><V30/><F107/><W92/><G36/><T52/><D98/><N who="1" m="57663" /><E4/><V59/><F7/><W120/><G120/><T115/><D115/><U96/><E96/><V32/><F32/><W123/><G123/><T45/><D74/><U116/><E116/><V71/><F71/><W53/><G6/><T69/><D69/><U58/><E58/><N who="2" m="22059" /><F119/><W50/><G2/><T49/><D81/><U122/><E122/><V60/><F118/><W28/><G1/><T82/><D82/><U75/><E75/><V14/><F60/><W23/><G28/><T90/><D90/><U37/><E44/><V106/><F106/><W26/><G99/><T124/><D124/><U19/><E19/><V70/><F70/><W51/><G128/><T83/><D83/><U95/><E95/><AGARI ba="0,0" hai="12,13,14,21,25,30,76,79,89,95,97" m="22059" machi="95" ten="30,1000,0" yaku="8,1" doraHai="110" who="2" fromWho="1" sc="259,0,220,-10,251,10,270,0" /><INIT seed="10,0,0,2,1,123" ten="259,210,261,270" oya="2" hai0="68,113,107,129,18,106,55,30,38,9,3,60,85" hai1="47,95,67,22,133,121,77,116,14,12,82,75,15" hai2="41,7,90,93,24,103,102,45,46,63,100,135,98" hai3="101,91,36,4,25,39,65,53,72,50,81,88,78"/><V29/><F135/><W16/><G65/><T61/><D38/><U124/><E133/><V40/><F7/><W79/><G4/><T120/><D113/><U115/><E115/><V17/><F17/><W114/><G114/><T58/><D120/><U59/><E121/><V127/><F63/><W35/><G101/><T19/><D129/><U52/><E124/><V94/><F94/><W48/><G79/><T87/><D30/><U134/><E134/><V70/><F70/><W21/><G35/><T109/><D109/><U73/><E116/><V131/><F131/><W54/><G39/><T2/><D68/><U118/><E118/><V31/><F127/><W11/><G11/><T128/><D128/><U97/><E47/><N who="2" m="17931" /><F24/><W69/><G36/><T62/><D62/><U117/><E117/><V51/><F51/><W76/><G76/><T5/><D3/><U42/><E42/><AGARI ba="0,0" hai="29,31,40,41,42,90,93,98,100,102,103" m="17931" machi="42" ten="30,1500,0" yaku="8,1" doraHai="123" who="2" fromWho="1" sc="259,0,210,-15,261,15,270,0" /><INIT seed="10,1,0,0,0,38" ten="259,195,276,270" oya="2" hai0="113,123,52,131,120,75,57,67,109,77,48,79,58" hai1="14,22,71,128,116,43,81,122,99,95,97,130,66" hai2="96,47,26,53,37,49,100,15,6,78,12,21,101" hai3="11,2,45,106,56,125,88,133,60,105,127,33,36"/><V110/><F37/><W68/><G33/><T51/><D109/><U94/><E71/><V61/><F110/><W129/><G68/><T135/><D113/><U4/><E66/><V0/><F0/><W42/><G129/><N who="1" m="49770" /><E116/><V86/><F61/><W1/><G133/><T7/><D131/><U17/><E4/><V121/><F121/><W82/><G105/><T103/><D135/><U62/><E62/><V5/><F5/><W63/><G106/><T19/><D7/><U44/><E81/><N who="2" m="47415" /><F6/><W132/><G132/><T35/><D35/><U32/><E32/><V10/><F10/><W118/><G118/><T73/><D67/><U115/><E115/><V76/><F76/><W8/><G2/><T111/><D111/><U93/><E122/><V90/><F90/><W28/><G28/><T39/><D39/><AGARI ba="1,0" hai="14,17,22,39,43,44,93,94,95,97,99" m="49770" machi="39" ten="30,2000,0" yaku="19,1,52,1" doraHai="38" who="1" fromWho="0" sc="259,-23,195,23,276,0,270,0" /><INIT seed="11,0,0,2,2,99" ten="236,218,276,270" oya="3" hai0="50,66,52,125,32,72,129,17,37,107,81,57,95" hai1="64,0,69,121,133,82,49,55,62,110,75,10,85" hai2="79,115,44,40,21,123,132,114,13,112,19,119,36" hai3="90,68,101,80,135,126,31,18,33,73,43,74,26"/><W113/><G68/><T51/><D107/><U41/><E133/><V8/><F132/><W89/><G135/><T4/><D37/><U6/><E121/><V100/><F119/><W60/><G113/><T35/><D129/><U131/><E131/><V12/><F79/><W87/><G43/><T127/><D4/><U93/><E110/><V78/><F78/><W120/><G120/><T58/><D95/><U47/><E93/><V15/><F123/><W70/><G126/><N who="0" m="48139" /><D17/><U2/><E75/><V76/><F76/><W104/><G89/><T42/><D72/><U109/><E109/><V38/><F38/><W23/><G23/><T45/><D81/><U103/><E103/><V94/><F8/><W61/><G18/><T134/><D134/><U53/><REACH who="1" step="1"/><E0/><REACH who="1" ten="236,208,276,270" step="2"/><V124/><F124/><W63/><REACH who="3" step="1"/><G70/><REACH who="3" ten="236,208,276,260" step="2"/><T118/><D118/><U7/><E7/><V111/><F111/><W71/><G71/><T105/><D105/><U122/><E122/><V3/><F115/><W77/><G77/><AGARI ba="0,2" hai="2,6,10,41,47,49,53,55,62,64,69,77,82,85" machi="77" ten="30,3900,0" yaku="1,1,7,1,53,1" doraHai="99" doraHaiUra="83" who="1" fromWho="3" sc="236,0,208,59,276,0,260,-39" owari="236,-16.0,267,7.0,276,37.0,221,-28.0" /></mjloggm>