<mjloggm ver="2.3"><GO type="169" lobby="0"/><UN n0="%E3%80%93%E3%83%AF%E3%82%A4%E3%83%AB%E3%83%89%EF%BC%92%E5%8F%B7%E3%80%93" n1="%E8%92%BC%E9%B4%89" n2="%E3%81%AF%E3%81%98%E3%81%BE%E3%82%8A%E3%81%AE%E6%9C%9D" n3="%E3%81%94%E3%82%8D%E3%81%AB%E3%82%83%E3%83%BC" dan="17,16,16,16" rate="2121.88,2097.10,2147.24,2134.07" sx="M,M,F,M"/><TAIKYOKU oya="0"/><INIT seed="0,0,0,5,3,39" ten="250,250,250,250" oya="0" hai0="29,107,48,131,47,79,81,31,15,113,56,16,106" hai1="122,135,18,114,134,78,98,119,46,101,105,27,96" hai2="2,127,40,21,117,128,121,42,8,80,97,12,7" hai3="55,73,13,95,130,54,129,25,32,74,120,43,6"/><T87/><D113/><U44/><E18/><V20/><F121/><W68/><G68/><T91/><D131/><N who="3" m="50185" /><G120/><T14/><D107/><N who="1" m="63911" /><E27/><V45/><F128/><W30/><G95/><T33/><D106/><U10/><E122/><V115/><F115/><W109/><G109/><T111/><D111/><U19/><E19/><V4/><F127/><W23/><G43/><N who="2" m="16425" /><F2/><W41/><G41/><N who="0" m="24687" /><D33/><U51/><E10/><V99/><F117/><W57/><G55/><T60/><D79/><U93/><E78/><V59/><F7/><W94/><G94/><T108/><D15/><U37/><E93/><V63/><F45/><W70/><G70/><T28/><D108/><U116/><E46/><V90/><F80/><W0/><G0/><T17/><D14/><U89/><E44/><V103/><F90/><W104/><G104/><T125/><D125/><U65/><E89/><V86/><F86/><W100/><G100/><T92/><D81/><U71/><E116/><V9/><F9/><N who="3" m="4279" /><G32/><T85/><D87/><U64/><E119/><V75/><F103/><W77/><G77/><T72/><D72/><U53/><E114/><V102/><F75/><W52/><G54/><AGARI ba="0,0" hai="16,17,28,29,31,54,56,60,85,91,92" m="24687" machi="54" ten="30,5800,0" yaku="8,1,52,1,54,1" doraHai="39" who="0" fromWho="3" sc="250,58,250,0,250,0,250,-58" /><INIT seed="0,1,0,3,3,133" ten="308,250,250,192" oya="0" hai0="64,102,97,24,100,60,135,48,20,11,27,29,53" hai1="125,70,10,8,107,7,71,111,116,92,72,117,65" hai2="124,104,61,121,49,132,43,119,5,41,87,106,39" hai3="122,99,77,44,83,128,68,127,55,58,80,12,112"/><T86/><D135/><U4/><E107/><V34/><F132/><W23/><G112/><T14/><D86/><U28/><E72/><V2/><F121/><W129/><G68/><T46/><D27/><U93/><E65/><V38/><F119/><W18/><G122/><T19/><REACH who="0" step="1"/><D97/><REACH who="0" ten="298,250,250,192" step="2"/><U81/><E111/><V45/><F87/><W123/><G123/><T17/><D17/><U66/><E28/><V115/><F115/><W32/><G99/><T13/><D13/><U90/><E66/><V22/><F2/><W9/><G129/><T120/><D120/><U21/><E117/><V89/><F5/><W69/><G128/><T105/><D105/><U50/><E116/><V62/><F106/><W126/><G69/><AGARI ba="1,1" hai="11,14,19,20,24,29,46,48,53,60,64,69,100,102" machi="69" ten="30,2900,0" yaku="1,1,7,1,53,0" doraHai="133" doraHaiUra="110" who="0" fromWho="3" sc="298,42,250,0,250,0,192,-32" /><INIT seed="0,2,0,4,5,74" ten="340,250,250,160" oya="0" hai0="28,62,71,58,34,97,57,122,17,22,72,23,31" hai1="103,43,21,6,68,49,78,63,73,44,5,76,59" hai2="106,88,27,115,32,135,111,4,126,39,91,14,65" hai3="128,89,84,108,117,109,93,20,95,30,129,127,55"/><T52/><D122/><U107/><E68/><V77/><F115/><W125/><G30/><T100/><D72/><U38/><E73/><V33/><F39/><W37/><G20/><T94/><D71/><U26/><E38/><V53/><F106/><W116/><G55/><N who="0" m="34111" /><D34/><U11/><E107/><V29/><F111/><N who="3" m="42571" /><G37/><T0/><D0/><U9/><E103/><V47/><F32/><W56/><G56/><T35/><D35/><U19/><E5/><V1/><F135/><W124/><G95/><T42/><D42/><U113/><E113/><V70/><F1/><W133/><G133/><T2/><D2/><U16/><E19/><V98/><F77/><N who="1" m="29801" /><E6/><V120/><F120/><W69/><G69/><T85/><D85/><U41/><E41/><V8/><F126/><W132/><G132/><T119/><D119/><AGARI ba="2,0" hai="84,89,93,116,117,119,124,125,127,128,129" m="42571" machi="119" ten="40,8000,1" yaku="18,1,14,1,34,2" doraHai="74" who="3" fromWho="0" sc="340,-86,250,0,250,0,160,86" /><INIT seed="1,0,0,2,0,40" ten="254,250,250,246" oya="1" hai0="99,119,20,1,111,31,67,39,55,7,102,16,86" hai1="108,59,117,87,47,115,73,76,15,93,52,49,17" hai2="54,14,135,6,107,8,125,5,69,101,123,4,82" hai3="112,33,84,104,68,118,53,98,133,100,12,3,57"/><U21/><E117/><V24/><F123/><W45/><G3/><T58/><D39/><U42/><E115/><V121/><F121/><W89/><G112/><T109/><D119/><U19/><E108/><N who="0" m="41545" /><D31/><U130/><E130/><V56/><F69/><W131/><G68/><T60/><D86/><U46/><E73/><V120/><F120/><W126/><G33/><T29/><D29/><U128/><E128/><V27/><F135/><W72/><G72/><T23/><D23/><N who="1" m="11711" /><E42/><V13/><F125/><W129/><G118/><T106/><D1/><U64/><E64/><V9/><F82/><W37/><G133/><T48/><D7/><U30/><E30/><V97/><REACH who="2" step="1"/><F6/><REACH who="2" ten="254,250,240,246" step="2"/><W71/><G126/><T10/><D10/><U34/><E34/><V25/><F25/><W122/><G122/><T36/><D20/><U110/><E110/><V44/><F44/><W65/><G129/><T127/><D127/><U61/><E61/><AGARI ba="0,1" hai="4,5,8,9,13,14,24,27,54,56,61,97,101,107" machi="61" ten="30,3900,0" yaku="1,1,7,1,9,1,53,0" doraHai="40" doraHaiUra="134" who="2" fromWho="1" sc="254,0,250,-39,240,49,246,0" /><INIT seed="2,0,0,1,2,89" ten="254,211,289,246" oya="2" hai0="125,46,70,51,113,99,131,107,35,126,23,114,55" hai1="22,63,69,129,26,112,56,88,53,75,42,41,25" hai2="6,81,108,18,102,37,132,103,58,65,62,83,4" hai3="100,86,84,43,13,118,122,68,71,128,127,93,0"/><V39/><F132/><W31/><G0/><T121/><D35/><U19/><E112/><V10/><F37/><W21/><G122/><T59/><D23/><U101/><E129/><V130/><F130/><W40/><G128/><T48/><D131/><U110/><E110/><V66/><F39/><W77/><G118/><T119/><D70/><U94/><E75/><V60/><F108/><W79/><G127/><T1/><D1/><U49/><E101/><N who="2" m="38411" /><F18/><W52/><G68/><T76/><D76/><N who="3" m="29257" /><G71/><T64/><D99/><N who="1" m="57799" /><E69/><V85/><F10/><W44/><G86/><T135/><D107/><U133/><E133/><V5/><F85/><W124/><G124/><N who="0" m="47723" /><D135/><U92/><E92/><V111/><F111/><W74/><G74/><T123/><D119/><U50/><E26/><V134/><F134/><W73/><G73/><T95/><D95/><U91/><E91/><V80/><F58/><W120/><G120/><N who="0" m="46155" /><D64/><AGARI ba="0,0" hai="4,5,6,60,62,64,65,66,80,81,83" m="38411" machi="64" ten="40,7700,0" yaku="28,2,8,1" doraHai="89" who="2" fromWho="0" sc="254,-77,211,0,289,77,246,0" /><INIT seed="2,1,0,2,2,31" ten="177,211,366,246" oya="2" hai0="74,55,80,35,119,2,77,75,117,125,64,108,0" hai1="3,63,112,130,79,114,34,20,87,111,56,54,25" hai2="68,10,22,103,102,15,116,51,100,23,42,43,133" hai3="118,131,97,72,124,76,46,40,4,26,19,60,91"/><V24/><F116/><W57/><G118/><N who="0" m="45067" /><D55/><U69/><E111/><V134/><F68/><W39/><G131/><T66/><D108/><U5/><E130/><V62/><F62/><W107/><G124/><T50/><D50/><U73/><E73/><V120/><F120/><W8/><G76/><T127/><D80/><U96/><E34/><V28/><F23/><W128/><G72/><N who="0" m="27691" /><D77/><U81/><E69/><V49/><F49/><W61/><G128/><T94/><D94/><U109/><E109/><V37/><F37/><W105/><G61/><T86/><D86/><U122/><E122/><V123/><F123/><W104/><G91/><T129/><D129/><U70/><E70/><V126/><F126/><N who="0" m="48138" /><D35/><U58/><E96/><V6/><REACH who="2" step="1"/><F51/><REACH who="2" ten="177,211,356,246" step="2"/><W99/><G60/><T53/><D53/><U82/><E54/><V33/><F33/><W67/><G67/><AGARI ba="1,1" hai="0,2,64,66,67" m="48138,27691,45067" machi="67" ten="40,8000,1" yaku="28,2,12,1,18,1" doraHai="31" who="0" fromWho="3" sc="177,93,211,0,356,0,246,-83" /><INIT seed="3,0,0,4,3,50" ten="270,211,356,163" oya="3" hai0="41,46,7,95,68,65,90,37,49,108,100,120,64" hai1="130,127,107,101,71,54,80,98,61,48,18,85,20" hai2="119,125,2,62,33,117,13,57,116,17,4,124,126" hai3="32,22,16,91,121,12,63,75,23,56,102,89,55"/><W99/><G75/><T45/><D120/><U30/><E127/><V9/><F62/><W0/><G32/><T21/><D100/><U14/><E130/><V112/><F57/><W77/><G77/><T15/><D108/><U134/><E134/><V83/><F83/><W106/><G121/><T39/><D68/><U42/><E30/><V19/><F33/><W110/><G110/><T79/><D79/><U28/><E28/><V5/><F112/><W34/><G34/><T58/><D58/><U96/><E96/><V3/><F5/><W66/><G0/><AGARI ba="0,0" hai="0,2,3,4,9,13,17,19,116,117,119,124,125,126" machi="0" ten="50,8000,1" yaku="18,1,34,3" doraHai="50" who="2" fromWho="3" sc="270,0,211,0,356,80,163,-80" /><INIT seed="4,0,0,5,4,63" ten="270,211,436,83" oya="0" hai0="99,117,105,28,26,90,65,32,108,62,43,115,122" hai1="131,124,88,69,39,50,73,111,128,3,79,134,19" hai2="91,25,55,93,127,84,12,121,23,66,30,119,114" hai3="8,96,89,81,49,103,72,38,68,58,130,92,45"/><T33/><D117/><U59/><E111/><V133/><F119/><W53/><G130/><N who="1" m="49706" /><E39/><V42/><F121/><W102/><G68/><T87/><D122/><U16/><E69/><V44/><F133/><W37/><G8/><T36/><D108/><U7/><E3/><V75/><F75/><W77/><G102/><T31/><D115/><U54/><E7/><V0/><F114/><W71/><G71/><N who="0" m="42423" /><D87/><U78/><E134/><V101/><F0/><W118/><G118/><T60/><D60/><U46/><E124/><V123/><F127/><W126/><G126/><T107/><D90/><U135/><E135/><V64/><F123/><W1/><G1/><T40/><D107/><U112/><E112/><V125/><F125/><W120/><G120/><T85/><D85/><U34/><E34/><V110/><F110/><W27/><G27/><N who="0" m="18463" /><D36/><U94/><E59/><V82/><F12/><W18/><G18/><N who="1" m="6698" /><E73/><V57/><F101/><AGARI ba="0,0" hai="26,31,33,40,43,99,101,105" m="18463,42423" machi="101" ten="30,2900,0" yaku="25,1,52,1" doraHai="63" who="0" fromWho="2" sc="270,29,211,0,436,-29,83,0" /><INIT seed="4,1,0,4,1,125" ten="299,211,407,83" oya="0" hai0="48,64,43,32,27,110,118,134,131,117,9,38,127" hai1="83,6,52,67,2,77,85,93,126,49,120,133,59" hai2="7,101,81,111,55,29,105,113,1,82,16,98,86" hai3="87,130,89,112,60,88,46,76,30,58,69,92,104"/><T39/><D127/><U47/><E120/><V75/><F111/><W44/><G104/><T5/><D110/><U73/><E126/><V56/><F75/><W78/><G69/><T14/><D64/><U84/><E133/><V63/><F29/><W11/><G112/><T94/><D134/><U115/><E115/><V40/><F113/><W95/><G30/><T17/><D48/><U42/><E67/><V79/><F40/><W97/><G11/><T4/><D94/><U128/><E128/><V50/><F81/><W80/><G130/><T116/><D131/><U34/><E34/><V65/><F16/><W102/><G102/><T13/><D43/><U132/><E132/><V66/><F7/><W119/><G119/><T41/><D41/><U18/><E18/><V33/><F33/><W96/><G78/><T100/><D100/><U25/><E25/><V8/><F8/><W74/><G74/><T10/><D17/><U103/><E103/><V20/><F65/><AGARI ba="1,0" hai="44,46,58,60,65,76,80,87,88,89,92,95,96,97" machi="65" ten="30,7700,0" yaku="7,1,9,1,8,1,54,1" doraHai="125" who="3" fromWho="2" sc="299,0,211,0,407,-80,83,80" /><INIT seed="5,0,0,4,3,109" ten="299,211,327,163" oya="1" hai0="40,54,105,44,51,113,95,58,127,38,60,48,81" hai1="90,97,130,12,52,27,114,131,126,25,70,98,24" hai2="11,82,120,125,59,16,33,99,30,35,9,111,34" hai3="117,65,79,43,67,100,68,122,124,6,66,102,83"/><U128/><E70/><V92/><F120/><W132/><G122/><T94/><D105/><U84/><E126/><V112/><F125/><W10/><G124/><T29/><D127/><U63/><E12/><V21/><F111/><W46/><G68/><T78/><D29/><U73/><E73/><V7/><F82/><W41/><G132/><T45/><D113/><U101/><E114/><V28/><F112/><W31/><G31/><N who="2" m="11817" /><F59/><W118/><G118/><T133/><D133/><U62/><E52/><V123/><F92/><W57/><G57/><T86/><REACH who="0" step="1"/><D38/><REACH who="0" ten="289,211,327,163" step="2"/><U2/><E2/><N who="2" m="247" /><F123/><W42/><G117/><T39/><D39/><U77/><E128/><V121/><F121/><W106/><G106/><T8/><D8/><U20/><E130/><V107/><F107/><W26/><G46/><T15/><D15/><U49/><E131/><V119/><F119/><W88/><G26/><T55/><AGARI ba="0,1" hai="40,44,45,48,51,54,55,58,60,78,81,86,94,95" machi="55" ten="20,5200,0" yaku="1,1,0,1,7,1,8,1,53,0" doraHai="109" doraHaiUra="87" who="0" fromWho="0" sc="289,62,211,-26,327,-13,163,-13" /><INIT seed="6,0,0,4,3,105" ten="351,185,314,150" oya="2" hai0="102,13,133,78,98,43,134,44,42,18,96,74,103" hai1="35,15,80,100,85,91,87,52,8,113,38,23,123" hai2="128,20,110,115,22,57,118,79,3,117,1,101,56" hai3="97,5,130,47,49,124,34,48,109,19,41,58,116"/><V71/><F71/><W21/><G109/><T75/><D78/><U111/><E123/><V82/><F110/><W125/><G116/><T120/><D120/><U28/><E111/><V59/><F115/><W46/><G34/><T55/><D55/><U9/><E113/><V127/><F127/><W88/><G5/><T69/><D69/><U131/><E131/><V45/><F128/><W66/><G130/><T129/><D129/><U12/><E38/><V29/><F101/><N who="0" m="38410" /><D13/><N who="1" m="5195" /><E100/><V93/><F93/><N who="3" m="56487" /><G21/><T72/><D18/><U11/><E35/><V39/><F22/><W27/><G27/><T73/><N who="0" m="18432" /><DORA hai="65" /><T70/><D70/><U83/><E52/><V121/><F121/><W77/><G19/><T95/><D95/><N who="1" m="54767" /><E87/><V108/><F108/><W126/><G77/><T114/><D114/><U26/><AGARI ba="0,0" hai="8,9,11,23,26,28,80,83" m="54767,5195" machi="26" ten="30,1100,0" yaku="8,1" doraHai="105,65" who="1" fromWho="1" sc="351,-3,185,11,314,-5,150,-3" /><INIT seed="7,0,0,0,2,34" ten="348,196,309,147" oya="3" hai0="21,108,109,88,93,64,4,112,13,133,19,69,9" hai1="72,96,5,50,38,33,132,124,23,76,71,44,100" hai2="110,16,28,41,104,86,103,82,117,7,17,74,31" hai3="59,22,62,52,128,81,10,45,65,29,47,85,35"/><W101/><G35/><T12/><D133/><U107/><E71/><V135/><F117/><W27/><G128/><T11/><D112/><U94/><E33/><V134/><F74/><W55/><G101/><T32/><D32/><U14/><E38/><V87/><F110/><W99/><G99/><T6/><D69/><U97/><E132/><N who="2" m="50731" /><F41/><W131/><G131/><T111/><D64/><U2/><E124/><V60/><F7/><N who="0" m="2602" /><D88/><U56/><E56/><V90/><F60/><W46/><REACH who="3" step="1"/><G10/><REACH who="3" ten="348,196,309,137" step="2"/><N who="0" m="3595" /><D93/><U8/><E97/><V119/><F103/><W95/><G95/><T114/><D114/><U106/><E94/><N who="2" m="54623" /><F104/><W77/><AGARI ba="0,1" hai="22,27,29,45,46,47,52,55,59,62,65,77,81,85" machi="77" ten="30,12000,1" yaku="1,1,0,1,8,1,54,1,53,1" doraHai="34" doraHaiUra="79" who="3" fromWho="3" sc="348,-40,196,-40,309,-40,137,130" /><INIT seed="7,1,0,3,4,43" ten="308,156,269,267" oya="3" hai0="101,70,91,88,106,23,18,66,50,57,87,25,46" hai1="19,5,41,17,56,10,44,130,28,72,84,134,81" hai2="116,61,36,60,102,21,71,15,135,78,108,26,128" hai3="12,125,100,34,3,95,73,121,20,117,82,99,89"/><W80/><G3/><T22/><D70/><U33/><E130/><V0/><F128/><W59/><G34/><T54/><D106/><U39/><E134/><V114/><F135/><W32/><G32/><T110/><D110/><U2/><E72/><V112/><F116/><W14/><G117/><T27/><D101/><U93/><E93/><V40/><F108/><W42/><G121/><T133/><D133/><U132/><E132/><V53/><F0/><W1/><G1/><T16/><D87/><U49/><E33/><V62/><F78/><W63/><G125/><T123/><D123/><U86/><E28/><V48/><F102/><W90/><G42/><N who="0" m="24919" /><D66/><U8/><E8/><V85/><F85/><N who="3" m="50359" /><G73/><T119/><D119/><U104/><E104/><V69/><F15/><N who="3" m="5675" /><G20/><T105/><D105/><U98/><E98/><V74/><F74/><W107/><G107/><T77/><D77/><U120/><E120/><V126/><F126/><W29/><G29/><T103/><D103/><U83/><E86/><V47/><F21/><W13/><G80/><T30/><D30/><U45/><E56/><N who="2" m="32807" /><F26/><W97/><G13/><T75/><D75/><U115/><E115/><AGARI ba="1,0" hai="36,40,47,60,61,62,69,71,112,114,115" m="32807" machi="115" ten="30,7700,0" yaku="15,1,34,2,52,1" doraHai="43" who="2" fromWho="1" sc="308,0,156,-80,269,80,267,0" owari="308,11.0,76,-42.0,349,44.0,267,-13.0" /></mjloggm>