<mjloggm ver="2.3"><GO type="169" lobby="0"/><UN n0="%E3%82%A4%E3%83%B3%E3%82%B6%E3%83%BC%E3%82%AE%CE%B1" n1="%E3%81%8A%E3%81%8A%E7%8A%AC%E5%BA%A7%EF%BC%B6%EF%BC%B9%E6%98%9F" n2="%6D%73%69%67%65%72%75" n3="%43%48%41%4E%43%45%21" dan="16,16,16,16" rate="2083.14,2083.96,2056.29,2145.54" sx="M,M,M,M"/><TAIKYOKU oya="0"/><INIT seed="0,0,0,3,4,131" ten="250,250,250,250" oya="0" hai0="21,135,17,94,18,70,103,113,75,98,93,53,63" hai1="85,111,22,99,24,28,100,117,78,116,20,96,122" hai2="38,72,119,23,127,134,76,130,57,14,51,112,16" hai3="0,35,54,129,74,81,115,118,64,59,106,6,11"/><T108/><D113/><U25/><E122/><V7/><F38/><W101/><G118/><T102/><D75/><U60/><E111/><V89/><F119/><W123/><G35/><T95/><D108/><U87/><E60/><V82/><F112/><W13/><G115/><T10/><D10/><U48/><E48/><V4/><F130/><W31/><G129/><T104/><D103/><U86/><E78/><V107/><F107/><W36/><G36/><T91/><D135/><U65/><E65/><V133/><F127/><W40/><G31/><T71/><D91/><U34/><E99/><V73/><F73/><W52/><G40/><T33/><D33/><U3/><E3/><V128/><F128/><W49/><G64/><T1/><D1/><U26/><E26/><V44/><F57/><W77/><G123/><T126/><D126/><U50/><E50/><V92/><F7/><W19/><G54/><T32/><D32/><U88/><E34/><V62/><F4/><W8/><G101/><T56/><REACH who="0" step="1"/><D18/><REACH who="0" ten="240,250,250,250" step="2"/><U42/><E100/><V58/><F89/><W46/><G106/><T124/><D124/><U37/><E116/><V2/><F2/><W125/><G125/><T110/><D110/><U132/><E117/><V97/><F133/><W67/><G46/><T83/><D83/><U109/><E132/><V55/><F134/><W29/><G29/><T120/><D120/><U80/><E80/><V90/><F44/><W61/><G81/><T69/><D69/><U30/><E109/><V66/><F82/><W27/><G74/><T68/><D68/><U43/><E37/><RYUUKYOKU ba="0,1" sc="240,15,250,15,250,-15,250,-15" hai0="17,21,53,56,63,70,71,93,94,95,98,102,104" hai1="20,22,24,25,28,30,42,43,85,86,87,88,96" /><INIT seed="0,1,1,3,4,107" ten="255,265,235,235" oya="0" hai0="71,60,121,92,10,86,18,34,42,6,31,24,70" hai1="90,118,48,105,62,94,11,20,1,78,116,66,14" hai2="38,82,91,57,26,85,102,110,111,37,123,75,7" hai3="41,67,129,104,54,51,80,39,45,21,124,63,58"/><T130/><D121/><U74/><E105/><V52/><F123/><W46/><G104/><T30/><D42/><U89/><E1/><V109/><F102/><W17/><G80/><T114/><D114/><U49/><E90/><V99/><F99/><W23/><G17/><T32/><D130/><U25/><E78/><N who="2" m="44383" /><F26/><W36/><G23/><T88/><D60/><U19/><E74/><V100/><F100/><W119/><G21/><T81/><D18/><U53/><E49/><N who="2" m="30863" /><F7/><W13/><G13/><T4/><D4/><U29/><E53/><V61/><F61/><N who="3" m="36055" /><G129/><T108/><D108/><N who="2" m="27650" /><V115/><DORA hai="68" /><F115/><W76/><G76/><T131/><D131/><U40/><E48/><V8/><F8/><W112/><G112/><T132/><D132/><U95/><E40/><V16/><F16/><W56/><G124/><T50/><D50/><U22/><E11/><V98/><F98/><W65/><G119/><T69/><D31/><U44/><E118/><V9/><F9/><W3/><G3/><T59/><D59/><U106/><E116/><V84/><F84/><W15/><G15/><T12/><REACH who="0" step="1"/><D81/><AGARI ba="1,1" hai="37,38,81,85,91" m="27650,30863,44383" machi="81" ten="40,8000,1" yaku="14,1,52,3,54,1" doraHai="107,68" who="2" fromWho="0" sc="255,-83,265,0,235,93,235,0" /><INIT seed="1,0,0,2,1,30" ten="172,265,328,235" oya="1" hai0="87,38,131,33,71,48,10,59,116,105,97,81,92" hai1="47,133,7,109,45,123,134,72,79,44,69,0,64" hai2="55,107,126,13,51,60,17,114,42,21,106,127,43" hai3="31,9,115,3,65,111,135,67,102,85,57,84,86"/><U32/><E123/><V46/><F114/><W34/><G115/><T49/><D38/><U110/><E79/><V122/><F122/><W100/><G3/><T119/><D71/><U2/><E72/><V78/><F78/><W5/><G135/><N who="1" m="51722" /><E32/><V56/><REACH who="2" step="1"/><F42/><REACH who="2" ten="172,265,318,235" step="2"/><W37/><G111/><N who="1" m="42506" /><E7/><V82/><F82/><W93/><G5/><T90/><D81/><U66/><E69/><V117/><F117/><W41/><G41/><T26/><D119/><U129/><E129/><V124/><AGARI ba="0,1" hai="13,17,21,43,46,51,55,56,60,106,107,124,126,127" machi="124" ten="30,7900,0" yaku="1,1,0,1,18,1,53,1" doraHai="30" doraHaiUra="19" who="2" fromWho="2" sc="172,-20,265,-39,318,89,235,-20" /><INIT seed="2,0,0,4,1,64" ten="152,226,407,215" oya="2" hai0="129,111,90,8,20,99,98,42,120,119,95,113,37" hai1="61,75,34,124,71,17,72,13,96,23,116,112,69" hai2="86,93,60,7,66,114,52,126,3,55,80,109,33" hai3="91,106,39,21,1,135,54,78,16,0,103,67,38"/><V97/><F33/><W88/><G78/><T101/><D113/><U4/><E34/><V22/><F114/><W18/><G103/><T94/><D120/><U19/><E112/><V26/><F126/><W28/><G67/><T117/><D111/><U36/><E116/><V47/><F109/><W123/><G21/><T45/><D129/><U115/><E36/><V100/><F7/><W40/><G28/><T122/><D122/><U2/><E115/><V14/><F14/><W51/><G51/><T73/><D73/><U41/><E41/><V49/><F3/><W30/><G30/><T108/><D108/><U118/><E118/><V62/><F55/><W63/><G63/><T77/><D77/><U107/><E61/><V125/><F66/><W92/><G92/><T35/><D35/><U59/><E59/><V9/><F9/><W132/><G54/><T53/><D8/><U131/><E124/><V57/><F125/><W127/><G127/><T133/><D133/><U56/><E131/><V81/><F57/><W130/><G130/><T15/><REACH who="0" step="1"/><D53/><REACH who="0" ten="142,226,407,215" step="2"/><U110/><E110/><V89/><REACH who="2" step="1"/><F80/><REACH who="2" ten="142,226,397,215" step="2"/><W68/><G123/><T43/><D43/><U25/><E2/><V82/><F82/><W11/><G40/><T104/><D104/><U27/><E107/><V5/><F5/><W48/><G11/><T121/><D121/><U83/><E83/><V58/><F58/><W6/><G6/><T128/><D128/><U79/><E56/><V46/><F46/><W65/><G106/><T44/><D44/><U32/><E4/><V87/><F87/><W134/><G132/><RYUUKYOKU ba="0,2" sc="142,15,226,-15,397,15,215,-15" hai0="15,20,37,42,45,90,94,95,98,99,101,117,119" hai2="22,26,47,49,52,60,62,81,86,89,93,97,100" /><INIT seed="2,1,2,3,3,68" ten="157,211,412,200" oya="2" hai0="26,24,19,48,123,122,41,32,14,104,61,5,8" hai1="43,36,73,77,56,75,51,2,118,127,70,10,84" hai2="42,34,112,67,47,53,93,128,9,125,15,21,52" hai3="58,60,132,62,111,79,106,11,115,88,120,119,100"/><V80/><F34/><W33/><G33/><T130/><D104/><U72/><E118/><V116/><F116/><W46/><G119/><T66/><D130/><U20/><E70/><V1/><F112/><W86/><G120/><T96/><D96/><U59/><E84/><V7/><F128/><W23/><G79/><T76/><D76/><U29/><E127/><V94/><F125/><W18/><G11/><T44/><D26/><U78/><E59/><V37/><F67/><W71/><G71/><T83/><D83/><U22/><E77/><V134/><F134/><W95/><G132/><T89/><D89/><U57/><E57/><V131/><F131/><W64/><G115/><T107/><D107/><U38/><E78/><V124/><F124/><W27/><G111/><T133/><D133/><U55/><E43/><V99/><F80/><W31/><G60/><T25/><D25/><U63/><E63/><V90/><F21/><W108/><G108/><T105/><D105/><U126/><E126/><V91/><F15/><W49/><G106/><T17/><D123/><U16/><E29/><V6/><F6/><W98/><G86/><AGARI ba="1,2" hai="1,7,9,37,42,47,52,53,86,90,91,93,94,99" machi="86" ten="30,5800,0" yaku="7,1,52,1,54,1" doraHai="68" who="2" fromWho="3" sc="157,0,211,0,412,81,200,-61" /><INIT seed="2,2,0,5,1,12" ten="157,211,493,139" oya="2" hai0="51,24,96,132,19,45,80,56,73,114,17,63,52" hai1="20,6,42,118,70,91,100,119,62,82,54,0,59" hai2="23,4,66,13,35,32,116,65,85,64,36,71,18" hai3="76,49,109,81,90,98,72,30,16,111,129,121,47"/><V61/><F36/><W113/><G121/><T9/><D114/><U92/><E42/><V115/><F116/><W78/><G78/><T110/><D110/><N who="3" m="41993" /><G30/><T68/><D68/><U5/><E70/><V79/><F115/><W27/><G113/><T89/><D132/><U22/><E6/><V94/><F4/><W33/><G129/><T131/><D131/><U57/><E100/><V28/><F35/><W130/><G33/><T15/><D73/><U31/><E82/><V99/><F28/><W88/><G130/><T106/><D106/><U69/><E69/><V1/><F1/><W53/><G98/><T126/><D126/><U84/><E5/><V108/><F32/><W3/><G3/><T125/><D125/><U103/><E0/><V26/><F26/><W50/><G50/><T123/><D123/><U8/><E31/><V46/><F108/><W67/><G67/><N who="0" m="39399" /><D24/><U87/><E119/><V40/><F79/><W39/><G39/><T41/><D41/><U104/><E118/><V101/><F85/><W60/><G60/><T2/><D2/><U102/><E87/><V112/><F112/><W128/><G128/><T58/><D58/><U7/><E59/><V44/><F46/><W120/><G120/><T77/><D77/><U133/><E104/><V75/><F75/><W93/><G93/><N who="0" m="56367" /><D80/><U43/><E43/><V14/><F14/><W95/><G95/><T74/><D74/><U134/><E134/><V135/><F135/><W38/><G38/><T55/><D55/><U86/><E133/><V25/><F13/><W107/><G107/><T21/><D21/><AGARI ba="2,0" hai="16,21,27,47,49,53,72,76,81,88,90" m="41993" machi="21" ten="30,8000,1" yaku="6,1,14,1,52,1,54,2" doraHai="12" who="3" fromWho="0" sc="157,-86,211,0,493,0,139,86" /><INIT seed="3,0,0,3,0,45" ten="71,211,493,225" oya="3" hai0="99,101,48,127,54,49,119,102,50,13,42,77,93" hai1="31,22,133,66,116,27,106,26,73,19,72,90,71" hai2="81,86,113,126,58,108,89,5,30,121,85,95,135" hai3="55,20,75,32,117,7,129,125,120,74,2,46,97"/><W98/><G32/><T128/><D119/><U104/><E116/><V131/><F113/><W53/><G117/><T100/><D128/><U61/><E133/><V134/><F131/><W63/><G120/><T130/><D130/><U80/><E90/><V82/><F30/><W96/><G129/><T87/><D127/><U92/><E92/><V17/><F5/><W16/><G125/><T60/><D13/><U28/><E28/><V38/><F38/><W57/><G2/><T118/><D42/><U67/><E67/><V62/><F126/><W114/><G114/><T41/><D41/><U78/><REACH who="1" step="1"/><E73/><REACH who="1" ten="71,201,493,225" step="2"/><V94/><F135/><W15/><G75/><T88/><D118/><U39/><E39/><V40/><F134/><W110/><G74/><T123/><D123/><U111/><E111/><V34/><F121/><W29/><G110/><T105/><REACH who="0" step="1"/><D77/><REACH who="0" ten="61,201,493,225" step="2"/><U59/><E59/><AGARI ba="0,2" hai="48,49,50,54,59,60,87,88,93,99,100,101,102,105" machi="59" ten="40,12000,2" yaku="1,1,2,1,52,3,54,1,53,0" doraHai="45" doraHaiUra="11" who="0" fromWho="1" sc="61,140,201,-120,493,0,225,0" /><INIT seed="4,0,0,1,2,61" ten="201,81,493,225" oya="0" hai0="23,32,20,107,99,64,22,118,11,29,82,78,85" hai1="106,67,84,65,94,53,115,21,15,28,113,130,31" hai2="9,5,98,77,125,80,10,76,102,124,109,134,127" hai3="37,57,45,122,66,83,123,81,12,117,39,92,60"/><T119/><D11/><U90/><E106/><V91/><F109/><W74/><G117/><T129/><D129/><U7/><E130/><V49/><F134/><W18/><G92/><T27/><D107/><U41/><E41/><V47/><F91/><W25/><G25/><T46/><D99/><U43/><E43/><N who="2" m="24831" /><F80/><N who="3" m="30795" /><G45/><T50/><REACH who="0" step="1"/><D64/><REACH who="0" ten="191,81,493,225" step="2"/><N who="1" m="24651" /><E53/><AGARI ba="0,1" hai="20,22,23,27,29,32,46,50,53,78,82,85,118,119" machi="53" ten="40,2000,0" yaku="1,1,53,0" doraHai="61" doraHaiUra="3" who="0" fromWho="1" sc="191,30,81,-20,493,0,225,0" /><INIT seed="4,1,0,5,2,34" ten="221,61,493,225" oya="0" hai0="73,75,113,60,120,128,82,59,50,57,119,81,85" hai1="23,65,91,7,98,96,107,80,83,116,63,13,11" hai2="133,106,90,35,3,48,112,79,72,31,33,27,97" hai3="64,88,104,15,84,18,130,42,19,61,24,26,71"/><T76/><D120/><U54/><E116/><V121/><F48/><W108/><G104/><T74/><D119/><U55/><E98/><V29/><F90/><W28/><G108/><T68/><D113/><U38/><E38/><V14/><F14/><W6/><G130/><T86/><D128/><U69/><E80/><V45/><F45/><W78/><G78/><T56/><D50/><U93/><E83/><N who="2" m="45543" /><F133/><W30/><G6/><T126/><D126/><U51/><E107/><V49/><F49/><W117/><G42/><T47/><D47/><U124/><E124/><V99/><F99/><W58/><G117/><T21/><D21/><U10/><E23/><V94/><F94/><N who="3" m="54535" /><G71/><T20/><D20/><U16/><REACH who="1" step="1"/><E51/><REACH who="1" ten="221,51,493,225" step="2"/><V1/><F121/><W36/><G36/><T17/><D82/><U87/><E87/><V109/><F109/><W4/><G26/><T115/><D86/><U52/><E52/><V129/><F129/><W53/><G24/><T44/><D85/><U12/><AGARI ba="1,1" hai="7,10,11,12,13,16,54,55,63,65,69,91,93,96" machi="12" ten="20,5200,0" yaku="1,1,0,1,7,1,54,1,53,0" doraHai="34" doraHaiUra="135" who="1" fromWho="1" sc="221,-27,51,65,493,-14,225,-14" /><INIT seed="5,0,0,0,2,71" ten="194,116,479,211" oya="1" hai0="47,107,102,13,104,51,27,109,98,21,36,125,92" hai1="131,34,81,28,88,101,12,20,85,94,113,9,95" hai2="41,40,111,57,49,64,10,87,91,93,124,29,0" hai3="89,3,86,63,132,108,58,30,80,33,4,61,128"/><U116/><E34/><V55/><F111/><W79/><G128/><T66/><D109/><U46/><E116/><V5/><F124/><W52/><G132/><T38/><D125/><U7/><E131/><V19/><F29/><W100/><G108/><T74/><D74/><U84/><E113/><V15/><F64/><W45/><G45/><T119/><D119/><U97/><E46/><V82/><F82/><W117/><G117/><T43/><D66/><U105/><REACH who="1" step="1"/><E84/><REACH who="1" ten="194,106,479,211" step="2"/><V126/><F126/><W112/><G86/><T120/><D120/><U115/><E115/><V69/><F69/><W6/><G112/><T68/><D68/><U22/><E22/><AGARI ba="0,1" hai="0,5,10,15,19,22,40,41,49,55,57,87,91,93" machi="22" ten="30,3900,0" yaku="7,1,25,2" doraHai="71" who="2" fromWho="1" sc="194,0,106,-39,479,49,211,0" /><INIT seed="6,0,0,3,4,106" ten="194,67,528,211" oya="2" hai0="8,109,96,40,14,9,51,100,122,43,60,53,68" hai1="95,5,15,131,27,3,92,18,65,62,58,113,70" hai2="61,25,74,72,67,38,90,85,110,52,59,44,10" hai3="121,91,13,50,37,46,112,81,135,119,71,101,7"/><V115/><F110/><W103/><G71/><T133/><D122/><U17/><E131/><V63/><F115/><W73/><G37/><T22/><D109/><U35/><E113/><V87/><F87/><W12/><G112/><T127/><D127/><U116/><E116/><V84/><F84/><W76/><G121/><T26/><D133/><U98/><E70/><V48/><F10/><W42/><G119/><T134/><D134/><U83/><E83/><V124/><F38/><W89/><G135/><T29/><D9/><U132/><E132/><V88/><F124/><W33/><G33/><T105/><D60/><U34/><E95/><V107/><F90/><W120/><G120/><T117/><D68/><U114/><E114/><V54/><F107/><W102/><G7/><T57/><REACH who="0" step="1"/><D117/><REACH who="0" ten="184,67,528,211" step="2"/><U118/><E118/><V129/><F63/><W126/><G126/><T4/><AGARI ba="0,1" hai="4,8,14,22,26,29,40,43,51,53,57,96,100,105" machi="4" ten="20,5200,0" yaku="1,1,2,1,0,1,7,1,53,0" doraHai="106" doraHaiUra="86" who="0" fromWho="0" sc="184,62,67,-13,528,-26,211,-13" /><INIT seed="7,0,0,5,2,8" ten="246,54,502,198" oya="3" hai0="61,121,26,69,77,50,44,39,35,45,84,55,6" hai1="112,97,80,16,27,19,67,62,79,72,57,43,100" hai2="41,101,68,32,60,12,106,0,75,132,114,17,103" hai3="131,90,134,87,120,92,86,37,51,113,38,64,93"/><W13/><G120/><T118/><D118/><U117/><E117/><V21/><F32/><W48/><G134/><T66/><D121/><U83/><E112/><V126/><F0/><W95/><G131/><T24/><D6/><U88/><E43/><V129/><F75/><W1/><G1/><T130/><D35/><U89/><E19/><V63/><F126/><W81/><G113/><T52/><D130/><U73/><E73/><V96/><F114/><W20/><G38/><T14/><D14/><U56/><E56/><V128/><F68/><W53/><G37/><T40/><D55/><U116/><E83/><V125/><F125/><W33/><G33/><T119/><D119/><U122/><E122/><V31/><F31/><W91/><G64/><T10/><D10/><U127/><E127/><V102/><F132/><W58/><G48/><T76/><D77/><U54/><E67/><V28/><F106/><W99/><G99/><T115/><D115/><U11/><E116/><V36/><F96/><W30/><G30/><T108/><D108/><U74/><E74/><V9/><F128/><W4/><G4/><T3/><D3/><U7/><E7/><V82/><F129/><W123/><G123/><T25/><D76/><U78/><E78/><V59/><F28/><W23/><G23/><T105/><D105/><U71/><E71/><V85/><F21/><W22/><G22/><T124/><D124/><U110/><E110/><V42/><F36/><W18/><AGARI ba="0,0" hai="13,18,20,51,53,58,81,86,87,90,91,92,93,95" machi="18" ten="30,12000,1" yaku="0,1,25,2,8,1,52,1" doraHai="8" who="3" fromWho="3" sc="246,-40,54,-40,502,-40,198,120" /><INIT seed="7,1,0,2,2,80" ten="206,14,462,318" oya="3" hai0="13,43,122,78,116,59,0,6,112,113,131,57,127" hai1="77,48,92,15,38,44,10,124,65,90,86,45,7" hai2="97,23,132,49,52,4,53,87,20,85,129,120,89" hai3="123,16,130,1,2,17,100,135,36,14,40,26,105"/><W41/><G36/><T102/><D122/><U101/><E124/><V70/><F70/><W83/><G100/><T33/><D33/><U119/><E119/><V29/><F129/><W12/><G83/><T51/><D127/><U47/><E38/><V46/><F132/><W115/><G105/><T11/><D131/><U71/><E101/><V22/><F29/><W67/><G67/><T66/><D102/><U63/><E77/><V76/><F120/><W55/><G130/><T91/><D78/><U18/><E48/><V60/><F4/><W104/><G104/><T95/><D116/><U94/><E7/><V133/><F133/><W79/><G79/><T37/><D37/><U93/><E47/><V121/><F121/><W99/><G99/><T110/><D110/><U111/><E45/><V19/><F19/><W126/><G135/><T84/><D0/><U9/><E44/><V62/><F53/><W68/><G68/><T32/><D32/><U64/><E64/><V24/><F24/><W74/><G126/><T98/><D98/><U50/><E50/><V81/><F97/><W125/><G125/><T72/><D72/><U82/><E111/><V5/><F5/><W42/><G74/><T34/><D34/><U114/><E114/><N who="0" m="44137" /><D66/><U73/><E10/><V54/><F54/><W103/><G115/><T25/><D25/><U69/><E69/><V58/><F58/><N who="0" m="22026" /><D51/><U96/><E73/><V134/><F134/><W3/><G103/><T107/><D107/><U35/><E93/><AGARI ba="1,0" hai="20,22,23,46,49,52,60,62,76,81,85,87,89,93" machi="93" ten="40,8000,1" yaku="8,1,52,2,54,1" doraHai="80" who="2" fromWho="1" sc="206,0,14,-83,462,83,318,0" owari="206,-19.0,-69,-57.0,545,64.0,318,12.0" /></mjloggm>