<mjloggm ver="2.3"><GO type="169" lobby="0"/><UN n0="%E3%81%88%E3%82%80%E8%94%B5" n1="%E5%8C%97%E5%8D%8A%E7%90%83" n2="%49%63%68%69%67%65%6B%69" n3="%E3%81%8D%E3%81%A3%E3%81%8F%E3%82%93" dan="17,16,18,17" rate="2201.50,2028.81,2250.05,2208.53" sx="F,F,M,M"/><TAIKYOKU oya="0"/><INIT seed="0,0,0,3,2,88" ten="250,250,250,250" oya="0" hai0="3,11,38,73,65,116,102,77,66,135,23,90,79" hai1="32,12,134,98,89,58,91,67,17,44,96,47,8" hai2="75,83,93,21,127,41,85,14,115,109,99,69,57" hai3="40,25,124,104,107,63,121,128,10,100,78,56,42"/><T37/><D116/><U55/><E32/><V2/><F2/><W27/><G124/><T5/><D102/><U123/><E67/><V18/><F115/><W118/><G118/><T43/><D135/><U7/><E134/><V6/><F69/><W19/><G128/><T101/><D101/><U97/><E123/><V60/><F127/><W103/><G78/><T110/><D79/><U114/><E114/><V31/><F75/><W132/><G132/><T106/><D106/><U4/><E91/><N who="2" m="55743" /><F109/><W125/><G125/><T9/><D110/><U117/><E89/><N who="2" m="51391" /><F41/><N who="3" m="15979" /><G107/><T61/><D38/><U130/><E130/><V74/><F74/><W113/><G104/><T122/><D90/><U131/><E131/><V82/><F82/><W92/><G103/><T95/><D73/><U54/><E117/><V112/><F31/><W51/><G51/><T105/><D105/><U20/><E55/><V72/><F72/><W80/><G80/><T129/><D129/><U50/><REACH who="1" step="1"/><E4/><REACH who="1" ten="250,240,250,250" step="2"/><V64/><F112/><W39/><G121/><T16/><D5/><AGARI ba="0,1" hai="5,6,14,18,21,57,60,64" m="51391,55743" machi="5" ten="30,2000,0" yaku="8,1,52,1" doraHai="88" who="2" fromWho="0" sc="250,-20,240,0,250,30,250,0" /><INIT seed="1,0,0,5,5,38" ten="230,240,280,250" oya="1" hai0="57,96,119,65,83,14,98,0,104,72,133,125,105" hai1="78,77,29,102,62,55,122,116,76,3,8,81,100" hai2="130,7,135,134,99,107,88,13,86,127,71,44,129" hai3="101,128,112,46,93,24,121,87,114,74,35,70,120"/><U94/><E116/><V91/><F71/><W108/><G74/><T60/><D119/><U26/><E122/><V103/><F44/><W61/><G108/><T124/><D0/><U123/><E123/><V131/><F7/><W43/><G128/><T80/><D14/><U54/><E81/><N who="0" m="31305" /><D72/><U6/><E62/><V109/><F13/><W37/><G114/><T16/><D16/><U1/><E1/><V89/><F109/><W36/><G36/><T2/><D2/><U17/><E17/><V75/><F75/><W97/><G87/><T15/><D15/><U110/><E110/><V59/><F59/><W28/><REACH who="3" step="1"/><G112/><REACH who="3" ten="230,240,280,240" step="2"/><T84/><D84/><U67/><E67/><AGARI ba="0,1" hai="24,28,35,37,43,46,61,67,70,93,97,101,120,121" machi="67" ten="40,5200,0" yaku="1,1,2,1,52,1,53,0" doraHai="38" doraHaiUra="132" who="3" fromWho="1" sc="230,0,240,-52,280,0,240,62" /><INIT seed="2,0,0,4,2,75" ten="230,188,280,302" oya="2" hai0="106,11,115,52,85,44,21,125,1,78,117,122,107" hai1="25,109,69,35,33,124,130,29,131,59,60,110,31" hai2="51,91,134,22,8,56,23,129,61,63,77,2,95" hai3="4,0,94,102,88,13,28,81,118,37,133,27,76"/><V46/><F129/><N who="1" m="49161" /><E69/><V80/><F134/><W48/><G37/><T67/><D122/><U119/><E59/><V98/><F2/><W10/><G133/><T105/><D115/><U82/><E82/><V128/><F128/><W97/><G118/><T54/><D117/><U45/><E45/><V50/><F8/><W96/><G48/><T108/><D67/><U5/><E60/><V19/><F63/><W53/><G53/><T84/><D108/><N who="1" m="41579" /><E119/><V87/><F19/><W92/><G0/><T3/><D44/><U83/><E83/><V89/><F91/><W62/><G62/><T73/><D106/><U49/><E49/><N who="2" m="18443" /><F46/><W39/><G39/><T135/><D105/><U57/><E57/><V100/><F100/><W99/><G94/><T14/><D107/><U16/><E124/><V71/><F71/><W55/><G55/><AGARI ba="0,0" hai="22,23,55,56,61,77,80,87,89,95,98" m="18443" machi="55" ten="30,2900,0" yaku="8,1,52,1" doraHai="75" who="2" fromWho="3" sc="230,0,188,0,280,29,302,-29" /><INIT seed="2,1,0,1,2,25" ten="230,188,309,273" oya="2" hai0="129,32,105,10,54,97,20,38,133,77,116,53,113" hai1="65,120,121,33,104,5,102,90,126,45,57,111,0" hai2="29,4,39,135,27,86,41,23,87,64,46,24,67" hai3="118,107,37,106,69,31,71,44,93,49,17,83,112"/><V68/><F135/><W60/><G37/><T8/><D113/><U109/><E45/><V123/><F123/><N who="1" m="47177" /><E90/><V14/><F68/><W79/><G118/><T3/><D32/><U21/><E33/><V128/><F27/><W50/><G112/><T74/><D133/><U81/><E81/><V42/><F128/><W108/><G108/><N who="1" m="41546" /><E126/><V66/><REACH who="2" step="1"/><F42/><REACH who="2" ten="230,188,299,273" step="2"/><W91/><G71/><T36/><D129/><U18/><E57/><V101/><F101/><W13/><G69/><T134/><D134/><U114/><E114/><V130/><F130/><W103/><G103/><T9/><D116/><U43/><E102/><V100/><F100/><W28/><G106/><T51/><D105/><U22/><E104/><V70/><F70/><W62/><G107/><T73/><D3/><U82/><E43/><V16/><F16/><W61/><G17/><T94/><D38/><U56/><E18/><V88/><F88/><W59/><G13/><T52/><D36/><U12/><E0/><V99/><F99/><W80/><G79/><T34/><D77/><U35/><E56/><V119/><F119/><W122/><G59/><T11/><D97/><U92/><E65/><V7/><F7/><W75/><G122/><T55/><D51/><U2/><E2/><V89/><F89/><W76/><G50/><T127/><D127/><U63/><E5/><V30/><F30/><W85/><REACH who="3" step="1"/><G83/><REACH who="3" ten="230,188,299,263" step="2"/><T124/><D124/><U117/><E82/><V6/><F6/><W40/><AGARI ba="1,2" hai="28,31,40,44,49,60,61,62,75,76,80,85,91,93" machi="40" ten="30,8000,1" yaku="1,1,2,1,0,1,52,2,53,0" doraHai="25" doraHaiUra="96" who="3" fromWho="3" sc="230,-21,188,-21,299,-41,263,103" /><INIT seed="3,0,0,0,5,45" ten="209,167,258,366" oya="3" hai0="135,52,35,128,14,34,84,8,69,80,90,25,63" hai1="122,24,54,31,132,83,13,124,27,42,11,91,113" hai2="12,53,5,6,134,133,92,4,115,59,110,36,20" hai3="7,43,130,1,67,15,111,55,66,107,50,86,102"/><W29/><G1/><T106/><D128/><U3/><E113/><V82/><F36/><W60/><G43/><T109/><D109/><U68/><E122/><V56/><F110/><W47/><G130/><T2/><D2/><U126/><E68/><V62/><F115/><W131/><G29/><T40/><D135/><N who="2" m="51722" /><F82/><W93/><G107/><T61/><D106/><U78/><E3/><V65/><F92/><W105/><G105/><T16/><D69/><U112/><E112/><V95/><F95/><W76/><G111/><T44/><D25/><U51/><E42/><V100/><F100/><W119/><G119/><T22/><D22/><U64/><E64/><V118/><F118/><W101/><G131/><T74/><D74/><U129/><E129/><V77/><F77/><W38/><G38/><T17/><D17/><U117/><E117/><V46/><F46/><W28/><G28/><T85/><D85/><U32/><E27/><V9/><F20/><W120/><G120/><T75/><D75/><U10/><E91/><V41/><F41/><W58/><G66/><T72/><D72/><U57/><E132/><V49/><AGARI ba="0,0" hai="4,5,6,9,12,49,53,56,59,62,65" m="51722" machi="49" ten="30,2000,0" yaku="20,1,52,1" doraHai="45" who="2" fromWho="2" sc="209,-5,167,-5,258,20,366,-10" /><INIT seed="4,0,0,5,3,134" ten="204,162,278,356" oya="0" hai0="53,64,128,119,84,71,88,26,103,27,50,65,94" hai1="98,63,74,55,2,20,78,21,38,95,36,17,73" hai2="61,91,35,4,112,130,121,92,44,31,22,104,57" hai3="114,6,126,3,0,67,28,133,89,90,58,79,33"/><T1/><D119/><U66/><E2/><V47/><F121/><W5/><G114/><T9/><D128/><U102/><E21/><V127/><F104/><W72/><G133/><T109/><D109/><U51/><E38/><V12/><F35/><W7/><G89/><T99/><D1/><U8/><E8/><V56/><F112/><W52/><G67/><N who="0" m="25675" /><D71/><U131/><E36/><V59/><F130/><W116/><G116/><T48/><D9/><U14/><E131/><V19/><F31/><W123/><G123/><T108/><D108/><U16/><E17/><V80/><F4/><W107/><G107/><T39/><D39/><U40/><E40/><V105/><F105/><W34/><G28/><T49/><D53/><U30/><E30/><V132/><F132/><W32/><G79/><T96/><D96/><U120/><E78/><V97/><F127/><W69/><G126/><T111/><D111/><U45/><REACH who="1" step="1"/><E120/><REACH who="1" ten="204,152,278,356" step="2"/><V129/><F129/><W41/><G41/><T93/><AGARI ba="0,1" hai="26,27,48,49,50,84,88,93,94,99,103" m="25675" machi="93" ten="30,3000,0" yaku="8,1,54,1" doraHai="134" who="0" fromWho="0" sc="204,40,152,-10,278,-10,356,-10" /><INIT seed="4,1,0,5,1,94" ten="244,142,268,346" oya="0" hai0="42,34,128,95,78,74,37,54,41,107,92,69,96" hai1="89,131,29,129,64,10,123,106,4,55,18,14,109" hai2="17,1,48,62,15,27,99,135,39,88,100,111,85" hai3="9,90,19,116,13,20,121,63,118,73,132,93,72"/><T52/><D69/><U28/><E109/><V122/><F111/><W120/><G132/><T49/><D34/><U87/><E64/><V84/><F39/><W67/><G9/><T82/><D128/><U40/><E40/><V47/><F1/><W130/><G130/><N who="1" m="49674" /><E106/><V117/><F122/><N who="3" m="47211" /><G63/><T45/><D107/><U8/><E55/><V134/><F117/><N who="3" m="45163" /><G67/><T46/><REACH who="0" step="1"/><D95/><REACH who="0" ten="234,142,268,346" step="2"/><N who="1" m="54719" /><E123/><V56/><F135/><W26/><G93/><T11/><D11/><U110/><E110/><V114/><F134/><W112/><G112/><T70/><D70/><U22/><E10/><V108/><F114/><W23/><G20/><T83/><D83/><U24/><AGARI ba="1,1" hai="4,8,14,18,22,24,28,29" m="54719,49674" machi="24" ten="30,1100,0" yaku="19,1" doraHai="94" who="1" fromWho="1" sc="234,-6,142,24,268,-4,346,-4" /><INIT seed="5,0,0,3,5,56" ten="228,166,264,342" oya="1" hai0="46,134,30,50,58,94,100,81,33,74,24,70,125" hai1="26,109,104,85,53,126,133,0,131,108,120,78,124" hai2="96,1,10,43,72,12,87,40,60,20,82,5,127" hai3="99,89,114,113,95,15,21,88,32,37,92,90,132"/><U135/><E0/><V67/><F127/><N who="1" m="48681" /><E26/><V129/><F129/><W62/><G32/><T38/><D125/><U111/><E131/><V66/><F72/><W2/><G2/><T63/><D134/><N who="1" m="51211" /><E53/><V29/><F96/><W86/><G37/><T118/><D118/><U73/><E120/><V48/><F48/><W35/><G132/><T59/><D38/><U117/><E117/><V19/><F67/><W52/><G35/><T122/><D122/><U116/><E116/><V4/><F4/><W105/><G105/><T54/><D24/><U47/><E47/><V45/><F45/><W102/><G15/><T18/><D33/><U71/><E71/><V107/><F29/><W22/><G22/><T119/><D30/><U64/><E64/><V69/><F107/><W6/><G21/><T103/><D54/><U14/><E14/><V3/><REACH who="2" step="1"/><F1/><REACH who="2" ten="228,166,254,342" step="2"/><W11/><G6/><T61/><D46/><U7/><E7/><V42/><F42/><W98/><G98/><T112/><D119/><U101/><E73/><V106/><F106/><W77/><G99/><T79/><D74/><U8/><E8/><V36/><F36/><W51/><G11/><T17/><D17/><U130/><E130/><V97/><F97/><W55/><G51/><T16/><D50/><U84/><E78/><AGARI ba="0,1" hai="3,5,10,12,19,20,40,43,60,66,69,78,82,87" machi="78" ten="30,7700,0" yaku="1,1,7,1,52,1,53,1" doraHai="56" doraHaiUra="13" who="2" fromWho="1" sc="228,0,166,-77,254,87,342,0" /><INIT seed="6,0,0,2,4,67" ten="228,89,341,342" oya="2" hai0="52,66,31,123,113,27,102,73,93,25,51,2,13" hai1="97,80,96,85,5,40,19,77,130,124,9,91,106" hai2="16,11,128,18,129,101,105,55,79,125,92,110,3" hai3="34,108,74,76,36,109,12,126,53,4,78,0,134"/><V83/><F125/><W59/><G0/><T68/><D2/><U131/><E40/><V23/><F105/><W29/><G36/><T133/><D123/><U49/><E49/><V70/><F110/><W116/><G116/><T57/><D73/><U75/><E19/><V114/><F114/><W135/><G126/><T98/><D113/><U37/><E37/><V43/><F43/><W62/><G29/><T54/><D133/><N who="3" m="50697" /><G34/><T15/><D27/><U115/><E9/><V48/><F70/><W50/><G50/><T103/><D103/><U47/><E47/><V90/><F101/><W60/><G60/><T104/><D104/><U41/><E41/><V14/><F3/><W94/><G94/><T119/><D119/><U63/><E63/><V71/><F71/><W30/><G30/><T95/><D95/><U121/><E5/><V56/><F18/><W24/><G24/><T117/><D117/><U65/><E65/><V127/><F127/><W28/><G28/><T99/><D99/><U46/><E46/><V26/><F26/><W35/><G35/><T87/><D87/><U64/><E64/><V45/><F45/><W120/><G120/><T84/><D84/><U1/><E1/><V39/><F39/><W33/><G33/><N who="0" m="20719" /><D54/><U81/><E124/><V82/><F11/><N who="3" m="4199" /><G74/><T69/><D69/><U42/><E42/><V7/><F7/><W107/><G107/><T61/><D93/><U100/><E121/><V22/><F22/><W17/><G17/><T112/><D112/><U21/><E115/><V86/><F92/><W132/><N who="3" m="50705" /><W58/><DORA hai="20" /><G58/><RYUUKYOKU ba="0,0" sc="228,10,89,-30,341,10,342,10" hai0="13,15,51,52,57,61,66,68,98,102" hai2="14,16,23,48,55,56,79,82,83,86,90,128,129" hai3="53,59,62,76,78,108,109" /><INIT seed="6,1,0,4,3,86" ten="238,59,351,352" oya="2" hai0="99,8,96,57,118,88,135,32,41,100,58,129,102" hai1="83,9,81,14,21,63,39,126,108,1,29,65,74" hai2="20,47,89,124,13,59,114,91,67,101,60,85,71" hai3="75,77,120,2,70,87,78,93,36,125,54,34,25"/><V133/><F114/><W73/><G70/><T23/><D32/><U110/><E39/><V45/><F124/><W82/><G2/><T42/><D129/><U55/><E55/><V6/><F133/><W128/><G36/><T48/><D135/><U119/><E119/><V64/><F101/><N who="0" m="39018" /><D8/><U16/><E126/><V113/><F113/><W104/><G104/><T0/><D0/><U18/><E74/><V40/><F85/><W17/><G125/><T31/><D118/><U92/><E92/><V134/><F134/><W28/><G120/><T37/><D37/><U72/><E72/><V11/><F40/><W109/><G109/><T53/><D58/><U90/><E83/><V62/><REACH who="2" step="1"/><F20/><REACH who="2" ten="238,59,341,352" step="2"/><N who="3" m="13455" /><G87/><T7/><D23/><U131/><E131/><V105/><F105/><W130/><G75/><T24/><D42/><U12/><E110/><V5/><F5/><W50/><G73/><T69/><D7/><U49/><E108/><V94/><F94/><W15/><G34/><T84/><D41/><U115/><E115/><V132/><F132/><W38/><G130/><T117/><D117/><U106/><E106/><V103/><F103/><W80/><G128/><T97/><D97/><U46/><E21/><V123/><F123/><W95/><G38/><T44/><D99/><U56/><E1/><V127/><F127/><W4/><G95/><T52/><D96/><U68/><E81/><V98/><F98/><W27/><G93/><T66/><D84/><U107/><E107/><V33/><F33/><N who="3" m="20639" /><G82/><T112/><D112/><U22/><E22/><V30/><F30/><W51/><G80/><RYUUKYOKU ba="1,1" sc="238,-10,59,-10,341,30,352,-10" hai2="6,11,13,45,47,59,60,62,64,67,71,89,91" /><INIT seed="6,2,1,3,4,23" ten="228,49,371,342" oya="2" hai0="3,80,92,131,40,10,20,125,50,11,79,76,129" hai1="55,133,83,104,106,114,21,53,59,118,110,91,8" hai2="97,128,18,70,123,25,5,96,13,127,73,9,98" hai3="107,69,19,72,124,28,130,112,44,41,71,122,29"/><V103/><F123/><W120/><G107/><T31/><D125/><U30/><E110/><V65/><F73/><W100/><G112/><T36/><D50/><U12/><E114/><V63/><F127/><W117/><G117/><T47/><D92/><U61/><E133/><V17/><F128/><N who="0" m="49226" /><D3/><U94/><E118/><V56/><F70/><W15/><G124/><T66/><D66/><U74/><E74/><V116/><F116/><W16/><G130/><T88/><D79/><U42/><E42/><V52/><F65/><W57/><G57/><T126/><D126/><U87/><E106/><V75/><F75/><W134/><G72/><N who="0" m="43015" /><D88/><U7/><E104/><V105/><F105/><W14/><G100/><T99/><D99/><U39/><E39/><V60/><F60/><W35/><G41/><T132/><D132/><U84/><E55/><V93/><F5/><W46/><REACH who="3" step="1"/><G35/><REACH who="3" ten="228,49,371,332" step="2"/><T24/><AGARI ba="2,2" hai="10,11,20,24,31,36,40,47" m="43015,49226" machi="24" ten="30,2000,0" yaku="19,1,52,1" doraHai="23" who="0" fromWho="0" sc="228,46,49,-7,371,-12,332,-7" /><INIT seed="7,0,0,2,4,38" ten="274,42,359,325" oya="3" hai0="49,91,40,30,62,82,126,46,87,36,93,97,0" hai1="73,21,67,110,32,125,81,78,72,114,120,133,68" hai2="56,90,37,131,53,52,89,4,71,117,130,35,128" hai3="54,51,77,104,84,41,19,76,24,26,14,83,34"/><W85/><G104/><T75/><D126/><U101/><E21/><V69/><F117/><W27/><G34/><T43/><D0/><U18/><E81/><V113/><F37/><W135/><G135/><T116/><D116/><U109/><E78/><V58/><F113/><W50/><G84/><T2/><D2/><U9/><E18/><V22/><F35/><W16/><G77/><T105/><D30/><U64/><E9/><V11/><F22/><W28/><G28/><T94/><D75/><U95/><E95/><V29/><F29/><W42/><G51/><T3/><D3/><U10/><E10/><V134/><F134/><W102/><G102/><T31/><D31/><U119/><E67/><V6/><F11/><N who="3" m="6239" /><G19/><T25/><D25/><U13/><E13/><V79/><F128/><W132/><G132/><T123/><D123/><U86/><E86/><V92/><F79/><W118/><G118/><T57/><D105/><U55/><E101/><V70/><F70/><W108/><G108/><T59/><D93/><AGARI ba="0,0" hai="4,6,52,53,56,58,69,71,89,90,92,93,130,131" machi="93" ten="25,3200,0" yaku="22,2,54,1" doraHai="38" who="2" fromWho="0" sc="274,-32,42,0,359,32,325,0" owari="242,-16.0,42,-46.0,391,49.0,325,13.0" /></mjloggm>