<mjloggm ver="2.3"><GO type="169" lobby="0"/><UN n0="%E9%9D%99%E6%B5%81%EF%BC%A0%E3%82%B5%E3%83%B3%E3%83%9E" n1="%E3%81%82%E3%81%84%E3%81%82%E3%81%8A%E3%81%84" n2="%74%61%63%6F%73" n3="%50%61%65%6C%6C%61" dan="16,19,17,16" rate="2182.41,2238.01,2110.00,2093.35" sx="F,M,M,M"/><TAIKYOKU oya="0"/><INIT seed="0,0,0,2,4,71" ten="250,250,250,250" oya="0" hai0="18,115,6,134,102,85,104,126,27,123,17,61,82" hai1="68,97,130,3,79,112,24,128,64,86,51,81,26" hai2="37,69,67,20,2,118,111,44,1,53,84,78,95" hai3="15,89,33,108,30,39,92,48,41,76,46,77,113"/><T90/><D123/><U57/><E3/><V96/><F111/><W131/><G108/><T45/><D115/><U114/><E68/><V88/><F118/><W32/><G131/><N who="1" m="50218" /><E97/><V11/><F20/><W120/><G120/><T72/><D126/><U60/><E51/><V132/><F132/><W23/><G113/><AGARI ba="0,0" hai="24,26,57,60,64,79,81,86,112,113,114" m="50218" machi="113" ten="30,2000,0" yaku="11,1,19,1" doraHai="71" who="1" fromWho="3" sc="250,0,250,20,250,0,250,-20" /><INIT seed="1,0,0,1,0,16" ten="250,270,250,230" oya="1" hai0="121,113,128,120,33,21,63,122,86,17,132,1,25" hai1="51,76,37,4,117,106,114,19,43,54,97,58,81" hai2="47,102,29,72,41,67,40,27,50,5,3,112,124" hai3="10,107,96,6,8,69,9,110,123,74,109,71,89"/><U94/><E117/><V48/><F72/><W99/><G89/><T127/><D113/><U129/><E114/><V11/><F124/><W88/><G88/><T90/><D127/><U92/><E129/><V125/><F125/><W59/><G74/><T23/><D128/><U116/><E116/><V79/><F112/><W134/><G134/><T70/><D1/><U66/><E4/><V49/><F67/><W75/><G75/><T14/><D132/><U60/><E106/><V26/><F79/><W118/><G59/><T108/><D108/><N who="3" m="41577" /><G107/><T18/><D33/><U133/><E133/><V98/><F41/><W73/><G73/><T115/><D115/><U85/><E97/><N who="3" m="37450" /><G123/><T38/><D38/><U87/><E87/><V2/><F2/><W100/><G100/><T20/><D63/><U42/><E19/><V57/><F57/><W28/><G118/><T68/><D21/><U0/><E0/><V44/><F47/><W45/><G45/><T61/><D61/><U32/><E32/><V31/><F44/><W24/><G6/><T91/><D91/><U135/><E135/><V101/><F102/><W111/><N who="3" m="41585" /><W35/><AGARI ba="0,0" hai="8,9,10,24,28,35,69,71" m="37450,41585" machi="35" ten="50,3200,0" yaku="4,1,14,1" doraHai="16" who="3" fromWho="3" sc="250,-8,270,-16,250,-8,230,32" /><INIT seed="2,0,0,0,3,33" ten="242,254,242,262" oya="2" hai0="88,82,4,77,131,92,46,106,121,25,26,47,51" hai1="1,28,17,35,93,101,104,119,52,60,111,115,38" hai2="122,70,43,112,44,50,78,76,129,54,130,85,45" hai3="68,100,12,11,123,8,49,71,62,31,23,120,125"/><V14/><F70/><W13/><G125/><T64/><D106/><U99/><E38/><V118/><F118/><W56/><G100/><T10/><D121/><U21/><E119/><V117/><F117/><W16/><G49/><T27/><D131/><N who="2" m="50186" /><F122/><W73/><G73/><T107/><D107/><U61/><E115/><V79/><F112/><W90/><G31/><T0/><D64/><U20/><E35/><V63/><F14/><W6/><G23/><T132/><D132/><U41/><E41/><V103/><F103/><W34/><G34/><T24/><D24/><N who="1" m="16399" /><E1/><V105/><F105/><W126/><G126/><T96/><REACH who="0" step="1"/><D51/><REACH who="0" ten="232,254,242,262" step="2"/><U59/><E104/><V135/><F135/><W57/><G120/><T80/><D80/><U9/><E111/><V84/><F63/><W128/><G123/><T15/><D15/><N who="1" m="9279" /><E61/><V67/><F67/><W81/><G128/><T89/><D89/><U87/><E9/><V29/><F29/><W36/><G36/><AGARI ba="0,1" hai="36,43,44,45,50,54,76,78,79,84,85" m="50186" machi="36" ten="30,1500,0" yaku="19,1" doraHai="33" who="2" fromWho="3" sc="232,0,254,0,242,25,262,-15" /><INIT seed="2,1,0,2,3,69" ten="232,254,267,247" oya="2" hai0="39,48,132,38,63,97,83,57,76,80,123,104,35" hai1="42,128,131,7,37,111,0,113,78,14,130,134,65" hai2="32,100,36,133,103,28,45,41,114,22,40,34,2" hai3="49,85,75,62,20,59,66,13,26,9,55,46,16"/><V54/><F2/><W88/><G75/><T29/><D123/><U91/><E78/><V93/><F114/><W19/><G26/><N who="0" m="18871" /><D48/><U90/><E113/><V82/><F133/><W44/><G20/><T120/><D57/><U77/><E134/><V101/><F41/><W24/><G24/><T119/><D83/><U127/><E65/><V64/><F64/><W108/><G108/><T30/><D30/><U107/><E107/><V33/><F82/><N who="3" m="49207" /><G19/><T95/><D95/><U79/><E111/><V124/><F54/><W47/><AGARI ba="1,0" hai="9,13,16,44,46,47,49,55,59,62,66" m="49207" machi="47" ten="30,7900,0" yaku="25,1,8,1,54,2" doraHai="69" who="3" fromWho="3" sc="232,-21,254,-21,267,-40,247,82" /><INIT seed="3,0,0,3,5,48" ten="211,233,227,329" oya="3" hai0="116,103,27,74,84,12,123,24,32,117,65,7,15" hai1="122,107,17,125,36,23,3,93,112,37,22,45,51" hai2="119,131,61,11,28,29,2,33,87,80,99,105,67" hai3="42,54,19,114,46,44,21,41,110,101,9,16,134"/><W39/><G114/><T66/><D74/><U109/><E107/><V14/><F119/><W130/><G130/><T47/><D103/><U38/><E3/><V49/><F2/><W5/><G134/><T62/><D123/><U52/><E122/><V106/><F131/><W64/><G64/><T20/><D32/><U43/><E112/><V0/><F0/><W113/><G113/><T6/><D47/><U75/><E75/><V31/><F99/><W57/><G110/><T69/><D84/><U79/><E79/><V70/><F49/><W96/><G21/><T92/><D20/><U63/><E109/><V55/><F55/><W91/><G91/><T104/><D92/><U10/><E125/><V73/><F73/><W59/><G59/><T108/><D108/><U56/><REACH who="1" step="1"/><E93/><REACH who="1" ten="211,223,227,329" step="2"/><V13/><F105/><W120/><G120/><T68/><D104/><U132/><E132/><V102/><F106/><W25/><G41/><T129/><D129/><U34/><E34/><V118/><F33/><W35/><G42/><T100/><D100/><U95/><E95/><V89/><F102/><W26/><G35/><T126/><REACH who="0" step="1"/><D62/><REACH who="0" ten="201,223,227,329" step="2"/><U133/><E133/><V58/><F61/><W111/><G101/><T88/><D88/><U85/><E85/><V30/><F89/><W127/><G111/><T81/><D81/><U124/><E124/><AGARI ba="0,2" hai="6,7,12,15,24,27,65,66,68,69,116,117,124,126" machi="124" ten="25,3200,0" yaku="1,1,22,2,53,0" doraHai="48" doraHaiUra="128" who="0" fromWho="1" sc="201,52,223,-32,227,0,329,0" /><INIT seed="4,0,0,5,3,40" ten="253,191,227,329" oya="0" hai0="49,128,112,100,24,11,12,34,59,23,15,88,89" hai1="54,96,3,70,102,68,134,55,60,64,57,78,31" hai2="86,90,108,92,48,117,6,0,47,135,4,116,66" hai3="32,133,132,17,109,46,63,121,9,94,36,129,19"/><T105/><D112/><U65/><E3/><V125/><F108/><W124/><G109/><T25/><D34/><U111/><E78/><V83/><F125/><W27/><G124/><T71/><D71/><N who="1" m="27179" /><E31/><V107/><F107/><W84/><G129/><T82/><D128/><U115/><E96/><V118/><F135/><W95/><G63/><T81/><D105/><U93/><E93/><V61/><F83/><W37/><G9/><T67/><D100/><U26/><E26/><V18/><F18/><W45/><G84/><T87/><D23/><U114/><E102/><V97/><F97/><W13/><G13/><T44/><D15/><U77/><E77/><V76/><F76/><W98/><G98/><T101/><D101/><U33/><E33/><V62/><F0/><W58/><G58/><T130/><D130/><U79/><E79/><V80/><F80/><W14/><G14/><T85/><D59/><N who="1" m="34943" /><E111/><V69/><REACH who="2" step="1"/><F62/><REACH who="2" ten="253,191,217,329" step="2"/><W42/><G17/><N who="0" m="8351" /><D67/><N who="1" m="25675" /><E134/><V28/><F28/><W74/><G19/><T43/><AGARI ba="0,1" hai="24,25,43,44,49,81,82,85,87,88,89" m="8351" machi="43" ten="30,6000,0" yaku="8,1,52,1,54,1" doraHai="40" who="0" fromWho="0" sc="253,70,191,-20,217,-20,329,-20" /><INIT seed="4,1,0,4,1,1" ten="323,171,197,309" oya="0" hai0="108,21,4,15,109,3,20,60,84,77,80,86,29" hai1="89,98,83,13,104,115,135,96,39,66,48,53,126" hai2="92,106,90,42,73,133,87,38,16,44,0,69,119" hai3="65,30,9,116,102,37,76,85,129,114,49,12,72"/><T6/><D3/><U47/><E135/><V35/><F106/><W130/><G116/><T128/><D128/><N who="3" m="49257" /><G114/><T54/><D29/><U75/><E126/><V124/><F73/><W100/><G37/><T61/><D54/><U74/><E39/><V78/><F69/><W99/><G30/><T68/><D68/><U110/><E110/><N who="0" m="42601" /><D86/><U18/><E66/><V70/><F0/><W25/><G25/><T107/><D107/><U117/><E117/><V27/><F70/><W122/><G122/><T64/><D64/><U132/><E132/><V55/><F133/><W52/><G65/><T22/><D15/><U121/><E121/><V36/><F119/><W32/><G32/><T40/><D40/><U51/><E51/><V58/><F35/><W63/><G63/><AGARI ba="1,0" hai="4,6,20,21,22,60,61,63,77,80,84" m="42601" machi="63" ten="30,5800,0" yaku="10,1,52,2" doraHai="1" who="0" fromWho="3" sc="323,61,171,0,197,0,309,-61" /><INIT seed="4,2,0,1,2,89" ten="384,171,197,248" oya="0" hai0="111,91,16,129,80,78,40,82,50,1,77,42,122" hai1="84,125,6,113,52,74,105,48,31,64,37,47,51" hai2="3,100,65,63,19,14,120,60,81,115,0,32,69" hai3="112,86,126,76,4,25,121,8,41,34,114,134,17"/><T13/><D1/><U7/><E105/><V55/><F120/><W18/><G41/><T131/><D122/><U127/><E37/><V88/><F32/><W75/><G75/><T11/><D111/><U23/><E74/><V29/><F29/><N who="3" m="19759" /><G76/><T119/><D119/><U33/><E33/><V27/><F27/><W24/><G86/><T43/><D50/><U26/><E64/><V66/><F100/><W96/><G96/><T83/><REACH who="0" step="1"/><D91/><REACH who="0" ten="374,171,197,248" step="2"/><U35/><E51/><V107/><F0/><N who="3" m="7" /><G121/><T135/><D135/><U22/><E48/><V15/><F3/><W85/><G134/><T56/><D56/><U103/><E47/><V123/><F123/><W59/><G59/><T2/><D2/><U58/><E58/><V109/><F88/><W130/><G114/><T49/><D49/><U97/><E113/><V45/><F115/><W46/><G112/><T71/><D71/><U87/><E103/><V132/><F45/><W106/><G46/><T53/><D53/><U44/><E52/><V101/><F132/><W36/><G36/><T54/><D54/><U38/><E44/><V94/><F55/><W98/><G126/><T62/><D62/><U118/><E38/><V92/><F109/><W57/><G57/><T90/><D90/><U12/><E125/><V61/><F69/><W108/><G108/><T133/><D133/><U102/><E102/><V95/><F61/><W28/><G98/><T117/><D117/><U79/><E127/><V128/><F63/><W104/><G130/><AGARI ba="2,1" hai="11,13,16,40,42,43,77,78,80,82,83,129,130,131" machi="130" ten="50,12000,1" yaku="1,1,19,1,54,1,53,1" doraHai="89" doraHaiUra="10" who="0" fromWho="3" sc="374,136,171,0,197,0,248,-126" /><INIT seed="4,3,0,4,1,91" ten="510,171,197,122" oya="0" hai0="125,72,89,8,82,107,113,105,54,62,43,60,5" hai1="18,90,27,101,26,96,114,133,1,29,68,33,58" hai2="42,120,0,92,126,87,16,124,122,127,24,36,85" hai3="59,51,75,102,130,81,28,40,30,69,38,73,64"/><T74/><D54/><U76/><E68/><V61/><F0/><W88/><G130/><T111/><D60/><U93/><E1/><V131/><F131/><W134/><G134/><T12/><D62/><U9/><E133/><V129/><F129/><W118/><G118/><T11/><D43/><U35/><E76/><V71/><F42/><W83/><G102/><T13/><D89/><U4/><E114/><V67/><F36/><W103/><G103/><T119/><D82/><U50/><E4/><V115/><F115/><W84/><G69/><T108/><D5/><U41/><E9/><V95/><F87/><W44/><G64/><T116/><D113/><U46/><E58/><V49/><F49/><W97/><G97/><T34/><D34/><U132/><E132/><V63/><F63/><W55/><REACH who="3" step="1"/><G83/><REACH who="3" ten="510,171,197,112" step="2"/><T99/><D99/><U2/><E101/><V39/><F120/><W121/><G121/><T123/><D123/><U128/><E128/><V45/><F122/><W15/><G15/><T52/><D119/><U65/><E65/><V86/><F124/><W94/><G94/><N who="2" m="35881" /><F127/><W57/><G57/><T22/><D125/><U98/><E2/><V7/><F126/><W112/><G112/><T104/><D116/><U37/><E98/><V10/><F71/><W110/><G110/><T77/><D108/><U47/><E96/><V32/><F67/><W3/><G3/><T106/><D111/><U80/><E80/><V66/><F66/><W56/><G56/><T6/><D105/><U79/><E93/><V48/><F45/><W23/><G23/><T53/><D106/><RYUUKYOKU ba="3,1" sc="510,-10,171,-10,197,-10,112,30" hai3="28,30,38,40,44,51,55,59,73,75,81,84,88" /><INIT seed="5,4,1,5,3,128" ten="500,161,187,142" oya="1" hai0="39,23,132,62,67,61,12,89,82,83,7,43,129" hai1="124,4,130,110,112,69,122,135,50,28,58,96,9" hai2="47,88,131,134,37,11,33,18,71,64,81,121,6" hai3="46,104,101,84,70,113,125,107,0,93,108,25,86"/><U120/><E69/><V123/><F131/><W72/><G108/><T102/><D102/><U76/><E130/><V45/><F18/><W10/><G125/><T32/><D62/><U54/><E124/><V99/><F33/><W80/><G70/><T119/><D7/><U127/><E127/><V56/><F71/><W20/><G113/><T105/><D43/><U59/><E112/><V77/><F37/><W68/><G68/><T8/><D61/><U111/><E28/><V118/><F118/><W40/><G86/><T75/><D105/><U60/><E76/><V22/><F22/><W14/><G0/><T117/><D32/><U48/><E96/><V66/><F56/><W21/><G72/><T90/><D75/><U95/><E95/><V103/><F64/><W79/><G93/><T85/><D67/><N who="1" m="39327" /><E9/><V52/><F77/><W15/><G15/><T35/><D8/><U34/><E4/><V49/><F11/><W55/><G55/><T31/><D31/><U53/><E34/><V109/><F6/><N who="3" m="3415" /><G101/><T98/><D35/><U2/><E2/><V42/><F103/><W36/><G20/><T74/><D74/><U92/><E92/><V41/><F121/><W78/><G78/><T126/><D129/><U16/><E16/><V106/><F123/><N who="1" m="47145" /><E111/><V51/><F109/><W115/><G115/><T63/><D126/><U19/><E19/><V1/><F1/><W30/><G36/><T100/><D98/><U91/><E91/><V114/><F106/><W17/><G17/><T13/><D90/><U29/><E110/><V38/><F88/><W65/><G65/><RYUUKYOKU ba="4,1" sc="500,-10,161,-10,187,-10,142,30" hai3="21,25,30,40,46,79,80,84,104,107" /><INIT seed="6,5,1,3,4,99" ten="490,151,177,172" oya="2" hai0="90,114,18,109,77,104,112,11,126,101,131,88,76" hai1="62,71,60,106,69,35,37,67,96,92,120,111,70" hai2="84,91,133,124,135,121,57,78,65,30,23,110,26" hai3="68,31,87,0,22,125,53,39,105,33,86,122,47"/><V66/><F121/><W48/><G122/><T61/><D61/><U8/><E120/><V43/><F110/><W49/><G105/><T59/><D59/><U29/><E37/><V52/><F124/><W102/><G102/><T113/><D126/><U80/><E111/><V103/><F78/><N who="0" m="30314" /><D131/><U132/><E80/><V2/><F2/><W107/><G107/><T24/><D109/><U28/><E132/><N who="2" m="50763" /><F103/><W98/><G98/><N who="0" m="61495" /><D11/><U85/><E85/><V1/><F43/><W74/><G74/><T32/><D18/><U118/><E106/><V40/><F40/><W82/><G39/><T94/><D94/><U50/><E70/><V46/><F46/><W42/><G68/><T100/><D100/><U72/><E92/><N who="2" m="54375" /><F1/><W6/><G33/><T134/><D134/><U44/><E35/><V119/><F119/><W83/><G125/><T128/><D128/><U20/><E118/><V36/><F36/><W75/><G75/><T54/><D54/><U13/><E72/><V117/><F117/><W79/><G0/><T116/><D116/><U89/><E69/><V58/><F58/><W56/><G6/><T16/><D32/><U15/><E44/><V93/><F93/><W130/><G130/><T4/><D114/><U9/><E71/><V123/><F123/><W63/><G82/><T45/><D45/><U7/><E67/><V3/><F3/><W38/><G87/><T55/><D113/><U5/><E50/><AGARI ba="5,1" hai="23,26,30,50,52,57,65,66" m="54375,50763" machi="50" ten="30,2900,0" yaku="20,1,54,1" doraHai="99" who="2" fromWho="1" sc="490,0,151,-44,177,54,172,0" /><INIT seed="6,6,0,4,5,118" ten="490,107,231,172" oya="2" hai0="54,110,128,7,41,91,16,48,59,45,126,99,43" hai1="37,47,36,4,42,88,11,9,3,20,108,117,55" hai2="83,123,114,27,70,76,49,121,82,17,127,51,64" hai3="5,101,115,6,133,46,134,8,103,25,87,120,56"/><V40/><F114/><W124/><G120/><T72/><D72/><U34/><E34/><V30/><F17/><W129/><G129/><T97/><D110/><U95/><E108/><V94/><F127/><W57/><G115/><T109/><D109/><U92/><E117/><V62/><F94/><W74/><G74/><T39/><D128/><U85/><E20/><V10/><F10/><W28/><G124/><T50/><D7/><N who="3" m="2569" /><G8/><T60/><D126/><U84/><E11/><V107/><F107/><W24/><G46/><N who="0" m="25679" /><D39/><U26/><E26/><N who="3" m="10346" /><G87/><T52/><D16/><U0/><E55/><V75/><F82/><W111/><G28/><T86/><D54/><U53/><E53/><V77/><F77/><W102/><G111/><T105/><D105/><U90/><REACH who="1" step="1"/><E37/><REACH who="1" ten="490,97,231,172" step="2"/><V14/><F64/><W135/><AGARI ba="6,1" hai="56,57,101,102,103,133,134,135" m="10346,2569" machi="135" ten="40,5200,0" yaku="28,2,20,1" doraHai="118" who="3" fromWho="3" sc="490,-19,97,-19,231,-32,172,80" /><INIT seed="7,0,0,0,3,106" ten="471,78,199,252" oya="3" hai0="61,121,101,0,42,111,103,84,115,75,105,25,104" hai1="114,26,59,133,100,29,69,99,49,2,47,112,122" hai2="62,34,71,31,129,60,90,20,116,118,5,45,22" hai3="98,88,72,36,119,37,6,35,107,4,8,9,54"/><W50/><G119/><T110/><D42/><U124/><E2/><V1/><F34/><W16/><G35/><T93/><D0/><U64/><E122/><V76/><F76/><W96/><G107/><T80/><D25/><U56/><E99/><V73/><F45/><W38/><G72/><T113/><D61/><N who="1" m="40079" /><E29/><V13/><F90/><W41/><G41/><T89/><D121/><U95/><E95/><V33/><F33/><W78/><G78/><N who="0" m="44127" /><D104/><U132/><E100/><N who="0" m="38473" /><D105/><U57/><E26/><V85/><F85/><W23/><G96/><T83/><D93/><U40/><E40/><V24/><F24/><W94/><G4/><T130/><D130/><U63/><E47/><V3/><F31/><W125/><G125/><T131/><D131/><U128/><E49/><V28/><F28/><W92/><G92/><T70/><D70/><U39/><E39/><V135/><F1/><W81/><G81/><T7/><D7/><U52/><E128/><V108/><F129/><W53/><G6/><T10/><D10/><U11/><E11/><V48/><F5/><W66/><G66/><T58/><D58/><N who="1" m="22635" /><E124/><V14/><F3/><W117/><G50/><T32/><D32/><U120/><E120/><V127/><F127/><W102/><G38/><T21/><D21/><U109/><E109/><AGARI ba="0,0" hai="83,84,89,109,110,111,113,115" m="38473,44127" machi="109" ten="30,3900,0" yaku="34,2,52,1" doraHai="106" who="0" fromWho="1" sc="471,39,78,-39,199,0,252,0" owari="510,61.0,39,-46.0,199,-20.0,252,5.0" /></mjloggm>