<mjloggm ver="2.3"><GO type="169" lobby="0"/><UN n0="%74%6E%66%73%68%32%30%34" n1="%67%6F%72%6F%72%69%6E" n2="%49%68%63%63%6F%74" n3="%E8%92%BC%E9%B4%89" dan="17,16,16,16" rate="2139.11,2075.85,2080.62,2118.16" sx="M,M,M,M"/><TAIKYOKU oya="0"/><INIT seed="0,0,0,5,4,94" ten="250,250,250,250" oya="0" hai0="34,123,122,51,40,130,112,119,121,17,107,32,19" hai1="46,128,11,39,30,79,56,101,78,14,135,127,54" hai2="108,15,90,132,85,88,124,70,114,83,86,47,115" hai3="62,43,50,49,98,59,5,106,84,22,44,77,99"/><T116/><D107/><U18/><E127/><V67/><F124/><W36/><G106/><T80/><D80/><U64/><E128/><V93/><F132/><W72/><G72/><T6/><D40/><U111/><E135/><V125/><F125/><W35/><G35/><N who="0" m="13355" /><D51/><U7/><E64/><V48/><F108/><W60/><G36/><T134/><D134/><U31/><E111/><V97/><F67/><W96/><G5/><T117/><D130/><U38/><E101/><V42/><F70/><W81/><G22/><T71/><D71/><U91/><E46/><V28/><F28/><N who="1" m="10793" /><E39/><V1/><F1/><W8/><G8/><T89/><D89/><U102/><E102/><V24/><F24/><W74/><G74/><T105/><D105/><U52/><E38/><V82/><REACH who="2" step="1"/><F15/><REACH who="2" ten="250,250,240,250" step="2"/><W13/><G13/><T3/><D112/><U63/><E7/><V129/><F129/><W110/><G110/><T133/><D133/><U33/><E33/><V95/><F95/><W76/><G76/><AGARI ba="0,1" hai="42,47,48,76,82,83,85,86,88,90,93,97,114,115" machi="76" ten="30,7700,0" yaku="1,1,7,1,52,1,54,1,53,0" doraHai="94" doraHaiUra="55" who="2" fromWho="3" sc="250,0,250,0,240,87,250,-77" /><INIT seed="1,0,0,3,4,119" ten="250,250,327,173" oya="1" hai0="44,24,62,61,33,122,40,132,85,107,0,36,59" hai1="15,21,83,75,5,121,30,74,70,55,64,87,82" hai2="114,67,79,4,49,77,57,71,88,23,10,101,113" hai3="37,127,25,8,6,94,110,48,13,28,100,20,128"/><U38/><E38/><V54/><F101/><W68/><G110/><T76/><D107/><U69/><E30/><V133/><F133/><W98/><G127/><T93/><D132/><U108/><E5/><V125/><F125/><W43/><G128/><T47/><D0/><U117/><E117/><V46/><F71/><W73/><G68/><T96/><D47/><U84/><E108/><V18/><F114/><W3/><G73/><T86/><D76/><U45/><E45/><V111/><F111/><W9/><G37/><T95/><D95/><U129/><E21/><V58/><F113/><W115/><G115/><T123/><D24/><U102/><E15/><V80/><F4/><W90/><G43/><T135/><D33/><U2/><E2/><V39/><F39/><W17/><G48/><T92/><D92/><U72/><E55/><V109/><F109/><W1/><REACH who="3" step="1"/><G3/><REACH who="3" ten="250,250,327,163" step="2"/><T103/><D135/><U65/><E75/><V134/><F49/><W52/><G52/><N who="0" m="34023" /><D62/><U53/><E129/><V22/><F54/><W27/><G27/><T104/><D104/><U12/><E53/><V34/><F134/><W35/><G35/><T50/><D50/><U97/><E12/><V31/><F34/><W130/><G130/><T32/><D32/><U112/><E112/><V29/><F67/><W78/><G78/><T105/><D105/><U106/><E106/><V81/><F77/><W89/><AGARI ba="0,1" hai="1,6,8,9,13,17,20,25,28,89,90,94,98,100" machi="89" ten="30,2000,0" yaku="1,1,0,1,53,0" doraHai="119" doraHaiUra="124" who="3" fromWho="3" sc="250,-5,250,-10,327,-5,163,30" /><INIT seed="2,0,0,3,4,20" ten="245,240,322,193" oya="2" hai0="29,118,34,1,102,109,100,75,97,62,94,93,68" hai1="59,28,134,44,72,124,91,67,99,31,58,45,131" hai2="113,112,83,19,105,15,64,87,76,80,17,3,38" hai3="90,42,133,0,108,70,73,37,39,43,53,104,7"/><V121/><F3/><W95/><G104/><T24/><D118/><U60/><E72/><V125/><F105/><W30/><G73/><T135/><D75/><U14/><E134/><V85/><F38/><W126/><G30/><T92/><D135/><U115/><E115/><V56/><F121/><W41/><G133/><T25/><D1/><U4/><E131/><V50/><F125/><W96/><G126/><T114/><D114/><U16/><E4/><V81/><F113/><W77/><G108/><T86/><D86/><N who="2" m="32778" /><F112/><W63/><G77/><T26/><D109/><U88/><E124/><V132/><F132/><W49/><G7/><T11/><D11/><U55/><E44/><V127/><F76/><W79/><G79/><T48/><D48/><U117/><E45/><V98/><F127/><W22/><G0/><T129/><D129/><U119/><E119/><V110/><F110/><W35/><G35/><T71/><D71/><U122/><E122/><V84/><F98/><W61/><G70/><T120/><D120/><U13/><E117/><V5/><F84/><W27/><G39/><T57/><D100/><U8/><E14/><V54/><F64/><W116/><G37/><T69/><D69/><U6/><E6/><V101/><F101/><W51/><G116/><T74/><D74/><U23/><E99/><V103/><F103/><W111/><G111/><T82/><D68/><U107/><E107/><V9/><AGARI ba="0,0" hai="5,9,15,17,19,50,54,56,80,81,83" m="32778" machi="9" ten="30,1500,0" yaku="8,1" doraHai="20" who="2" fromWho="2" sc="245,-5,240,-5,322,15,193,-5" /><INIT seed="2,1,0,2,3,37" ten="240,235,337,188" oya="2" hai0="86,85,39,7,29,3,24,25,101,56,34,113,131" hai1="105,18,126,27,88,114,14,8,70,2,48,94,52" hai2="91,44,53,77,69,111,82,61,20,47,41,11,54" hai3="49,135,36,42,72,13,26,112,40,81,119,92,32"/><V74/><F111/><W15/><G119/><T6/><D113/><U75/><E114/><V38/><F11/><W22/><G36/><T134/><D134/><U65/><E105/><V79/><F79/><W97/><G32/><T127/><D127/><U76/><E126/><V89/><F47/><W73/><G112/><T66/><D101/><U59/><E2/><V19/><F54/><W55/><G135/><T120/><D29/><U57/><E70/><V30/><F30/><N who="3" m="17751" /><G81/><T12/><D56/><U104/><E104/><V124/><F124/><W4/><G73/><T63/><D39/><U103/><E103/><V43/><F43/><N who="3" m="16427" /><G4/><T67/><D7/><U125/><E125/><V108/><F108/><W68/><G72/><T116/><D6/><U64/><E75/><V58/><F69/><W93/><G68/><T121/><D116/><U96/><E76/><V45/><F44/><N who="3" m="28071" /><G93/><T33/><D34/><U50/><E27/><AGARI ba="1,0" hai="19,20,27,38,41,45,53,58,61,74,77,82,89,91" machi="27" ten="30,2900,0" yaku="7,1,52,1" doraHai="37" who="2" fromWho="1" sc="240,0,235,-32,337,32,188,0" /><INIT seed="2,2,0,5,3,11" ten="240,203,369,188" oya="2" hai0="50,128,99,116,112,121,45,35,29,92,16,133,90" hai1="135,36,75,24,107,19,124,109,14,0,106,33,98" hai2="32,87,93,63,83,77,37,111,18,100,22,46,59" hai3="5,4,113,67,20,115,54,117,64,49,122,23,73"/><V103/><F32/><W17/><G73/><T27/><D121/><U130/><E14/><V10/><F111/><W80/><G122/><T42/><D112/><N who="3" m="43081" /><G117/><T104/><D116/><U108/><E19/><V40/><F10/><W120/><G120/><T6/><D104/><U71/><E24/><V78/><F93/><W88/><G23/><T110/><D110/><U13/><E13/><V66/><REACH who="2" step="1"/><F78/><REACH who="2" ten="240,203,359,188" step="2"/><W56/><G4/><T91/><D6/><U72/><E109/><V55/><F55/><W1/><G5/><T94/><D35/><U48/><E107/><V69/><F69/><W76/><G1/><T96/><D92/><U34/><E34/><V68/><F68/><W26/><G76/><T84/><D94/><U7/><E108/><V62/><F62/><W102/><G102/><T65/><D65/><U79/><E33/><V31/><F31/><W101/><G101/><T3/><D29/><U114/><E79/><V57/><F57/><W8/><G8/><T60/><D60/><U118/><E71/><V30/><F30/><W119/><G119/><T47/><D3/><U70/><E70/><V131/><F131/><W95/><G95/><T12/><D128/><U28/><E28/><V86/><F86/><AGARI ba="2,1" hai="17,20,26,49,54,56,64,67,80,86,88" m="43081" machi="86" ten="30,2000,0" yaku="11,1,54,1" doraHai="11" who="3" fromWho="2" sc="240,0,203,0,359,-26,188,36" /><INIT seed="3,0,0,3,4,43" ten="240,203,333,224" oya="3" hai0="16,59,23,30,79,61,38,20,83,128,77,19,70" hai1="109,52,68,66,5,92,26,3,39,107,27,94,88" hai2="106,56,11,123,47,112,80,101,91,126,131,6,35" hai3="116,63,98,75,71,117,97,10,0,124,40,122,1"/><W127/><G75/><T65/><D128/><U85/><E107/><V55/><F35/><W46/><G122/><T111/><D111/><U100/><E109/><V9/><F123/><W13/><G63/><T86/><D38/><U14/><E3/><N who="3" m="1098" /><G71/><T28/><D77/><U74/><E74/><V84/><F112/><W76/><G76/><T51/><D51/><U99/><E39/><V58/><F126/><N who="3" m="48171" /><G97/><T95/><D95/><U8/><REACH who="1" step="1"/><E52/><REACH who="1" ten="240,193,333,224" step="2"/><V108/><F108/><W12/><G117/><T7/><D7/><U45/><E45/><V118/><F106/><W89/><G116/><T132/><D132/><U17/><E17/><V130/><F55/><W60/><G60/><AGARI ba="0,1" hai="5,8,14,26,27,60,66,68,85,88,92,94,99,100" machi="60" ten="40,2600,0" yaku="1,1,54,1,53,0" doraHai="43" doraHaiUra="33" who="1" fromWho="3" sc="240,0,193,36,333,0,224,-26" /><INIT seed="4,0,0,4,1,41" ten="240,229,333,198" oya="0" hai0="76,7,10,60,29,23,26,6,20,122,100,109,120" hai1="32,45,112,66,104,2,123,86,72,90,80,1,134" hai2="58,5,132,48,71,78,130,44,127,106,111,107,93" hai3="62,116,39,3,114,70,59,24,38,98,36,51,53"/><T37/><D37/><U77/><E123/><N who="0" m="47145" /><D100/><U73/><E32/><V103/><F71/><W89/><G116/><T118/><D76/><U75/><E66/><V82/><F127/><W83/><G114/><T102/><D102/><U54/><E112/><V85/><F130/><W35/><G3/><N who="0" m="351" /><D60/><U46/><E104/><V135/><F111/><W119/><G119/><T125/><D118/><U52/><E134/><V129/><F129/><W19/><G83/><T40/><D40/><U64/><E64/><V126/><F126/><W43/><G70/><T47/><D47/><U99/><E99/><N who="2" m="59887" /><F58/><W97/><G89/><T50/><D50/><U131/><E131/><V9/><F107/><W21/><REACH who="3" step="1"/><G35/><REACH who="3" ten="240,229,333,188" step="2"/><N who="0" m="20919" /><D125/><U17/><E90/><V42/><F106/><W121/><G121/><T34/><D109/><U67/><E77/><V65/><F135/><W133/><G133/><T87/><D87/><U27/><E86/><V0/><F132/><W91/><G91/><T18/><D34/><U68/><E80/><V25/><F85/><W49/><G49/><T14/><D7/><U124/><E124/><V81/><F78/><W113/><G113/><T13/><D13/><U61/><E1/><V33/><F82/><W69/><G69/><T57/><D57/><U117/><E2/><V101/><F81/><W63/><G63/><T105/><D105/><U95/><E117/><V84/><F84/><W15/><G15/><T30/><D30/><U94/><E68/><V8/><F101/><W92/><G92/><T4/><D4/><U16/><E61/><V108/><F108/><W128/><G128/><RYUUKYOKU ba="0,1" sc="240,15,229,-15,333,-15,188,15" hai0="14,18,20,23" hai3="19,21,24,36,38,39,43,51,53,59,62,97,98" /><INIT seed="4,1,1,2,5,16" ten="255,214,318,203" oya="0" hai0="99,55,113,91,63,116,24,121,111,88,107,14,65" hai1="120,134,48,53,32,31,128,131,9,39,126,84,3" hai2="70,12,0,82,61,69,95,17,27,28,114,18,50" hai3="1,97,115,72,23,90,87,46,77,56,124,57,66"/><T112/><D116/><U60/><E120/><V59/><F0/><W67/><G115/><N who="0" m="44107" /><D121/><U109/><E39/><V58/><F114/><W19/><G124/><T100/><D111/><U102/><E109/><V52/><F82/><N who="3" m="47567" /><G1/><T15/><D55/><U93/><E126/><V42/><F95/><N who="3" m="56567" /><G72/><T64/><D24/><U83/><E60/><V130/><F130/><N who="1" m="49705" /><E134/><V11/><F18/><W34/><G34/><T2/><D2/><U104/><E104/><V4/><F4/><W119/><G46/><T43/><D43/><U38/><E38/><V29/><F29/><W117/><G117/><T80/><D65/><N who="3" m="24585" /><G119/><T8/><D80/><U79/><E32/><V86/><F86/><W133/><G133/><T132/><D132/><U74/><E31/><V129/><F129/><W105/><G105/><T10/><D91/><N who="1" m="53479" /><E102/><V123/><F123/><W106/><G106/><T118/><D88/><U54/><E48/><V68/><F68/><W30/><G30/><T41/><D41/><U5/><AGARI ba="1,1" hai="3,5,9,53,54,74,79,83" m="53479,49705" machi="5" ten="30,1100,0" yaku="19,1" doraHai="16" who="1" fromWho="1" sc="255,-6,214,24,318,-4,203,-4" /><INIT seed="5,0,0,4,5,105" ten="249,238,314,199" oya="1" hai0="38,81,129,49,99,58,77,83,15,37,12,73,54" hai1="124,29,36,104,97,46,4,51,79,85,44,100,34" hai2="75,130,22,117,118,20,86,134,92,106,127,59,28" hai3="88,66,10,64,68,17,78,116,132,57,9,1,72"/><U122/><E122/><V96/><F127/><W5/><G116/><T48/><D129/><U90/><E124/><V114/><F130/><W40/><G132/><T71/><D71/><U109/><E4/><V33/><F134/><W82/><G68/><T74/><D99/><U11/><E109/><V50/><F114/><W30/><G30/><T16/><D49/><U45/><E36/><V128/><F128/><W7/><G17/><T102/><D102/><U119/><E119/><V19/><F75/><W94/><G57/><T26/><D26/><U125/><E125/><V23/><F106/><W120/><G40/><T65/><D65/><U43/><E79/><V6/><F6/><W52/><G52/><T98/><D98/><U111/><E111/><V133/><F133/><W123/><G123/><T95/><D95/><U80/><REACH who="1" step="1"/><E11/><REACH who="1" ten="249,228,314,199" step="2"/><V107/><F117/><W63/><G120/><T103/><D38/><U14/><E14/><V8/><F8/><W131/><G131/><T2/><D12/><U110/><E110/><V47/><F118/><W89/><G9/><T91/><D37/><U18/><E18/><V113/><F19/><W0/><G7/><T56/><D16/><U27/><AGARI ba="0,1" hai="27,29,34,43,44,45,46,51,80,85,90,97,100,104" machi="27" ten="30,3000,0" yaku="1,1,0,1,53,0" doraHai="105" doraHaiUra="67" who="1" fromWho="1" sc="249,-10,228,40,314,-10,199,-10" /><INIT seed="5,1,0,2,0,7" ten="239,268,304,189" oya="1" hai0="113,14,37,106,49,36,123,103,23,80,38,22,45" hai1="47,62,81,125,121,134,102,55,107,61,67,72,13" hai2="85,4,39,32,1,92,132,15,40,66,35,83,42" hai3="126,115,96,135,111,130,70,12,41,69,33,5,58"/><U50/><E121/><V75/><F1/><W28/><G115/><T56/><D113/><U48/><E107/><V46/><F75/><W71/><G111/><T116/><D116/><U86/><E72/><V77/><F132/><W52/><G135/><T110/><D110/><U91/><E134/><V20/><F66/><W98/><G126/><T10/><D123/><U64/><E102/><V51/><F40/><W25/><G41/><T74/><D56/><U8/><E125/><V94/><F39/><W6/><G6/><T122/><D122/><U99/><E99/><V54/><F54/><W128/><G128/><T60/><D60/><N who="1" m="23147" /><E50/><V9/><REACH who="2" step="1"/><F20/><REACH who="2" ten="239,268,294,189" step="2"/><W127/><G130/><T18/><D23/><U108/><E108/><V89/><F89/><W0/><G127/><T19/><D38/><U34/><E34/><AGARI ba="1,1" hai="4,9,15,32,34,35,42,46,51,77,83,85,92,94" machi="34" ten="40,12000,2" yaku="1,1,25,2,52,1,53,3" doraHai="7" doraHaiUra="29" who="2" fromWho="1" sc="239,0,268,-123,294,133,189,0" /><INIT seed="6,0,0,2,0,38" ten="239,145,427,189" oya="2" hai0="35,54,101,14,124,50,34,119,48,108,67,95,9" hai1="93,85,20,64,78,3,131,72,127,46,103,59,97" hai2="26,125,28,88,87,126,90,135,52,84,30,55,83" hai3="133,1,65,10,94,104,32,128,123,66,81,16,62"/><V17/><F135/><W31/><G123/><T91/><D108/><U44/><E3/><V73/><F73/><W8/><G104/><T58/><D124/><N who="2" m="47722" /><F17/><W111/><G128/><T115/><D115/><U122/><E131/><V21/><F30/><W49/><G111/><T53/><D67/><U70/><E70/><V100/><F100/><W89/><G133/><T107/><D101/><U18/><E122/><V117/><F117/><W96/><G1/><T41/><D107/><U5/><E5/><V23/><F23/><W15/><G8/><T80/><D80/><AGARI ba="0,0" hai="21,26,28,52,55,80,83,84,87,88,90" m="47722" machi="80" ten="30,5800,0" yaku="18,1,54,2" doraHai="38" who="2" fromWho="0" sc="239,-58,145,0,427,58,189,0" /><INIT seed="6,1,0,2,0,12" ten="181,145,485,189" oya="2" hai0="61,29,89,85,47,42,72,7,30,13,131,91,62" hai1="4,114,2,23,79,37,53,90,83,22,45,84,77" hai2="124,56,70,127,15,66,35,104,73,100,57,75,107" hai3="25,96,46,33,0,24,123,86,41,44,27,50,128"/><V38/><F38/><W87/><G123/><T59/><D72/><U19/><E114/><V78/><F15/><W68/><G128/><T71/><D131/><U74/><E77/><V99/><F104/><W125/><G125/><T135/><D135/><U108/><E108/><V117/><F57/><W14/><G68/><T21/><D89/><U6/><E2/><V64/><F56/><W134/><G0/><T92/><D71/><U40/><E53/><V1/><F64/><W67/><G134/><T81/><D81/><U112/><E112/><V102/><F102/><W34/><G67/><T132/><D132/><U63/><E63/><N who="0" m="24073" /><D59/><U82/><REACH who="1" step="1"/><E23/><REACH who="1" ten="181,135,485,189" step="2"/><V51/><F1/><W103/><G34/><T55/><D55/><U36/><E36/><V26/><F78/><W54/><G33/><T121/><D121/><U28/><E28/><V101/><F124/><W126/><G126/><T39/><D39/><U69/><E69/><V109/><F70/><W48/><G54/><T93/><D30/><U95/><E95/><V58/><F127/><W60/><G60/><T111/><D92/><U115/><E115/><V32/><F32/><W16/><G50/><N who="0" m="26999" /><D111/><U80/><E80/><V116/><F35/><W17/><G48/><T9/><D29/><U118/><E118/><V129/><F109/><W18/><G41/><T94/><D94/><U11/><E11/><V65/><F116/><W20/><G20/><AGARI ba="1,1" hai="7,9,13,20,21,85,91,93" m="26999,24073" machi="20" ten="30,1000,0" yaku="8,1" doraHai="12" who="0" fromWho="3" sc="181,23,135,0,485,0,189,-13" /><INIT seed="7,0,0,5,0,33" ten="204,135,485,176" oya="3" hai0="109,22,118,112,115,124,104,129,31,122,8,88,39" hai1="97,34,123,77,12,27,1,101,18,52,86,75,84" hai2="103,110,30,127,93,7,94,81,63,5,24,23,2" hai3="126,20,26,37,79,131,41,111,65,106,46,6,130"/><W72/><G106/><T45/><D122/><U50/><E123/><V74/><F110/><W89/><G89/><T90/><D109/><U64/><E64/><V135/><F127/><W60/><G126/><T82/><D118/><U38/><E38/><V10/><F135/><W9/><G111/><T69/><D69/><U55/><E55/><V125/><F125/><W80/><G20/><T113/><D124/><U14/><E14/><V51/><F7/><W87/><G87/><T108/><D108/><U70/><E70/><V61/><F51/><W119/><G26/><N who="0" m="16855" /><D129/><U116/><E116/><V83/><F94/><W91/><G91/><T29/><D29/><U95/><E75/><V47/><F47/><W62/><G119/><T15/><D82/><U68/><E68/><V13/><F2/><N who="3" m="215" /><G62/><N who="2" m="23561" /><F74/><W66/><G66/><T58/><D104/><U98/><E98/><AGARI ba="0,0" hai="5,10,13,23,24,30,81,83,93,98,103" m="23561" machi="98" ten="30,1000,0" yaku="8,1" doraHai="33" who="2" fromWho="1" sc="204,0,135,-10,485,10,176,0" owari="204,0.0,125,-37.0,495,59.0,176,-22.0" /></mjloggm>