<mjloggm ver="2.3"><GO type="169" lobby="0"/><UN n0="%E6%80%96%E3%81%8F%E3%81%AA%E3%81%84%E3%81%8A" n1="%50%61%72%6B%5F%38" n2="%67%69%6A%79%75%74%75" n3="%E3%83%94%E3%83%A7%E3%83%B3%E5%90%89" dan="18,16,16,17" rate="2152.17,2055.33,2132.33,2104.13" sx="M,M,M,F"/><TAIKYOKU oya="0"/><INIT seed="0,0,0,3,1,75" ten="250,250,250,250" oya="0" hai0="40,85,12,14,106,112,111,67,86,71,134,74,115" hai1="9,69,101,6,131,130,7,39,48,33,17,90,126" hai2="18,25,96,100,99,89,122,21,54,125,107,135,93" hai3="31,0,3,104,47,92,43,65,44,76,53,4,118"/><T108/><D74/><U88/><E39/><V95/><F122/><W61/><G104/><T24/><D106/><U15/><E33/><V49/><F135/><W127/><G118/><T16/><D134/><U97/><E69/><V83/><F125/><W72/><G31/><T55/><D40/><U5/><E48/><V70/><F70/><W35/><G35/><T84/><D55/><U73/><E73/><V114/><F114/><W11/><G92/><T124/><D124/><U32/><E32/><V64/><F107/><W51/><G0/><T98/><D98/><U68/><E68/><V119/><F119/><W62/><G65/><T79/><D24/><U66/><E66/><V87/><F64/><W129/><G129/><N who="1" m="49162" /><E126/><V117/><F117/><W132/><G132/><T105/><D12/><U42/><E42/><V30/><F30/><W36/><REACH who="3" step="1"/><G127/><REACH who="3" ten="250,250,250,240" step="2"/><T78/><D105/><AGARI ba="0,1" hai="5,6,7,9,15,17,88,90,97,101,105" m="49162" machi="105" ten="30,2000,0" yaku="19,1,54,1" doraHai="75" who="1" fromWho="0" sc="250,-20,250,30,250,0,240,0" /><INIT seed="1,0,0,2,0,65" ten="230,280,250,240" oya="1" hai0="89,6,114,77,28,46,0,107,81,124,5,99,67" hai1="29,71,126,34,13,2,132,14,4,9,130,12,131" hai2="75,113,21,78,17,37,11,102,115,100,98,72,122" hai3="92,119,53,25,47,19,44,61,118,59,64,30,121"/><U120/><E71/><V111/><F122/><W133/><G121/><T66/><D114/><N who="2" m="43530" /><F37/><W88/><G19/><T109/><D124/><U73/><E73/><N who="2" m="28235" /><F78/><W56/><G133/><T31/><D109/><U80/><E80/><V74/><F74/><W90/><G90/><T15/><D0/><U36/><E36/><V24/><F111/><W86/><G118/><T95/><D107/><U123/><E126/><V87/><F87/><W10/><G10/><T82/><D46/><U41/><E41/><V110/><F110/><W94/><G94/><T117/><D117/><U18/><E132/><V76/><F76/><W38/><G38/><T96/><D77/><U104/><E104/><V48/><F98/><W39/><G39/><T134/><D15/><U101/><E101/><V40/><F11/><W128/><G119/><T105/><D105/><U85/><E85/><V135/><F135/><W20/><REACH who="3" step="1"/><G128/><REACH who="3" ten="230,280,250,230" step="2"/><N who="1" m="49194" /><E18/><V23/><F17/><W8/><G8/><T68/><D134/><U83/><E83/><V3/><F100/><W35/><G35/><T27/><D95/><U79/><E79/><V70/><F102/><W108/><G108/><T55/><D89/><U84/><E84/><V97/><F97/><W69/><G69/><T63/><D68/><U62/><E123/><V60/><F70/><W1/><G1/><T127/><D127/><U52/><E120/><V112/><F3/><W33/><G33/><T42/><D96/><U58/><E34/><V57/><F112/><W54/><G54/><T49/><D99/><U50/><E29/><N who="0" m="11337" /><D82/><U16/><E16/><V103/><F103/><RYUUKYOKU ba="0,1" sc="230,-15,280,15,250,-15,230,15" hai1="2,4,9,12,13,14,50,52,58,62" hai3="20,25,30,44,47,53,56,59,61,64,86,88,92" /><INIT seed="1,1,1,0,0,18" ten="215,295,235,245" oya="1" hai0="111,74,70,54,72,76,132,81,80,51,42,44,22" hai1="100,125,98,50,123,47,78,61,109,88,96,46,106" hai2="15,112,86,128,45,13,66,33,113,129,77,105,79" hai3="32,37,48,31,34,67,118,41,29,94,89,65,0"/><U93/><E123/><V134/><F33/><W38/><G0/><T107/><D107/><U8/><E125/><V52/><F66/><W24/><G48/><T131/><D70/><U95/><E109/><V60/><F105/><W82/><G82/><T23/><D111/><U40/><E78/><N who="2" m="29707" /><F86/><W84/><G118/><T1/><D1/><U5/><E61/><V7/><F134/><W58/><G58/><T133/><D80/><U12/><E106/><V35/><F35/><W28/><G34/><T56/><D131/><N who="2" m="50250" /><F7/><W117/><G117/><T57/><D57/><U3/><REACH who="1" step="1"/><E47/><REACH who="1" ten="215,285,235,245" step="2"/><V6/><F60/><W20/><G32/><T64/><D72/><U91/><E91/><V121/><F121/><W10/><G89/><T126/><D126/><U19/><E19/><V124/><F124/><W16/><G16/><T4/><D4/><U36/><E36/><V114/><F6/><W116/><G38/><T87/><D74/><U97/><E97/><V103/><F103/><W68/><G37/><T25/><D132/><U102/><E102/><V62/><F62/><W43/><G116/><T55/><D133/><U9/><E9/><V14/><F45/><W17/><G10/><T127/><D127/><U85/><E85/><V69/><F69/><W71/><G68/><T104/><D104/><U21/><E21/><N who="0" m="7689" /><D25/><U119/><E119/><V11/><F11/><W135/><G135/><T53/><D56/><U110/><E110/><V63/><F63/><N who="3" m="40383" /><G67/><AGARI ba="1,2" hai="42,44,51,53,54,55,64,67,76,81,87" m="7689" machi="67" ten="30,7700,0" yaku="8,1,52,3" doraHai="18" who="0" fromWho="3" sc="215,100,285,0,235,0,245,-80" /><INIT seed="2,0,0,2,4,94" ten="315,285,235,165" oya="2" hai0="82,131,125,38,17,34,111,123,55,5,119,84,30" hai1="129,22,93,65,115,46,95,127,43,3,29,101,106" hai2="71,62,108,19,49,86,103,21,16,87,10,130,42" hai3="105,31,48,56,117,6,57,32,113,132,35,102,26"/><V128/><F103/><W135/><G117/><T121/><D38/><U27/><E115/><V14/><F108/><W96/><G113/><T64/><D111/><U69/><E3/><V41/><F71/><W59/><G35/><T61/><D5/><U8/><E129/><N who="2" m="49771" /><F62/><W107/><G107/><T45/><D131/><U53/><E53/><V33/><F33/><W4/><REACH who="3" step="1"/><G48/><REACH who="3" ten="315,285,235,155" step="2"/><T0/><D34/><U9/><E106/><V122/><F122/><W83/><G83/><T39/><D119/><U23/><E127/><V73/><F73/><W70/><G70/><T13/><D125/><U11/><E69/><V97/><F49/><W18/><G18/><T66/><D17/><U72/><E72/><V68/><F68/><W88/><G88/><T134/><D121/><U75/><E75/><V80/><F80/><W109/><G109/><T92/><D82/><U36/><E101/><V98/><F19/><W110/><G110/><T44/><D123/><U15/><E95/><V124/><F124/><W47/><G47/><T67/><D45/><U52/><E93/><V28/><F28/><W90/><G90/><N who="0" m="53319" /><D30/><U118/><E118/><V91/><F21/><W116/><G116/><T126/><D44/><U50/><E23/><V104/><F91/><W24/><G24/><T133/><D126/><U60/><E29/><V1/><F104/><W100/><G100/><T76/><D39/><U20/><E27/><V7/><F16/><W77/><G77/><T74/><D76/><U40/><E36/><V25/><F25/><W114/><G114/><T120/><D74/><U2/><E22/><RYUUKYOKU ba="0,1" sc="315,-10,285,-10,235,-10,155,30" hai3="4,6,26,31,32,56,57,59,96,102,105,132,135" /><INIT seed="3,1,1,2,2,40" ten="305,275,225,185" oya="3" hai0="20,92,120,91,54,53,72,62,103,76,18,17,119" hai1="27,112,114,133,15,134,33,118,32,6,48,78,99" hai2="21,64,108,14,125,4,75,29,106,42,61,98,35" hai3="124,58,3,73,79,22,56,90,9,41,80,60,25"/><W95/><G124/><T71/><D119/><U44/><E78/><V38/><F75/><W1/><G41/><T126/><D120/><U77/><E77/><V51/><F51/><W45/><G45/><T129/><D103/><U84/><E84/><V23/><F125/><W97/><G9/><T69/><D17/><U130/><E130/><V36/><F4/><W65/><REACH who="3" step="1"/><G58/><REACH who="3" ten="305,275,225,175" step="2"/><T2/><D126/><U8/><E118/><V70/><F42/><W10/><G10/><T116/><D116/><U96/><E114/><V74/><F70/><W122/><G122/><T86/><D71/><U55/><E112/><V46/><F46/><W81/><G81/><T121/><D69/><U109/><E109/><V93/><F108/><W117/><G117/><T102/><D121/><U19/><E134/><V85/><F38/><W115/><G115/><T30/><D129/><U89/><E133/><V52/><F36/><W88/><G88/><T127/><D91/><U0/><E89/><V100/><F100/><W83/><G83/><T11/><D11/><U13/><E8/><V107/><F74/><W43/><G43/><T82/><D102/><U66/><E6/><V31/><F35/><W104/><G104/><T123/><D123/><U67/><E33/><V94/><F107/><W105/><G105/><T135/><D127/><U26/><E32/><V128/><F106/><W34/><G34/><T59/><D135/><U12/><E0/><V101/><F128/><W63/><G63/><T24/><D2/><U68/><E68/><V28/><F101/><W37/><G37/><T57/><D82/><RYUUKYOKU ba="1,2" sc="305,-10,275,-10,225,-10,175,30" hai3="1,3,22,25,56,60,65,73,79,80,90,95,97" /><INIT seed="3,2,2,3,3,67" ten="295,265,215,205" oya="3" hai0="106,119,64,24,75,54,12,109,117,52,15,22,129" hai1="120,18,58,29,135,3,41,123,55,96,39,97,82" hai2="42,84,98,78,28,86,85,77,59,35,112,57,89" hai3="102,126,95,130,14,21,16,74,62,87,71,44,51"/><W5/><G74/><T33/><D106/><U26/><E3/><V10/><F112/><W8/><G126/><T108/><D33/><U43/><E18/><V114/><F114/><W124/><G124/><T46/><D75/><U37/><E135/><V72/><F72/><W68/><G130/><T60/><D129/><U90/><E58/><N who="2" m="22027" /><F35/><W65/><G71/><N who="0" m="42375" /><D12/><U101/><E55/><N who="0" m="21033" /><D15/><U115/><E115/><V34/><F34/><W99/><G87/><T1/><D1/><U23/><E23/><V73/><F73/><W61/><G61/><T70/><D70/><U94/><E94/><N who="2" m="56655" /><F28/><W20/><REACH who="3" step="1"/><G5/><REACH who="3" ten="295,265,215,195" step="2"/><T128/><D128/><U9/><E123/><V49/><F85/><W30/><G30/><T40/><D117/><U13/><E120/><V56/><F86/><W25/><G25/><T69/><D69/><U93/><E26/><V121/><F84/><W6/><G6/><T4/><D4/><N who="1" m="3239" /><E29/><V27/><F27/><W38/><G38/><T76/><D119/><U131/><E131/><V122/><F122/><W100/><G100/><T111/><D24/><U63/><E63/><V127/><F121/><W132/><G132/><T107/><D76/><U125/><E125/><V53/><F127/><W105/><G105/><T88/><D107/><N who="1" m="63911" /><E82/><V91/><F78/><W104/><G104/><T0/><D88/><U80/><E80/><V103/><F91/><W110/><G110/><T133/><D133/><U118/><E118/><V92/><F77/><W79/><G79/><T17/><D111/><U2/><E37/><V31/><F103/><W113/><G113/><T66/><D109/><RYUUKYOKU ba="2,3" sc="295,-10,265,-10,215,-10,195,30" hai3="8,14,16,20,21,44,51,62,65,68,95,99,102" /><INIT seed="3,3,3,0,1,2" ten="285,255,205,225" oya="3" hai0="6,10,77,55,61,5,66,29,3,89,58,52,12" hai1="47,116,123,119,72,25,43,9,15,1,129,98,127" hai2="104,68,113,81,92,102,121,8,132,100,115,67,106" hai3="94,134,38,20,118,11,76,128,62,60,105,86,101"/><W36/><G105/><N who="2" m="40553" /><F8/><W57/><G118/><N who="1" m="45098" /><E123/><V74/><F67/><W103/><G128/><T63/><D77/><U117/><E129/><V120/><F68/><W46/><G134/><T110/><D29/><U0/><E127/><V17/><F17/><W111/><G111/><T70/><D110/><U114/><E114/><N who="2" m="43531" /><F132/><W91/><G76/><T96/><D3/><U45/><E72/><V122/><F92/><W135/><G135/><T131/><D131/><U80/><E80/><V82/><F74/><W27/><G62/><T69/><D69/><U75/><E75/><V42/><F42/><W97/><G38/><T28/><D28/><U41/><E25/><V126/><F126/><W13/><G46/><N who="1" m="17418" /><E1/><V124/><F124/><W59/><G36/><T39/><D39/><U99/><E0/><V37/><F37/><W53/><G59/><N who="0" m="35303" /><D70/><U64/><E64/><V16/><F16/><N who="3" m="12679" /><G86/><T4/><D66/><U83/><E83/><AGARI ba="3,3" hai="81,82,83,100,102,120,121,122" m="43531,40553" machi="83" ten="40,8000,1" yaku="28,2,13,1,34,2" doraHai="2" who="2" fromWho="1" sc="285,0,255,-89,205,119,225,0" /><INIT seed="4,0,0,3,0,46" ten="285,166,324,225" oya="0" hai0="13,126,48,135,121,7,20,1,36,51,86,103,31" hai1="37,12,87,59,61,101,44,114,124,28,125,107,105" hai2="130,68,77,56,102,18,115,60,50,63,95,54,22" hai3="100,38,15,57,73,14,88,52,55,133,89,47,53"/><T32/><D121/><U16/><E28/><V79/><F115/><W91/><G133/><T134/><D36/><U66/><E114/><V83/><F130/><W80/><G100/><T9/><D103/><U0/><E0/><V25/><F68/><W75/><G57/><T96/><D96/><U29/><E29/><V108/><F108/><W120/><G120/><T24/><D86/><U104/><E87/><N who="2" m="48623" /><F79/><W109/><G109/><T116/><D116/><U78/><E78/><V26/><F26/><W19/><G80/><T11/><D126/><N who="1" m="48747" /><E101/><V70/><F70/><W74/><REACH who="3" step="1"/><G19/><REACH who="3" ten="285,166,324,215" step="2"/><N who="0" m="8639" /><D32/><U5/><E5/><V72/><F72/><W40/><AGARI ba="0,1" hai="14,15,38,40,47,52,53,55,73,74,75,88,89,91" machi="40" ten="40,12000,2" yaku="1,1,0,1,29,2,54,2,53,0" doraHai="46" doraHaiUra="17" who="3" fromWho="3" sc="285,-60,166,-30,324,-30,215,130" /><INIT seed="5,0,0,1,3,40" ten="225,136,294,345" oya="1" hai0="0,6,85,123,14,24,27,22,129,71,63,37,2" hai1="43,109,125,92,75,66,126,32,114,80,36,67,20" hai2="73,7,15,102,25,44,88,115,61,101,93,26,45" hai3="42,28,100,23,3,41,8,11,55,51,105,21,78"/><U83/><E32/><V30/><F73/><W72/><G72/><T122/><D37/><U18/><E114/><V90/><F115/><W60/><G78/><T95/><D129/><U4/><E4/><V12/><F61/><W84/><G84/><T13/><D71/><U65/><E109/><V106/><F106/><W104/><G60/><T133/><D63/><U131/><E131/><V116/><F7/><W35/><G35/><T130/><D27/><N who="1" m="14743" /><E75/><V74/><F74/><W118/><G118/><T82/><D130/><U112/><E112/><V70/><F70/><W49/><G55/><T1/><D95/><U79/><E79/><V103/><F116/><W91/><G91/><N who="2" m="34857" /><F93/><W96/><G96/><T113/><D113/><U33/><E33/><V135/><F135/><W47/><G3/><T89/><D133/><U19/><E19/><V98/><F98/><W39/><G39/><T57/><D6/><U120/><E120/><N who="0" m="46121" /><D57/><U34/><E34/><V56/><F56/><W111/><G111/><T127/><D127/><N who="1" m="48651" /><E92/><V121/><F121/><W108/><G108/><T134/><D134/><U68/><E68/><V48/><F48/><W64/><G28/><AGARI ba="0,0" hai="0,1,2,13,14,22,24,28,82,85,89" m="46121" machi="28" ten="40,1300,0" yaku="13,1" doraHai="40" who="0" fromWho="3" sc="225,13,136,0,294,0,345,-13" /><INIT seed="6,0,0,0,3,13" ten="238,136,294,332" oya="2" hai0="65,126,68,84,104,54,40,27,117,7,28,60,88" hai1="90,127,49,53,95,44,97,102,21,55,14,135,51" hai2="47,85,16,76,45,38,116,58,129,37,39,5,89" hai3="103,25,83,20,73,124,42,1,8,56,100,52,77"/><V101/><F116/><W82/><G42/><T113/><D40/><U48/><E135/><V72/><F101/><W105/><G105/><T118/><D104/><U99/><E127/><V80/><F5/><W92/><G124/><T46/><D7/><U4/><E55/><V6/><F6/><W24/><G83/><T67/><D67/><U79/><E79/><V59/><F129/><W128/><G128/><T69/><D69/><U98/><E4/><V2/><F2/><W36/><G1/><T64/><D64/><U34/><E34/><V74/><F74/><W108/><G8/><T18/><D113/><U50/><REACH who="1" step="1"/><E102/><REACH who="1" ten="238,126,294,332" step="2"/><V112/><F76/><W120/><G77/><T26/><D54/><U106/><E106/><V93/><F112/><W81/><G52/><T123/><D126/><U91/><E91/><V31/><F89/><W23/><G100/><T32/><D88/><U122/><E122/><V15/><F72/><W94/><G103/><T63/><D123/><U133/><E133/><V19/><F45/><W131/><G73/><T115/><D46/><U132/><E132/><V62/><F47/><W12/><G120/><T17/><D115/><U33/><E33/><V10/><F62/><W30/><G131/><T57/><D32/><U11/><E11/><V29/><F10/><W0/><G23/><T111/><D63/><U134/><E134/><V110/><F110/><W75/><G20/><T87/><D111/><U41/><E41/><V61/><F61/><W96/><G108/><T3/><D60/><U130/><E130/><V125/><F125/><W119/><G119/><RYUUKYOKU ba="0,1" sc="238,-10,126,30,294,-10,332,-10" hai1="14,21,44,48,49,50,51,53,90,95,97,98,99" /><INIT seed="7,1,1,2,2,79" ten="228,156,284,322" oya="3" hai0="113,75,111,30,58,10,29,105,69,60,16,18,52" hai1="9,80,46,135,57,73,72,97,4,42,63,20,70" hai2="17,47,27,50,31,101,108,45,131,87,44,93,24" hai3="32,106,114,127,48,25,92,88,132,26,3,86,54"/><W13/><G3/><T96/><D111/><U59/><E135/><V6/><F108/><W82/><G106/><T14/><D75/><U117/><E117/><V22/><F131/><W120/><G120/><T1/><D69/><U100/><E70/><V99/><F6/><W85/><G32/><T19/><D1/><U41/><E20/><N who="2" m="15751" /><F87/><W107/><G107/><T116/><D116/><U51/><E42/><AGARI ba="1,1" hai="17,22,27,42,44,45,47,50,93,99,101" m="15751" machi="42" ten="30,1000,0" yaku="8,1" doraHai="79" who="2" fromWho="1" sc="228,0,156,-13,284,23,322,0" owari="228,-17.0,143,-36.0,307,11.0,322,42.0" /></mjloggm>