<mjloggm ver="2.3"><GO type="169" lobby="0"/><UN n0="%E6%B4%A5%E7%94%B0%E6%B2%BC%E3%81%A3%E5%AD%90" n1="%E6%9E%9D%E8%B1%86%E3%82%AB%E3%83%AC%E3%83%BC%E7%94%98%E5%8F%A3" n2="%39%39%39" n3="%EF%BF%A1%E3%81%BA%E3%82%93%E3%81%BA%E3%82%93%EF%BF%A1" dan="16,17,17,16" rate="2106.53,2109.54,2191.70,2094.09" sx="M,F,F,M"/><TAIKYOKU oya="0"/><INIT seed="0,0,0,1,1,70" ten="250,250,250,250" oya="0" hai0="68,30,132,76,3,81,20,40,118,55,61,74,134" hai1="125,127,0,14,69,39,86,98,11,96,90,83,71" hai2="5,108,59,114,124,31,65,112,53,94,122,121,82" hai3="129,91,95,33,7,27,29,133,47,42,44,45,104"/><T103/><D118/><U87/><E0/><V102/><F124/><N who="1" m="47689" /><E87/><V64/><F5/><W89/><G104/><T92/><D3/><U115/><E115/><V32/><F32/><W17/><G133/><N who="0" m="51307" /><D40/><U135/><E135/><V62/><F31/><W46/><G129/><T113/><D113/><N who="2" m="43626" /><F82/><W13/><G7/><T19/><D30/><U75/><E75/><V1/><F1/><W131/><G131/><T105/><D105/><U21/><E21/><V49/><F94/><W52/><G95/><T106/><D106/><U38/><E71/><V119/><F102/><W88/><G52/><T54/><D68/><U123/><E69/><V63/><F119/><W97/><G97/><N who="1" m="37482" /><E123/><N who="2" m="47115" /><F108/><W72/><G72/><T67/><D103/><U24/><E24/><V60/><AGARI ba="0,0" hai="49,53,59,60,62,63,64,65" m="47115,43626" machi="60" ten="40,2700,0" yaku="34,2" doraHai="70" who="2" fromWho="2" sc="250,-13,250,-7,250,27,250,-7" /><INIT seed="1,0,0,5,2,107" ten="237,243,277,243" oya="1" hai0="45,112,13,72,15,50,64,39,119,5,36,21,31" hai1="58,42,95,111,103,66,87,9,6,96,56,52,44" hai2="26,98,71,8,101,75,122,68,129,18,94,126,79" hai3="123,77,116,28,91,49,81,90,133,67,37,115,40"/><U78/><E111/><V120/><F129/><W30/><G123/><T54/><D119/><U48/><E66/><V117/><F117/><W65/><G37/><T109/><D109/><U62/><E58/><V70/><F126/><W22/><G115/><T47/><D112/><U4/><REACH who="1" step="1"/><E9/><REACH who="1" ten="237,233,277,243" step="2"/><V35/><F120/><W60/><G65/><T92/><D64/><U130/><E130/><V32/><F122/><W63/><G67/><T124/><D47/><U33/><E33/><V93/><F35/><W16/><G116/><T14/><D45/><U99/><E99/><V108/><F32/><W27/><G133/><T38/><D124/><U110/><E110/><V104/><F108/><W85/><G63/><T3/><D5/><U20/><E20/><V135/><F135/><W73/><G60/><T113/><D21/><U7/><E7/><V34/><F34/><W76/><G22/><T97/><D113/><U43/><E43/><V83/><F8/><W121/><G40/><T100/><D97/><U105/><E105/><V0/><F71/><W86/><G121/><T11/><D11/><U59/><E59/><V125/><F70/><W128/><G128/><T84/><D54/><U82/><AGARI ba="0,1" hai="4,6,42,44,48,52,56,62,78,82,87,95,96,103" machi="82" ten="30,11700,0" yaku="1,1,0,1,8,1,54,1,53,0" doraHai="107" doraHaiUra="127" who="1" fromWho="1" sc="237,-39,233,127,277,-39,243,-39" /><INIT seed="1,1,0,3,4,36" ten="198,360,238,204" oya="1" hai0="20,15,116,50,131,57,1,25,27,21,49,61,12" hai1="133,124,32,67,5,55,68,97,53,42,11,30,89" hai2="8,33,71,51,83,81,72,105,134,77,99,114,123" hai3="23,104,74,125,31,24,59,70,93,75,37,40,90"/><U113/><E113/><V10/><F123/><W28/><G70/><T9/><D116/><U62/><E133/><V92/><F134/><W56/><G104/><T54/><D131/><U108/><E124/><V101/><F114/><W16/><G125/><T2/><D2/><U52/><E108/><V128/><F128/><W66/><G75/><T121/><D1/><U110/><E110/><V38/><F38/><W6/><G6/><T86/><D121/><U7/><E42/><V4/><F71/><W80/><G74/><T126/><D126/><U34/><E30/><N who="3" m="11306" /><G37/><T96/><D96/><U118/><E118/><V84/><F33/><W39/><G39/><T132/><D132/><U119/><E119/><V103/><F4/><W64/><G80/><T109/><D109/><U79/><E79/><V106/><F51/><N who="0" m="19466" /><D86/><U100/><E7/><V18/><F18/><W130/><G40/><T41/><D41/><U60/><E32/><V107/><REACH who="2" step="1"/><F101/><REACH who="2" ten="198,360,228,204" step="2"/><W127/><G130/><T98/><D9/><U47/><E100/><V46/><F46/><W87/><G127/><T58/><D58/><AGARI ba="1,1" hai="16,23,24,56,58,59,64,66,87,90,93" m="11306" machi="58" ten="30,2000,0" yaku="8,1,54,1" doraHai="36" who="3" fromWho="0" sc="198,-23,360,0,228,0,204,33" /><INIT seed="2,0,0,3,1,64" ten="175,360,228,237" oya="2" hai0="78,29,34,96,128,50,8,22,76,68,80,77,118" hai1="3,88,86,113,57,56,31,59,87,84,23,112,104" hai2="106,101,94,130,83,131,97,45,12,126,69,81,66" hai3="36,109,127,51,33,11,115,110,117,40,124,134,0"/><V72/><F126/><N who="3" m="48171" /><G33/><T107/><D34/><U119/><E104/><V85/><F72/><W61/><G117/><T9/><D118/><U37/><E37/><V5/><F45/><N who="3" m="23687" /><G0/><T103/><D128/><N who="2" m="49194" /><F12/><W60/><G11/><T74/><D68/><U89/><E3/><V102/><F5/><W100/><G100/><T108/><D108/><N who="3" m="41577" /><G134/><T98/><D98/><U7/><E7/><V62/><F101/><W135/><G135/><T53/><D9/><U24/><E119/><V20/><F20/><W47/><G115/><T71/><D71/><U17/><E113/><V70/><F70/><W58/><G58/><T28/><D8/><U25/><E112/><V65/><F65/><W111/><G111/><T121/><D121/><U90/><E31/><V92/><F81/><W43/><AGARI ba="0,0" hai="43,47,51,60,61" m="41577,23687,48171" machi="43" ten="30,7900,0" yaku="18,1,14,1,34,2" doraHai="64" who="3" fromWho="3" sc="175,-20,360,-20,228,-39,237,79" /><INIT seed="3,0,0,5,0,121" ten="155,340,189,316" oya="3" hai0="103,61,131,126,116,112,47,101,34,1,20,100,37" hai1="15,107,16,92,2,72,41,78,14,130,58,127,7" hai2="45,50,122,109,79,73,42,119,93,133,52,4,3" hai3="71,108,118,30,90,129,0,117,84,106,25,36,111"/><W6/><G71/><T128/><D116/><N who="3" m="44649" /><G106/><T64/><D1/><U74/><E107/><V105/><F119/><W57/><G57/><T83/><D34/><U44/><E130/><V46/><F105/><W81/><G36/><T134/><D134/><U32/><E32/><V19/><F122/><W49/><G49/><T114/><D126/><U29/><E127/><V35/><F35/><N who="3" m="20943" /><G0/><T135/><D135/><U38/><E29/><V62/><F133/><W102/><G102/><T125/><D125/><U53/><E15/><V113/><F113/><N who="0" m="43626" /><D20/><U51/><E78/><V55/><F93/><W76/><G6/><T77/><D47/><U96/><E7/><V40/><F62/><W132/><G132/><T12/><D12/><U124/><E2/><V89/><F89/><W13/><G13/><T18/><D18/><U8/><E124/><V91/><F19/><W59/><G59/><N who="0" m="36927" /><D37/><U22/><E22/><V68/><F68/><W104/><G104/><T85/><AGARI ba="0,0" hai="77,83,85,100,101,103,128,131" m="36927,43626" machi="85" ten="40,1500,0" yaku="11,1" doraHai="121" who="0" fromWho="0" sc="155,15,340,-4,189,-4,316,-7" /><INIT seed="4,0,0,3,1,34" ten="170,336,185,309" oya="0" hai0="10,109,21,61,43,15,38,94,35,3,2,78,49" hai1="128,117,75,132,135,25,89,52,95,51,8,40,55" hai2="24,116,125,92,23,108,131,101,120,41,98,69,66" hai3="42,88,68,82,130,86,11,5,119,81,31,27,50"/><T72/><D35/><U93/><E117/><V122/><F108/><W76/><G119/><T53/><D109/><U18/><E128/><V70/><F116/><W0/><G130/><T123/><D123/><U54/><E75/><V22/><F131/><W30/><G68/><T121/><D121/><U73/><E73/><V67/><F125/><W48/><G42/><T4/><D38/><U85/><E25/><V96/><F41/><W59/><G59/><T60/><D43/><U102/><E40/><V29/><F120/><W26/><G26/><T126/><D126/><U104/><E104/><V115/><F115/><W47/><G47/><T7/><D94/><U80/><E51/><V106/><F122/><W65/><G65/><T129/><D129/><U118/><E118/><V79/><F79/><W19/><G19/><T13/><D78/><U71/><E71/><V62/><F22/><W74/><G31/><T113/><D72/><U39/><E39/><V56/><REACH who="2" step="1"/><F67/><REACH who="2" ten="170,336,175,309" step="2"/><W83/><G83/><T127/><D127/><U90/><E80/><V46/><F46/><W37/><G37/><T110/><D110/><U97/><E132/><V99/><F99/><W6/><G6/><T57/><D113/><U45/><E135/><V36/><F36/><W133/><G133/><T134/><D134/><U20/><E45/><V17/><F17/><W107/><G82/><T28/><D28/><U111/><E111/><V114/><F114/><W91/><G81/><T58/><D21/><U124/><E124/><V100/><AGARI ba="0,1" hai="23,24,29,56,62,66,69,70,92,96,98,100,101,106" machi="100" ten="20,12000,2" yaku="1,1,0,1,7,1,25,2,53,2" doraHai="34" doraHaiUra="64" who="2" fromWho="2" sc="170,-60,336,-30,175,130,309,-30" /><INIT seed="5,0,0,3,5,95" ten="110,306,305,279" oya="1" hai0="11,58,3,111,91,123,63,39,1,74,62,101,75" hai1="40,71,60,126,22,20,37,112,42,88,51,26,104" hai2="0,24,13,7,64,94,124,49,44,79,102,34,86" hai3="87,12,116,98,131,120,134,135,46,9,108,90,5"/><U110/><E37/><V109/><F109/><W121/><G108/><T77/><D111/><U52/><E110/><V6/><F124/><W35/><G35/><T130/><D130/><U129/><E126/><V113/><F0/><W18/><G131/><T72/><D77/><U50/><E129/><V99/><F113/><W48/><G5/><T80/><D39/><U85/><E104/><V128/><F128/><W81/><G98/><T92/><D123/><U57/><E112/><V96/><F64/><W54/><REACH who="3" step="1"/><G116/><REACH who="3" ten="110,306,305,269" step="2"/><T55/><D80/><N who="1" m="49191" /><E71/><V133/><F34/><W56/><G56/><T107/><D107/><U73/><E73/><V93/><F133/><AGARI ba="0,1" hai="9,12,18,46,48,54,81,87,90,120,121,133,134,135" machi="133" ten="40,8000,1" yaku="1,1,25,2,20,1,53,0" doraHai="95" doraHaiUra="29" who="3" fromWho="2" sc="110,0,306,0,305,-80,269,90" /><INIT seed="6,0,0,3,0,44" ten="110,306,225,359" oya="2" hai0="48,124,75,132,91,34,72,76,43,9,59,113,50" hai1="125,104,133,61,56,112,103,118,30,20,107,97,66" hai2="82,81,45,111,63,126,29,33,10,57,24,17,123" hai3="135,130,93,27,47,128,101,65,19,26,86,122,16"/><V28/><F123/><W69/><G135/><T84/><D34/><U38/><E118/><V79/><F111/><W60/><G122/><T23/><D132/><U127/><E133/><V39/><F126/><N who="1" m="48137" /><E38/><V121/><F121/><W40/><G26/><T51/><D124/><U12/><E112/><V6/><F29/><W106/><G106/><T92/><D113/><U96/><E96/><V71/><F71/><W73/><G73/><T8/><D43/><U78/><E78/><V53/><F17/><W108/><G108/><T21/><D59/><U54/><E54/><V49/><F39/><W42/><G27/><T95/><D76/><U5/><E5/><V35/><F79/><W4/><G4/><T7/><D95/><N who="1" m="58815" /><E12/><V88/><F35/><W114/><G114/><T105/><D105/><U102/><E102/><V85/><F81/><W55/><G55/><T100/><D100/><U37/><E37/><V120/><F120/><W70/><G70/><T119/><D119/><U3/><E3/><V115/><F115/><W14/><G19/><T22/><REACH who="0" step="1"/><D9/><REACH who="0" ten="100,306,225,359" step="2"/><U46/><E46/><V89/><F89/><N who="3" m="53431" /><G101/><T87/><D87/><U90/><E90/><V74/><F74/><W110/><G110/><T11/><D11/><U67/><E67/><V32/><F32/><W25/><G47/><T131/><D131/><N who="3" m="50217" /><G42/><T15/><AGARI ba="0,1" hai="7,8,15,21,22,23,48,50,51,72,75,84,91,92" machi="15" ten="30,12000,2" yaku="1,1,0,1,52,3,53,1" doraHai="44" doraHaiUra="2" who="0" fromWho="0" sc="100,130,306,-30,225,-60,359,-30" /><INIT seed="7,0,0,3,0,49" ten="230,276,165,329" oya="3" hai0="102,116,118,83,133,75,100,42,135,63,120,91,29" hai1="96,40,115,14,134,94,68,86,81,23,10,65,125" hai2="84,89,119,28,36,34,25,67,107,131,54,126,82" hai3="93,88,22,71,37,48,129,117,130,2,50,111,12"/><W45/><G2/><T90/><D42/><U80/><E115/><V52/><F119/><N who="0" m="45610" /><D29/><U31/><E134/><N who="0" m="51209" /><D63/><U64/><E125/><V57/><F131/><W53/><G37/><T9/><D9/><U4/><E68/><V7/><F126/><W104/><G50/><T92/><D120/><U13/><E40/><V15/><F107/><W19/><G71/><T95/><D75/><U17/><E31/><V43/><F7/><W21/><G48/><T77/><D77/><N who="1" m="46351" /><E81/><V132/><F132/><W16/><G117/><T5/><D83/><U30/><E30/><V78/><F15/><W0/><G12/><T101/><D5/><U1/><E1/><V108/><F108/><W44/><G111/><T128/><D128/><U105/><E105/><V59/><F78/><W70/><G104/><T79/><D79/><U98/><E98/><V33/><F33/><W127/><G130/><T114/><D114/><U69/><E69/><V56/><REACH who="2" step="1"/><F67/><REACH who="2" ten="230,276,155,329" step="2"/><W97/><G129/><T8/><D8/><U58/><E65/><V46/><AGARI ba="0,1" hai="25,28,34,36,43,46,52,54,56,57,59,82,84,89" machi="46" ten="30,12000,2" yaku="1,1,2,1,0,1,52,2,54,1,53,1" doraHai="49" doraHaiUra="85" who="2" fromWho="2" sc="230,-30,276,-30,155,130,329,-60" /><INIT seed="8,0,0,5,4,22" ten="200,246,285,269" oya="0" hai0="119,35,75,108,0,72,1,7,124,120,94,107,83" hai1="128,81,48,15,69,105,133,131,39,31,63,102,68" hai2="103,6,45,82,50,12,40,57,52,23,38,77,89" hai3="65,80,10,53,51,90,14,27,78,100,96,117,134"/><T110/><D107/><U130/><E39/><V34/><F34/><W54/><G134/><T79/><D35/><U21/><E133/><V71/><F103/><W2/><G2/><T67/><D120/><U59/><E48/><V37/><F89/><W84/><G65/><T8/><D1/><U3/><E3/><V98/><F98/><W55/><G117/><T113/><D113/><U129/><E81/><V101/><F101/><W30/><G78/><T91/><D75/><U116/><E116/><V18/><F6/><W33/><G51/><T61/><D124/><U109/><E109/><V92/><F92/><W46/><G46/><T111/><D119/><U135/><E135/><V99/><F99/><W88/><G90/><T49/><D49/><U115/><E115/><V125/><F125/><W121/><G121/><T62/><REACH who="0" step="1"/><D67/><REACH who="0" ten="190,246,285,269" step="2"/><N who="1" m="39423" /><E131/><V29/><F37/><W66/><G66/><T73/><D73/><U28/><E130/><V114/><F114/><W36/><G36/><T106/><D106/><U47/><E129/><V93/><F38/><W104/><G55/><T85/><AGARI ba="0,1" hai="0,7,8,61,62,72,79,83,85,91,94,108,110,111" machi="85" ten="30,6000,0" yaku="1,1,0,1,10,1,53,0" doraHai="22" doraHaiUra="16" who="0" fromWho="0" sc="190,70,246,-20,285,-20,269,-20" /><INIT seed="8,1,0,0,3,36" ten="260,226,265,249" oya="0" hai0="124,97,112,103,110,30,109,1,34,75,42,51,57" hai1="16,43,27,29,130,78,114,2,49,45,116,32,17" hai2="100,86,53,125,135,58,5,4,107,91,84,55,59" hai3="88,6,8,134,81,12,111,44,132,56,127,62,123"/><T28/><D1/><U48/><E116/><V82/><F135/><N who="3" m="51755" /><G111/><N who="0" m="42507" /><D75/><U22/><E130/><V14/><F125/><W7/><G123/><T70/><D70/><U126/><E126/><V64/><F107/><W39/><G127/><T25/><D124/><U31/><E114/><V89/><F100/><W83/><G6/><T96/><D112/><U18/><E2/><V67/><F14/><W94/><G44/><N who="0" m="26007" /><D103/><U117/><E117/><V87/><F87/><N who="3" m="52511" /><G39/><T33/><D57/><U106/><E106/><V133/><F133/><W37/><G37/><T76/><D76/><U13/><E78/><V131/><F131/><W20/><G20/><T46/><D46/><U128/><E128/><V101/><F101/><W15/><G15/><T66/><D66/><AGARI ba="1,0" hai="7,8,12,56,62,66,81,83" m="52511,51755" machi="66" ten="30,2000,0" yaku="20,1,54,1" doraHai="36" who="3" fromWho="0" sc="260,-23,226,0,265,0,249,23" /><INIT seed="9,0,0,0,1,89" ten="237,226,265,272" oya="1" hai0="102,117,44,128,98,85,75,5,35,131,134,129,76" hai1="82,16,12,72,41,111,53,99,19,69,114,49,20" hai2="80,60,58,86,34,28,119,26,38,78,6,95,30" hai3="126,73,130,108,27,118,40,109,46,125,112,17,121"/><U24/><E114/><V100/><F119/><W115/><G73/><T83/><D35/><U8/><E69/><V29/><F38/><N who="3" m="21783" /><G121/><T62/><D5/><U103/><E111/><N who="3" m="42570" /><G17/><T25/><D25/><U66/><E66/><V59/><F6/><W104/><G27/><T63/><D117/><U52/><E72/><V101/><F58/><W54/><G118/><T15/><D15/><U22/><E82/><V10/><F10/><W23/><G23/><T48/><D75/><U79/><E79/><V56/><F56/><W94/><G94/><N who="0" m="58711" /><D134/><U71/><E71/><V124/><F124/><N who="3" m="47723" /><G104/><T51/><D51/><U81/><E81/><V39/><F39/><W88/><G88/><T96/><D96/><U43/><E20/><V107/><F107/><W113/><G54/><AGARI ba="0,0" hai="44,48,54,62,63,76,83,85,128,129,131" m="58711" machi="54" ten="30,2000,0" yaku="19,1,52,1" doraHai="89" who="0" fromWho="3" sc="237,20,226,0,265,0,272,-20" /><INIT seed="10,0,0,4,5,70" ten="257,226,265,252" oya="2" hai0="91,22,123,64,33,40,60,58,43,23,14,5,131" hai1="55,134,76,128,80,101,38,104,3,11,100,113,2" hai2="25,53,73,120,63,30,68,84,82,99,96,127,21" hai3="110,116,66,126,9,133,89,47,34,24,8,119,57"/><V95/><F120/><W4/><G110/><T105/><D105/><U135/><E128/><V37/><F73/><W74/><G74/><T130/><D33/><U83/><E113/><V92/><F37/><W49/><G126/><T36/><D123/><U87/><E38/><V107/><F107/><W94/><G133/><N who="1" m="50698" /><E104/><V71/><F127/><W109/><G109/><T88/><D40/><U46/><E46/><V124/><F124/><W112/><G112/><T78/><D78/><N who="1" m="46487" /><E55/><V86/><F86/><W35/><G119/><T7/><D7/><N who="1" m="1527" /><E3/><V85/><F85/><AGARI ba="0,0" hai="76,83,85,100,101" m="1527,46487,50698" machi="85" ten="30,1000,0" yaku="20,1" doraHai="70" who="1" fromWho="2" sc="257,0,226,10,265,-10,252,0" /><INIT seed="11,0,0,0,5,40" ten="257,236,255,252" oya="3" hai0="32,99,88,16,45,58,90,114,0,53,27,24,116" hai1="95,56,57,8,49,33,127,100,34,9,117,74,73" hai2="23,86,105,36,65,48,11,44,81,126,128,72,75" hai3="61,104,26,15,22,106,18,20,101,14,125,78,122"/><W113/><G122/><T134/><D116/><U93/><E49/><V96/><F36/><W50/><G113/><T55/><D0/><U110/><E100/><V109/><F109/><W21/><G125/><T102/><D114/><U13/><E13/><V71/><F126/><W111/><G111/><T12/><D134/><U1/><E127/><V3/><F128/><W51/><G78/><T103/><D32/><U63/><E110/><V107/><F23/><N who="3" m="8779" /><G106/><T39/><D39/><U5/><E5/><V42/><F65/><W79/><G104/><T131/><D131/><U84/><E84/><V52/><F71/><W10/><G101/><N who="0" m="38411" /><D45/><U120/><E63/><V68/><F68/><W17/><G79/><T41/><D41/><U28/><E28/><V124/><F96/><W87/><G87/><T19/><D55/><U54/><E54/><V37/><F124/><W98/><G98/><T132/><D132/><U25/><E25/><N who="0" m="9801" /><D99/><U38/><E38/><V60/><F107/><W2/><G2/><T80/><D80/><U82/><E82/><V135/><F105/><W118/><G118/><T76/><D76/><U31/><E1/><V97/><F97/><W35/><G35/><T91/><D12/><U83/><E83/><V64/><F135/><W123/><G123/><T47/><D47/><U108/><E108/><V115/><F115/><W121/><G121/><T6/><D6/><U62/><E120/><V67/><F3/><W89/><G26/><T70/><D70/><U92/><E92/><V85/><F11/><W119/><G119/><T43/><D43/><U94/><E117/><RYUUKYOKU ba="0,0" sc="257,30,236,-10,255,-10,252,-10" hai0="16,19,53,58,88,90,91" owari="287,38.0,226,-27.0,245,5.0,242,-16.0" /></mjloggm>