<mjloggm ver="2.3"><GO type="169" lobby="0"/><UN n0="%2E%E3%82%A4%E3%83%AA%E3%82%A2%E3%82%B9" n1="%6E%61%6E%6E%61%6E%79%61" n2="%E3%82%A2%E3%82%B9%E3%82%BF%E3%83%8A" n3="%E7%AB%8B%E8%8F%AF%E5%A5%8F" dan="16,16,16,16" rate="2140.37,2087.67,2063.42,2080.11" sx="M,M,M,F"/><TAIKYOKU oya="0"/><INIT seed="0,0,0,1,5,76" ten="250,250,250,250" oya="0" hai0="96,55,100,0,10,51,103,88,61,27,52,68,17" hai1="43,67,48,75,86,133,7,126,42,2,84,74,1" hai2="132,82,101,25,34,117,95,20,4,120,105,47,81" hai3="44,32,94,110,8,30,124,90,66,119,38,33,93"/><T6/><D17/><U50/><E67/><V62/><F120/><W79/><G119/><T98/><D27/><U18/><E18/><V29/><F105/><W19/><G124/><T35/><D35/><U13/><E13/><V123/><F123/><W31/><G66/><T63/><D68/><U99/><E99/><V26/><F117/><W36/><G79/><T5/><D0/><U49/><E126/><V58/><F132/><W46/><G8/><T127/><D127/><U37/><E37/><V104/><F104/><W107/><G107/><T80/><D10/><U114/><E133/><V39/><F4/><W56/><G56/><T41/><D41/><U89/><E7/><N who="0" m="2569" /><D100/><U24/><E24/><V21/><F34/><W9/><G9/><T131/><D131/><U12/><E12/><V134/><F134/><W118/><G118/><T135/><D135/><U15/><E15/><V3/><F3/><W54/><G19/><T16/><D103/><U11/><E11/><V57/><F39/><W69/><G69/><T113/><D16/><U40/><E114/><V78/><F47/><W129/><G129/><T112/><D112/><U92/><E1/><V116/><F116/><W23/><G23/><T70/><D70/><U65/><E2/><V83/><F78/><W28/><G28/><T71/><D71/><U64/><E64/><V130/><F130/><W53/><G90/><T121/><D121/><U45/><E65/><V60/><F101/><W72/><G72/><N who="1" m="27690" /><E45/><V97/><F97/><N who="0" m="37482" /><D113/><U111/><E42/><V87/><F29/><W85/><G85/><N who="0" m="50215" /><D55/><U77/><E40/><RYUUKYOKU ba="0,0" sc="250,15,250,-15,250,-15,250,15" hai0="51,52,61,63" hai3="30,31,32,33,36,38,44,46,53,54,93,94,110" /><INIT seed="0,1,0,5,2,134" ten="265,235,235,265" oya="0" hai0="66,124,63,18,76,5,52,106,75,91,120,118,82" hai1="48,131,24,119,57,123,81,111,89,53,34,132,65" hai2="114,117,32,67,126,58,3,108,135,59,97,39,83" hai3="64,92,115,94,42,45,15,60,31,107,84,41,25"/><T36/><D120/><U127/><E123/><V122/><RYUUKYOKU type="yao9" ba="1,0" sc="265,0,235,0,235,0,265,0" hai2="3,32,39,58,59,67,83,97,108,114,117,122,126,135" /><INIT seed="0,2,0,2,5,102" ten="265,235,235,265" oya="0" hai0="85,123,31,44,82,126,42,54,46,13,116,94,30" hai1="81,61,90,98,67,89,111,95,120,125,66,37,124" hai2="119,74,45,101,91,55,50,86,121,132,130,21,32" hai3="26,70,78,38,10,122,35,77,33,106,17,83,7"/><T131/><D123/><U57/><E120/><V99/><F121/><W28/><G122/><RYUUKYOKU type="kaze4" ba="2,0" sc="265,0,235,0,235,0,265,0" /><INIT seed="0,3,0,0,2,65" ten="265,235,235,265" oya="0" hai0="113,120,30,83,104,119,90,41,2,44,121,133,7" hai1="20,74,38,78,130,75,53,84,106,4,25,91,102" hai2="5,115,124,10,15,126,103,107,88,89,37,127,105" hai3="23,82,73,109,123,6,34,35,45,46,98,1,8"/><T49/><D119/><U42/><E130/><V13/><F115/><W52/><G123/><T68/><D113/><U122/><E122/><V51/><F37/><W39/><G109/><T61/><D104/><N who="2" m="40010" /><F103/><W87/><G98/><T96/><D133/><U24/><E4/><V63/><F51/><W28/><G73/><T54/><D30/><U22/><E42/><V21/><F63/><W62/><G23/><T94/><D83/><U64/><E38/><V36/><F36/><W72/><G72/><T19/><D19/><AGARI ba="3,0" hai="5,10,13,15,19,21,88,89,124,126,127" m="40010" machi="19" ten="40,2600,0" yaku="18,1,54,1" doraHai="65" who="2" fromWho="0" sc="265,-35,235,0,235,35,265,0" /><INIT seed="1,0,0,1,4,86" ten="230,235,270,265" oya="1" hai0="95,127,97,115,2,28,44,56,38,65,18,58,57" hai1="41,98,42,0,77,46,70,11,30,93,121,7,64" hai2="50,89,79,48,78,55,94,107,104,60,13,88,39" hai3="112,34,116,126,14,69,84,76,110,3,130,53,80"/><U19/><E121/><V73/><F39/><W9/><G112/><T122/><D115/><U105/><E105/><V102/><F73/><W29/><G116/><T83/><D2/><U35/><E77/><N who="2" m="29195" /><F107/><W131/><G3/><T51/><D83/><U8/><E70/><V27/><F104/><W10/><G69/><T128/><D122/><U132/><E64/><V33/><F33/><W36/><G36/><T135/><D38/><U68/><E68/><V49/><F27/><W31/><G126/><T90/><D127/><U16/><E132/><V92/><F13/><W72/><G72/><T103/><D135/><U15/><E46/><V134/><F134/><W25/><G31/><T23/><D28/><U74/><E74/><V75/><F75/><W32/><G32/><T59/><D128/><N who="3" m="49193" /><G110/><T129/><D129/><U133/><E133/><V37/><F37/><W100/><G100/><T82/><D65/><U4/><E30/><V114/><F114/><W118/><G118/><T119/><D119/><U12/><E35/><V40/><F40/><N who="1" m="15465" /><E0/><V24/><F24/><W17/><G53/><N who="0" m="29927" /><D56/><U6/><E6/><V45/><F102/><AGARI ba="0,0" hai="4,7,8,11,12,15,16,19,93,98,102" m="15465" machi="102" ten="30,2900,0" yaku="8,1,54,1" doraHai="86" who="1" fromWho="2" sc="230,0,235,29,270,-29,265,0" /><INIT seed="1,1,0,5,5,129" ten="230,264,241,265" oya="1" hai0="116,83,97,67,105,68,20,92,1,6,45,47,104" hai1="130,58,108,106,51,46,61,123,16,2,32,33,11" hai2="19,134,112,65,78,86,21,115,131,35,125,66,99" hai3="82,36,7,53,73,89,49,5,122,128,42,64,94"/><U38/><E130/><V126/><F35/><W127/><G128/><T63/><D116/><U133/><E123/><V40/><F131/><W3/><G122/><T0/><D83/><U91/><E106/><V13/><F40/><W72/><G127/><N who="2" m="48649" /><F99/><W25/><G64/><N who="2" m="24681" /><F134/><W119/><G119/><T27/><D105/><U14/><E133/><V37/><F37/><W56/><G25/><T48/><D104/><U9/><E38/><V8/><F8/><W109/><G109/><T50/><D47/><U88/><E108/><V102/><F102/><W55/><G36/><T59/><D68/><U12/><E2/><V107/><F107/><W62/><G42/><T54/><D50/><U77/><E32/><V4/><F4/><W90/><G3/><T80/><D80/><AGARI ba="1,0" hai="13,19,21,78,80,86,112,115" m="24681,48649" machi="80" ten="30,1000,0" yaku="18,1" doraHai="129" who="2" fromWho="0" sc="230,-13,264,0,241,13,265,0" /><INIT seed="2,0,0,5,1,57" ten="217,264,254,265" oya="2" hai0="108,36,10,84,62,81,9,119,72,50,128,40,71" hai1="125,25,67,2,34,38,23,85,66,19,52,87,7" hai2="98,60,24,93,120,13,129,130,17,92,51,3,117" hai3="73,33,1,22,115,96,6,134,95,53,124,56,4"/><V47/><F3/><W112/><G33/><T106/><D72/><U123/><E38/><V35/><F120/><W127/><G73/><T132/><D36/><U111/><E123/><V104/><F117/><W14/><G1/><T64/><D106/><U69/><E111/><V26/><F104/><W29/><G134/><T122/><D122/><U110/><E110/><V21/><F60/><N who="3" m="35855" /><G29/><T16/><D108/><U109/><E109/><V91/><F93/><W49/><G49/><T12/><D132/><U74/><E74/><V90/><F90/><N who="3" m="55415" /><G22/><T15/><D119/><U102/><E34/><V101/><F101/><W70/><G70/><T65/><D128/><N who="2" m="49258" /><F35/><W5/><G14/><T107/><D107/><U80/><E102/><V46/><F46/><W82/><G82/><T63/><D40/><AGARI ba="0,0" hai="13,17,21,24,26,40,47,51,91,92,98" m="49258" machi="40" ten="30,1500,0" yaku="19,1" doraHai="57" who="2" fromWho="0" sc="217,-15,264,0,254,15,265,0" /><INIT seed="2,1,0,5,1,12" ten="202,264,269,265" oya="2" hai0="133,13,57,34,82,72,11,110,123,48,21,59,41" hai1="134,47,125,129,104,16,56,92,74,101,115,42,51" hai2="65,95,62,78,50,84,126,135,20,45,106,24,1" hai3="61,18,19,53,31,33,6,105,109,25,128,108,80"/><V121/><F121/><W127/><G105/><T119/><D123/><U107/><E115/><V55/><F106/><W2/><G80/><T77/><D34/><U9/><E74/><V66/><F1/><W38/><G38/><T28/><D110/><N who="3" m="42601" /><G127/><T0/><D133/><U30/><E125/><V63/><F126/><W22/><G128/><T88/><D119/><U94/><E30/><V98/><F135/><W52/><G33/><T7/><D28/><U71/><E71/><V83/><F65/><W122/><G122/><T103/><D103/><U26/><E129/><V113/><F66/><W60/><G60/><T96/><D41/><U85/><E134/><V44/><F44/><W76/><G76/><T64/><D48/><U37/><E104/><V15/><F15/><W114/><G114/><T4/><D64/><U90/><E107/><V79/><F79/><W58/><G53/><T49/><D49/><U40/><E40/><V46/><F46/><W120/><G120/><T27/><D0/><U86/><E101/><V99/><F113/><W14/><G2/><T67/><D67/><U117/><E117/><V97/><REACH who="2" step="1"/><F95/><REACH who="2" ten="202,264,259,265" step="2"/><W75/><G75/><T100/><D72/><U124/><E124/><V111/><F111/><W29/><G6/><T130/><D4/><U35/><E92/><V93/><F93/><W69/><G69/><T132/><D130/><U73/><E94/><V54/><F54/><W70/><G70/><T131/><D132/><U8/><E73/><V32/><F32/><W68/><G68/><T91/><D131/><U102/><E35/><V36/><F36/><RYUUKYOKU ba="1,1" sc="202,-15,264,-15,259,15,265,15" hai2="20,24,45,50,55,62,63,78,83,84,97,98,99" hai3="14,18,19,22,25,29,31,52,58,61" /><INIT seed="2,2,1,2,5,113" ten="187,249,274,280" oya="2" hai0="54,94,5,42,37,106,72,74,107,65,33,44,81" hai1="43,49,120,40,10,92,31,63,36,83,71,28,57" hai2="104,23,85,111,134,13,116,52,26,122,11,3,38" hai3="105,100,34,79,117,55,110,91,126,98,97,64,61"/><V115/><F122/><W123/><G123/><T86/><D33/><U9/><E120/><V24/><F115/><W27/><G126/><T0/><D65/><U119/><E36/><V20/><F38/><W69/><G110/><T103/><D72/><U95/><E71/><V132/><F104/><W60/><G79/><N who="0" m="44279" /><D54/><U121/><E121/><V50/><F3/><W1/><G1/><T76/><D76/><U48/><E83/><V18/><F111/><W93/><G60/><T80/><D80/><U8/><E63/><V41/><F41/><W78/><G78/><T58/><D58/><U2/><E2/><V127/><F127/><W96/><G55/><T133/><D133/><N who="2" m="51306" /><F85/><W46/><G46/><T109/><D109/><U14/><E57/><N who="2" m="32919" /><F116/><W128/><G128/><T67/><D67/><U66/><E66/><V59/><F59/><W62/><G62/><T16/><D103/><U75/><E75/><V30/><F26/><W39/><G39/><T130/><D130/><U45/><E45/><V6/><F23/><W19/><G19/><AGARI ba="2,1" hai="6,11,13,18,19,20,24,30" m="32919,51306" machi="19" ten="30,2900,0" yaku="20,1,54,1" doraHai="113" who="2" fromWho="3" sc="187,0,249,0,274,45,280,-35" /><INIT seed="2,3,0,5,3,71" ten="187,249,319,245" oya="2" hai0="40,49,64,84,117,44,122,112,96,27,106,104,79" hai1="76,124,4,37,26,81,54,110,83,58,23,107,94" hai2="63,119,100,25,74,92,61,109,87,9,20,70,24" hai3="36,46,86,103,2,3,73,5,114,88,35,129,113"/><V51/><F119/><W91/><G73/><T7/><D112/><N who="3" m="43113" /><G35/><T56/><D122/><U12/><E107/><V16/><F74/><W48/><G129/><T57/><D117/><U85/><E110/><V120/><F120/><W60/><G103/><T89/><D7/><U108/><E37/><V125/><F125/><W30/><G30/><T18/><D79/><U98/><E108/><V22/><F109/><W50/><G60/><T133/><D133/><U132/><E132/><V10/><F51/><N who="3" m="19499" /><G5/><T135/><D135/><U121/><E124/><V102/><F70/><W21/><G21/><N who="0" m="13751" /><D106/><U72/><E121/><V134/><F134/><W0/><G86/><T28/><D28/><U32/><E32/><V126/><F126/><W38/><G46/><T42/><D64/><U93/><E4/><V69/><F69/><W77/><G77/><T59/><D104/><U45/><E45/><V75/><F75/><W80/><G80/><N who="0" m="49287" /><D96/><U55/><E98/><V115/><F115/><W19/><G19/><T14/><D14/><U116/><E12/><V17/><F87/><W65/><G65/><T6/><D6/><U29/><E116/><V105/><F105/><W82/><G82/><T41/><AGARI ba="3,0" hai="40,41,42,44,49,56,57,59" m="49287,13751" machi="41" ten="30,1100,0" yaku="8,1" doraHai="71" who="0" fromWho="0" sc="187,20,249,-6,319,-8,245,-6" /><INIT seed="3,0,0,2,5,74" ten="207,243,311,239" oya="3" hai0="0,7,13,6,68,4,50,95,31,11,1,112,128" hai1="81,64,92,18,130,52,15,10,58,119,35,60,124" hai2="36,86,134,53,44,108,3,91,39,111,42,84,66" hai3="121,2,17,49,55,83,103,43,38,27,33,105,85"/><W16/><G121/><T47/><D68/><U104/><E104/><V45/><F3/><W98/><G2/><T110/><D110/><N who="2" m="42026" /><F134/><W48/><G38/><T56/><D128/><U131/><E35/><V117/><F117/><W102/><G102/><T8/><D112/><U51/><E119/><V69/><F86/><W73/><G73/><T89/><D31/><U34/><E34/><V62/><F84/><W115/><G115/><T25/><D25/><U125/><E92/><V96/><F91/><W28/><G43/><T37/><D37/><U12/><E12/><V70/><F96/><W101/><G101/><T14/><D56/><U123/><E81/><V113/><F113/><W77/><G49/><T32/><D32/><U80/><E80/><V19/><F19/><W65/><G65/><T40/><REACH who="0" step="1"/><D6/><REACH who="0" ten="197,243,311,239" step="2"/><U20/><E123/><V88/><F36/><W99/><G99/><AGARI ba="0,1" hai="0,1,4,7,8,11,13,14,40,47,50,89,95,99" machi="99" ten="30,7700,0" yaku="1,1,2,1,7,1,9,1,53,0" doraHai="74" doraHaiUra="133" who="0" fromWho="3" sc="197,87,243,0,311,0,239,-77" /><INIT seed="4,0,0,3,4,16" ten="284,243,311,162" oya="0" hai0="61,40,108,53,97,10,91,114,30,70,89,27,127" hai1="42,4,13,107,125,7,132,5,57,36,46,90,20" hai2="1,56,3,78,6,9,29,118,75,26,126,34,51" hai3="71,41,35,14,23,117,92,49,52,106,113,63,128"/><T77/><D114/><U22/><E107/><V111/><F111/><W44/><G106/><T33/><D127/><U12/><E125/><V47/><F126/><W87/><G35/><T69/><D108/><U11/><E132/><V100/><F118/><W102/><G113/><T96/><D77/><U86/><E57/><V31/><F100/><W66/><G117/><T2/><D40/><U67/><E67/><V105/><F105/><W112/><G112/><T15/><D2/><U0/><E0/><V38/><F31/><W129/><G41/><T110/><D110/><U58/><E58/><V95/><F95/><W99/><REACH who="3" step="1"/><G87/><REACH who="3" ten="284,243,311,152" step="2"/><T121/><D33/><U24/><E24/><V8/><F26/><W101/><G101/><T73/><D27/><U82/><REACH who="1" step="1"/><E13/><REACH who="1" ten="284,233,311,152" step="2"/><V60/><F1/><W65/><G65/><T130/><D15/><U25/><E25/><V103/><F3/><W21/><G21/><AGARI ba="0,2" hai="4,5,7,11,12,20,21,22,36,42,46,82,86,90" machi="21" ten="40,8000,1" yaku="1,1,52,3,53,0" doraHai="16" doraHaiUra="115" who="1" fromWho="3" sc="284,0,233,100,311,0,152,-80" /><INIT seed="5,0,0,4,2,6" ten="284,333,311,72" oya="1" hai0="63,27,52,105,125,53,25,49,131,33,5,21,87" hai1="124,54,65,101,106,20,126,41,51,109,121,90,94" hai2="16,72,10,64,50,83,96,22,13,48,35,130,119" hai3="104,85,17,69,122,30,107,103,31,81,88,99,80"/><U134/><E121/><V129/><F119/><W1/><G122/><T28/><D105/><U108/><E41/><V29/><F35/><W44/><G69/><T92/><D131/><N who="2" m="50186" /><F64/><W38/><G107/><T132/><D132/><U59/><E134/><V4/><F29/><W112/><G112/><T123/><D125/><N who="1" m="48235" /><E65/><V93/><F83/><W46/><G1/><T115/><D115/><U77/><E77/><V75/><F75/><W70/><G70/><T91/><D123/><U86/><E20/><V84/><F84/><W62/><G62/><T82/><D63/><U78/><E78/><V68/><F72/><W19/><G81/><T127/><D127/><U73/><E73/><V110/><F68/><W43/><REACH who="3" step="1"/><G46/><REACH who="3" ten="284,333,311,62" step="2"/><T11/><D82/><U7/><E106/><V45/><F45/><W120/><G120/><T26/><D33/><U111/><E111/><V98/><F110/><W36/><G36/><T97/><D97/><N who="2" m="37482" /><F93/><W67/><G67/><T3/><D53/><U60/><E54/><V66/><F66/><W116/><G116/><T12/><D3/><AGARI ba="0,1" hai="3,4,10,13,16,22,48,50" m="37482,50186" machi="3" ten="30,3900,0" yaku="19,1,52,1,54,1" doraHai="6" who="2" fromWho="0" sc="284,-39,333,0,311,49,62,0" /><INIT seed="6,0,0,4,5,96" ten="245,333,360,62" oya="2" hai0="68,105,13,65,130,103,15,0,40,53,87,2,17" hai1="9,75,61,47,39,16,28,71,118,32,22,46,44" hai2="67,108,109,94,14,85,56,114,99,133,3,24,80" hai3="54,70,49,112,48,123,69,7,113,33,37,81,77"/><V21/><F3/><W23/><G33/><T36/><D130/><U29/><E118/><V102/><F114/><N who="3" m="44139" /><G123/><T6/><D6/><U76/><E39/><V89/><F133/><W57/><G37/><T95/><D105/><U79/><E32/><V25/><F14/><W30/><G7/><T55/><D13/><U128/><E9/><V45/><F45/><W88/><G49/><T12/><D12/><U41/><E41/><V19/><REACH who="2" step="1"/><F24/><REACH who="2" ten="245,333,350,62" step="2"/><N who="3" m="16671" /><G88/><T93/><D0/><U100/><E128/><V8/><F8/><W59/><G59/><T63/><D2/><U121/><E46/><V101/><F101/><W110/><G110/><T38/><D103/><U51/><E100/><V5/><F5/><W115/><G115/><T92/><D15/><U73/><E47/><V132/><F132/><W134/><G134/><T4/><D4/><U131/><E44/><V120/><F120/><W84/><AGARI ba="0,1" hai="48,54,57,69,70,77,81,84" m="16671,44139" machi="84" ten="30,2000,0" yaku="15,1,11,1" doraHai="96" who="3" fromWho="3" sc="245,-5,333,-5,350,-10,62,30" /><INIT seed="7,0,0,3,0,99" ten="240,328,340,92" oya="3" hai0="134,135,29,125,3,89,7,32,112,74,62,127,35" hai1="0,94,19,46,17,129,59,65,34,109,83,4,73" hai2="71,106,54,27,122,105,5,63,15,81,38,114,30" hai3="28,37,124,56,14,98,120,58,130,52,102,22,90"/><W82/><G120/><T42/><D74/><U39/><E109/><V12/><F38/><W67/><G37/><T8/><D42/><U96/><E34/><N who="0" m="12841" /><D62/><U84/><E129/><V76/><F122/><W55/><G130/><T100/><D89/><U10/><E73/><V48/><F114/><W20/><G124/><N who="0" m="47691" /><D100/><U18/><E39/><V72/><F15/><W1/><G1/><T23/><D112/><U104/><E104/><V40/><F40/><W97/><G67/><T11/><D11/><U101/><E46/><V51/><F51/><W21/><G28/><T115/><D115/><U117/><E65/><V107/><F63/><W66/><G66/><T78/><D78/><U128/><E128/><V43/><F43/><W131/><G131/><T79/><D79/><U33/><E59/><N who="3" m="22570" /><G14/><T103/><D103/><U113/><E113/><V108/><F71/><W9/><G9/><T50/><D50/><U87/><E10/><V25/><F48/><W91/><G82/><T118/><D118/><U85/><E117/><V126/><F81/><W111/><G111/><T69/><D69/><U75/><E83/><V45/><F108/><W47/><G47/><T110/><D110/><U123/><E75/><V132/><F72/><W77/><G77/><T61/><D61/><U57/><E57/><V88/><F76/><W53/><G102/><T44/><D44/><U2/><E101/><V64/><F45/><W31/><G31/><T133/><D23/><U80/><E33/><V49/><F126/><W60/><G60/><T92/><D29/><U116/><E116/><V16/><F30/><RYUUKYOKU ba="0,0" sc="240,15,328,-15,340,-15,92,15" hai0="3,7,8,92,133,134,135" hai3="20,21,22,52,53,55,90,91,97,98" /><INIT seed="7,1,0,3,4,69" ten="255,313,325,107" oya="3" hai0="118,50,15,65,133,32,68,83,89,27,79,105,115" hai1="109,71,120,126,82,43,24,90,33,55,13,48,75" hai2="60,95,44,9,116,86,84,26,119,127,5,58,40" hai3="73,22,20,114,103,12,0,1,99,129,62,131,81"/><W49/><G114/><T94/><D118/><U59/><E120/><V14/><F127/><W121/><G121/><T61/><D105/><U87/><E109/><V38/><F26/><W92/><G62/><T31/><D133/><U100/><E126/><V85/><REACH who="2" step="1"/><F95/><REACH who="2" ten="255,313,315,107" step="2"/><W42/><G0/><T53/><D115/><U16/><E24/><V117/><F117/><W37/><G1/><T46/><D15/><U10/><E33/><V112/><F112/><W41/><G12/><T93/><REACH who="0" step="1"/><D89/><REACH who="0" ten="245,313,315,107" step="2"/><U6/><E90/><V72/><F72/><AGARI ba="1,2" hai="27,31,32,46,50,53,61,65,68,72,79,83,93,94" machi="72" ten="30,3900,0" yaku="1,1,2,1,7,1,53,0" doraHai="69" doraHaiUra="134" who="0" fromWho="2" sc="245,62,313,0,315,-42,107,0" owari="307,11.0,313,41.0,273,-13.0,107,-39.0" /></mjloggm>