<mjloggm ver="2.3"><GO type="169" lobby="0"/><UN n0="%EF%BD%9E%E9%9A%BC%EF%BD%9E" n1="%61%69%73%6D" n2="%7A%6B%75%72%74" n3="%4B%49%4E%4F" dan="17,16,18,17" rate="2187.14,2096.16,2228.60,2187.08" sx="M,M,M,F"/><TAIKYOKU oya="0"/><INIT seed="0,0,0,0,2,116" ten="250,250,250,250" oya="0" hai0="115,51,68,76,21,37,34,122,108,60,96,15,48" hai1="100,64,71,101,13,61,35,85,14,3,88,41,53" hai2="123,23,73,22,65,59,80,16,24,92,7,95,113" hai3="69,121,30,125,6,87,25,103,75,29,104,42,78"/><T114/><D34/><U132/><E3/><V44/><F113/><W127/><G69/><T112/><D37/><U31/><E132/><V45/><F7/><W110/><G110/><T119/><D119/><U133/><E133/><V10/><F10/><W70/><G70/><T66/><D122/><U47/><E53/><V74/><F123/><W8/><G75/><T20/><D108/><U134/><E134/><V81/><F59/><W72/><G72/><T118/><D118/><U49/><E31/><V52/><F65/><W86/><G42/><T12/><D76/><U90/><E90/><V98/><F98/><N who="3" m="61559" /><G78/><T19/><REACH who="0" step="1"/><D96/><REACH who="0" ten="240,250,250,250" step="2"/><U129/><E35/><V2/><F2/><W67/><G121/><T50/><D50/><U57/><E71/><V126/><F126/><W117/><G117/><T40/><D40/><U27/><E49/><V120/><F120/><W128/><G127/><T130/><D130/><U111/><E41/><V102/><F74/><W43/><G43/><T55/><D55/><U36/><E36/><V9/><F73/><W97/><G97/><T84/><D84/><U131/><E85/><V109/><F109/><W38/><G38/><T62/><D62/><U105/><E111/><V107/><F52/><W99/><G99/><T79/><D79/><U56/><E131/><V89/><F102/><W18/><G128/><T26/><D26/><U94/><E101/><V135/><F24/><W32/><G125/><T28/><D28/><U91/><E100/><V54/><F54/><W124/><G124/><T106/><D106/><U11/><E105/><V83/><F107/><RYUUKYOKU ba="0,1" sc="240,30,250,-10,250,-10,250,-10" hai0="12,15,19,20,21,48,51,60,66,68,112,114,115" /><INIT seed="0,1,1,5,4,72" ten="270,240,240,240" oya="0" hai0="130,107,5,73,78,116,88,125,23,97,11,80,38" hai1="32,66,127,43,98,16,115,35,87,77,135,95,132" hai2="52,83,7,126,60,9,96,67,63,89,33,36,124" hai3="15,120,37,68,0,14,134,102,53,112,21,6,122"/><T129/><D116/><U99/><E115/><V91/><F36/><W104/><G112/><T119/><D119/><U123/><E123/><N who="3" m="47146" /><G37/><T1/><D125/><N who="2" m="48234" /><F33/><W79/><G68/><T12/><D38/><U28/><E127/><V25/><F25/><W19/><G0/><T8/><D23/><U61/><E43/><V17/><F17/><W24/><G6/><T105/><D88/><N who="2" m="33866" /><F96/><N who="3" m="61511" /><G134/><T44/><D44/><U39/><E99/><V54/><F83/><W75/><G53/><N who="2" m="20585" /><F67/><W82/><AGARI ba="1,1" hai="14,15,19,21,24,75,79,82" m="61511,47146" machi="82" ten="30,2000,0" yaku="13,1,52,1" doraHai="72" who="3" fromWho="3" sc="270,-11,240,-6,240,-6,240,33" /><INIT seed="1,0,0,5,1,54" ten="259,234,234,273" oya="1" hai0="60,87,132,133,51,9,117,104,26,111,46,52,72" hai1="78,130,112,48,5,30,65,35,1,56,28,53,71" hai2="107,91,81,49,55,27,2,94,25,20,113,47,106" hai3="41,39,58,12,67,29,66,31,70,14,85,38,43"/><U37/><E112/><V23/><F2/><W15/><G70/><T40/><D72/><U24/><E130/><V57/><F113/><W89/><G85/><T102/><D117/><U13/><E1/><V3/><F3/><W11/><G11/><T98/><D111/><U127/><E127/><V62/><F81/><W96/><G96/><T63/><D9/><U120/><E120/><V118/><F118/><W45/><G89/><T128/><D128/><U68/><E37/><V123/><F123/><W126/><G126/><T6/><D6/><U125/><E125/><V93/><F93/><W32/><G32/><T10/><D10/><U99/><E5/><V116/><F116/><W50/><G50/><T110/><D110/><U61/><E13/><V44/><F44/><W8/><G8/><T74/><D74/><U21/><E78/><V83/><F83/><W86/><G86/><T42/><D26/><N who="2" m="9738" /><F107/><W100/><G100/><T97/><D87/><U95/><E35/><V92/><F92/><W88/><G88/><T36/><D98/><U119/><E119/><V79/><F79/><W22/><G45/><T82/><D82/><U17/><E71/><V135/><F106/><W101/><G101/><AGARI ba="0,0" hai="17,21,24,28,30,48,53,56,61,65,68,95,99,101" machi="101" ten="30,2900,0" yaku="7,1,52,1" doraHai="54" who="1" fromWho="3" sc="259,0,234,29,234,0,273,-29" /><INIT seed="1,1,0,5,3,57" ten="259,263,234,244" oya="1" hai0="84,79,27,74,72,71,133,114,43,64,68,49,14" hai1="6,63,32,23,20,36,118,44,120,94,54,50,125" hai2="3,67,70,83,109,53,90,35,81,29,105,34,13" hai3="100,2,111,108,9,132,78,98,12,126,91,47,80"/><U39/><E32/><V104/><F3/><W42/><G126/><T16/><D114/><U58/><E120/><V10/><F109/><W110/><G132/><T97/><D27/><U129/><E118/><V86/><F81/><W28/><G28/><T73/><D97/><U119/><E119/><V116/><F116/><W48/><G91/><T66/><D71/><U30/><E129/><V113/><F113/><W122/><G2/><T15/><D15/><U99/><E125/><V31/><F35/><W52/><G122/><T115/><D115/><U75/><E75/><V11/><F11/><W5/><G98/><T19/><D19/><U1/><E6/><V117/><F117/><W59/><G100/><T101/><D101/><N who="1" m="60663" /><E1/><V40/><F40/><W26/><G26/><T51/><D133/><U45/><E36/><V65/><F34/><W112/><G112/><T8/><D43/><U131/><E39/><V4/><F104/><W37/><REACH who="3" step="1"/><G111/><REACH who="3" ten="259,263,234,234" step="2"/><T61/><D79/><U21/><E131/><V127/><F127/><W85/><AGARI ba="1,1" hai="5,9,12,37,42,47,48,52,59,78,80,85,108,110" machi="85" ten="30,7900,0" yaku="1,1,2,1,0,1,54,1,53,0" doraHai="57" doraHaiUra="106" who="3" fromWho="3" sc="259,-21,263,-40,234,-21,234,92" /><INIT seed="2,0,0,2,5,33" ten="238,223,213,326" oya="2" hai0="15,64,84,6,106,127,34,99,50,90,37,68,30" hai1="38,63,72,76,53,132,133,62,87,77,74,31,102" hai2="18,98,28,52,5,59,66,85,93,41,112,113,82" hai3="45,20,40,126,130,118,61,55,123,17,110,70,1"/><V101/><F41/><W29/><G110/><T111/><D37/><U19/><E38/><V81/><F66/><W39/><G118/><T56/><D111/><U3/><E3/><V104/><F28/><W121/><G130/><T35/><D127/><U8/><E31/><V14/><F5/><W9/><G126/><T91/><D30/><U60/><E102/><V26/><F26/><W108/><G108/><T92/><D68/><U83/><E53/><V46/><F104/><W13/><G29/><T120/><D120/><U97/><E97/><V0/><F0/><W67/><REACH who="3" step="1"/><G55/><REACH who="3" ten="238,223,213,316" step="2"/><T114/><D35/><U116/><E116/><V49/><F59/><W125/><G125/><T23/><D34/><U36/><E36/><V122/><F122/><W12/><G12/><T11/><D23/><U95/><E133/><V42/><F42/><W10/><G10/><T100/><D15/><U79/><E132/><V22/><REACH who="2" step="1"/><F82/><REACH who="2" ten="238,223,203,316" step="2"/><W86/><G86/><T73/><D84/><U43/><E43/><V134/><F134/><W135/><G135/><T7/><D7/><AGARI ba="0,2" hai="1,7,9,13,17,20,39,40,45,61,67,70,121,123" machi="7" ten="40,2600,0" yaku="1,1,52,1,53,0" doraHai="33" doraHaiUra="131" who="3" fromWho="0" sc="238,-26,223,0,203,0,316,46" /><INIT seed="3,0,0,5,3,101" ten="212,223,203,362" oya="3" hai0="37,97,31,22,51,3,67,125,30,34,90,115,109" hai1="126,76,5,123,55,133,102,75,16,71,132,131,113" hai2="59,129,57,23,13,26,68,1,27,112,47,20,107" hai3="50,61,111,29,93,108,41,127,43,6,87,21,10"/><W82/><G127/><T110/><D37/><U11/><E123/><V106/><F68/><W63/><G93/><N who="0" m="56503" /><D3/><U0/><E113/><V99/><F1/><W40/><G50/><T33/><D115/><U69/><E126/><V70/><F70/><W19/><G29/><N who="0" m="10763" /><D125/><U83/><E102/><V66/><F112/><W36/><G36/><T119/><D119/><U14/><E131/><V7/><F129/><W85/><G10/><T124/><D124/><U81/><E81/><V98/><F47/><W77/><G87/><T88/><D67/><U105/><E105/><V114/><F114/><W9/><G9/><T92/><D51/><U91/><E91/><V74/><F66/><W80/><G80/><T2/><D22/><N who="1" m="11543" /><E55/><V104/><F104/><W12/><REACH who="3" step="1"/><G6/><REACH who="3" ten="212,223,203,352" step="2"/><T128/><D128/><U17/><E5/><V28/><F7/><W56/><G56/><T45/><D45/><U120/><E71/><V52/><F74/><W84/><G84/><T79/><D34/><U49/><E69/><V58/><F58/><W122/><G122/><T15/><D33/><U135/><E49/><V103/><F59/><W72/><G72/><T118/><D92/><U38/><E38/><V46/><F57/><W60/><AGARI ba="0,1" hai="12,19,21,40,41,43,60,61,63,77,82,85,108,111" machi="60" ten="40,3900,0" yaku="1,1,0,1,53,0" doraHai="101" doraHaiUra="130" who="3" fromWho="3" sc="212,-13,223,-13,203,-13,352,49" /><INIT seed="3,1,0,4,3,112" ten="199,210,190,401" oya="3" hai0="28,122,26,69,53,110,92,119,14,10,3,135,117" hai1="133,9,59,38,43,60,27,50,95,37,83,67,13" hai2="113,22,15,18,89,65,48,99,128,34,90,49,98" hai3="105,103,5,31,40,85,87,114,64,42,111,118,115"/><W23/><G5/><T79/><D122/><U58/><E133/><V35/><F113/><W116/><G64/><T54/><D3/><U96/><E38/><V12/><F65/><W6/><G6/><T4/><D69/><U91/><E37/><V75/><F75/><W62/><G62/><T70/><D70/><U66/><E27/><V88/><F128/><W56/><G56/><T82/><D110/><U71/><E71/><V73/><F73/><W121/><G121/><T21/><D92/><U86/><E43/><V61/><F61/><W127/><G127/><T123/><D135/><U24/><E24/><V19/><F90/><W74/><G74/><T1/><D14/><U30/><E30/><V84/><F84/><W55/><G31/><T52/><REACH who="0" step="1"/><D123/><REACH who="0" ten="189,210,190,401" step="2"/><U7/><E66/><V126/><REACH who="2" step="1"/><F22/><REACH who="2" ten="189,210,180,401" step="2"/><W51/><G23/><T8/><D8/><U132/><E132/><V81/><F81/><W11/><G11/><T104/><D104/><U129/><E129/><V130/><F130/><W78/><G105/><T72/><AGARI ba="1,2" hai="1,4,10,21,26,28,52,53,54,72,79,82,117,119" machi="72" ten="30,8000,1" yaku="1,1,0,1,52,2,54,1,53,0" doraHai="112" doraHaiUra="131" who="0" fromWho="0" sc="189,103,210,-21,180,-21,401,-41" /><INIT seed="4,0,0,5,2,78" ten="292,189,159,360" oya="0" hai0="127,96,45,34,133,10,40,54,18,26,125,44,65" hai1="39,55,110,79,112,53,128,35,83,107,9,12,77" hai2="76,29,97,63,32,38,6,59,105,129,13,114,98" hai3="51,100,68,64,121,28,109,67,57,22,93,70,134"/><T4/><D133/><U25/><E39/><V27/><F38/><W103/><G109/><T132/><D132/><U17/><E107/><V11/><F129/><W106/><G134/><T69/><D96/><U89/><E128/><V111/><F111/><W75/><G106/><T52/><D34/><U99/><E110/><V73/><F114/><W87/><G75/><T15/><D65/><N who="3" m="25161" /><G70/><T131/><D69/><U124/><E124/><N who="0" m="47689" /><D131/><U49/><E112/><V8/><F105/><W92/><G68/><T47/><D40/><U7/><E53/><N who="0" m="20585" /><D26/><U41/><E41/><V61/><F59/><W120/><G57/><T66/><D66/><U43/><E43/><V74/><F98/><W5/><G103/><T86/><D86/><N who="1" m="50399" /><E99/><V36/><F97/><W118/><G100/><T88/><D88/><U102/><E102/><V24/><F36/><W119/><G93/><T58/><D58/><N who="1" m="33135" /><E35/><V90/><F90/><W60/><G92/><T115/><D115/><U104/><E104/><V126/><F126/><W82/><G119/><T81/><D81/><U95/><E95/><V50/><F32/><W42/><G118/><T91/><D91/><U84/><E84/><V2/><F73/><W19/><G42/><T130/><D130/><U0/><E25/><V21/><F27/><W23/><G87/><T37/><D37/><U3/><E77/><V116/><F116/><W80/><G80/><T123/><D123/><U16/><E79/><V94/><F76/><W72/><G121/><T113/><D113/><U46/><E46/><V1/><F74/><W108/><G120/><T31/><D31/><RYUUKYOKU ba="0,0" sc="292,15,189,15,159,-15,360,-15" hai0="4,10,15,18,44,45,47" hai1="0,3,7,9,12,16,17" /><INIT seed="4,1,0,4,0,106" ten="307,204,144,345" oya="0" hai0="46,124,22,35,5,6,16,73,18,14,37,93,30" hai1="79,58,71,40,108,10,82,41,76,8,81,90,15" hai2="74,84,21,128,129,109,88,34,62,102,68,3,112" hai3="91,9,36,19,127,110,56,32,57,72,107,55,65"/><T97/><D73/><U96/><E71/><V135/><F34/><W70/><G110/><T43/><D124/><U24/><E108/><V118/><F109/><W86/><G107/><T0/><D0/><U27/><E58/><V44/><F3/><W95/><G36/><T28/><D18/><U121/><E96/><V20/><F118/><W45/><G32/><T115/><D115/><U78/><E90/><V100/><F112/><W48/><G72/><T123/><D123/><U26/><E121/><V33/><F33/><W2/><G127/><T31/><REACH who="0" step="1"/><D35/><REACH who="0" ten="297,204,144,345" step="2"/><U63/><E8/><V120/><F120/><W105/><G2/><T126/><D126/><U50/><E10/><V12/><F74/><W77/><G19/><T60/><D60/><U17/><E63/><V54/><F62/><W85/><G9/><T89/><AGARI ba="1,1" hai="5,6,14,16,22,28,30,31,37,43,46,89,93,97" machi="89" ten="30,11700,0" yaku="1,1,0,1,54,1,53,1" doraHai="106" doraHaiUra="92" who="0" fromWho="0" sc="297,130,204,-40,144,-40,345,-40" /><INIT seed="4,2,0,5,1,10" ten="427,164,104,305" oya="0" hai0="62,131,9,56,75,78,12,67,118,114,14,28,112" hai1="91,79,66,24,100,55,34,5,89,43,46,93,125" hai2="117,104,115,11,33,92,83,53,81,40,116,103,45" hai3="90,41,72,134,50,42,132,86,30,27,71,58,120"/><T32/><D118/><U38/><E125/><V60/><F33/><W123/><G123/><T29/><D9/><U84/><E66/><V23/><F104/><W73/><G71/><T97/><D131/><U51/><E5/><V3/><F115/><N who="0" m="44074" /><D97/><U59/><E79/><V18/><F103/><W128/><G128/><T54/><D54/><U105/><E105/><V70/><F92/><W98/><G98/><T61/><D61/><U133/><E133/><N who="3" m="51306" /><G120/><T111/><D111/><U94/><E100/><V96/><F96/><W77/><G77/><T19/><D19/><U64/><E64/><V106/><F106/><W107/><G107/><T126/><D126/><U17/><E17/><V25/><F70/><W135/><G135/><T31/><D32/><U26/><REACH who="1" step="1"/><E34/><REACH who="1" ten="427,154,104,305" step="2"/><V13/><F117/><W99/><G90/><T119/><D119/><U35/><E35/><V37/><F116/><W102/><G102/><T87/><D75/><U85/><AGARI ba="2,1" hai="24,26,38,43,46,51,55,59,84,85,89,91,93,94" machi="85" ten="20,12000,2" yaku="1,1,0,1,7,1,9,1,53,2" doraHai="10" doraHaiUra="20" who="1" fromWho="1" sc="427,-62,154,136,104,-32,305,-32" /><INIT seed="5,0,0,5,2,88" ten="365,290,72,273" oya="1" hai0="112,22,1,132,24,45,50,31,5,29,64,4,133" hai1="33,19,104,10,52,71,82,39,87,14,37,3,77" hai2="47,66,72,114,109,48,116,131,76,16,123,13,36" hai3="59,9,106,54,17,69,79,115,51,122,120,25,15"/><U68/><E104/><V97/><F109/><W75/><G115/><T28/><D112/><U90/><E33/><V43/><F114/><W20/><G69/><T91/><D64/><U84/><E3/><V98/><F123/><W2/><G106/><T96/><D91/><U26/><E37/><V73/><F116/><W21/><G2/><T11/><D96/><U101/><E39/><V86/><F131/><W55/><G79/><T60/><D60/><U95/><E101/><V12/><F66/><W103/><G75/><T38/><D38/><U34/><REACH who="1" step="1"/><E52/><REACH who="1" ten="365,280,72,273" step="2"/><V111/><F36/><W129/><G103/><T30/><D1/><U32/><E32/><V117/><F117/><W83/><G55/><T61/><D61/><U70/><E70/><V100/><F111/><W74/><G129/><T125/><D125/><U62/><E62/><V99/><F100/><W6/><G122/><T8/><D50/><U124/><E124/><V118/><F118/><W110/><G120/><T49/><D49/><U57/><E57/><V102/><F102/><W0/><G110/><T89/><D45/><U108/><E108/><V93/><F48/><W53/><G53/><T41/><D41/><U42/><E42/><V113/><F47/><W46/><G46/><T56/><D56/><U7/><E7/><V23/><F43/><W35/><G35/><T80/><D5/><U44/><E44/><V81/><F113/><W126/><G126/><T65/><D4/><U78/><E78/><V67/><F76/><W121/><G121/><T94/><D65/><U128/><E128/><V40/><F67/><RYUUKYOKU ba="0,1" sc="365,-10,280,30,72,-10,273,-10" hai1="10,14,19,26,34,68,71,77,82,84,87,90,95" /><INIT seed="5,1,1,3,2,9" ten="355,310,62,263" oya="1" hai0="135,67,119,104,13,61,98,51,55,59,41,86,127" hai1="49,44,68,95,109,65,28,130,88,96,53,101,111" hai2="82,25,33,23,66,125,22,32,34,97,74,79,124" hai3="57,46,37,19,47,84,64,24,14,21,71,7,80"/><U132/><E132/><V108/><F108/><N who="1" m="41545" /><E130/><V87/><F66/><W115/><G71/><T31/><D119/><U75/><E75/><V54/><F97/><W8/><G37/><T56/><D135/><U93/><E28/><V16/><F54/><W129/><G115/><T99/><D127/><U42/><E65/><V27/><REACH who="2" step="1"/><F74/><REACH who="2" ten="355,310,52,263" step="2"/><W4/><G129/><T29/><D99/><N who="1" m="57767" /><E68/><V128/><F128/><W134/><G134/><T70/><D70/><U90/><E101/><V76/><F76/><N who="3" m="46087" /><G64/><T2/><D67/><U63/><E63/><V94/><F94/><W58/><G7/><T100/><D61/><U5/><E5/><V85/><F85/><W15/><G4/><T38/><D86/><U50/><E53/><V126/><F126/><W48/><G58/><T10/><D56/><U105/><E105/><V17/><AGARI ba="1,2" hai="16,17,22,23,25,27,32,33,34,79,82,87,124,125" machi="17" ten="40,8000,1" yaku="1,1,0,1,9,1,54,1,53,1" doraHai="9" doraHaiUra="83" who="2" fromWho="2" sc="355,-21,310,-41,52,103,263,-21" /><INIT seed="6,0,0,5,0,19" ten="334,269,155,242" oya="2" hai0="42,28,103,33,54,0,131,25,129,87,125,67,99" hai1="44,14,36,71,77,113,134,73,82,80,117,128,110" hai2="85,108,115,101,116,97,114,76,10,35,102,123,27" hai3="8,5,18,88,43,41,96,120,39,63,46,86,26"/><V89/><F123/><W112/><G120/><T61/><D0/><U58/><E71/><V1/><F116/><W83/><G112/><N who="2" m="43049" /><F108/><W32/><G63/><T9/><D9/><U98/><E117/><V38/><F38/><W127/><G127/><T34/><D42/><N who="1" m="22599" /><E80/><N who="2" m="49319" /><F76/><W40/><G96/><T16/><D87/><U56/><E98/><V107/><F102/><W81/><G81/><T121/><D125/><U75/><E75/><V78/><F78/><W3/><REACH who="3" step="1"/><G32/><REACH who="3" ten="334,269,155,232" step="2"/><N who="0" m="20495" /><D121/><U93/><E113/><V29/><F1/><W23/><AGARI ba="0,1" hai="3,5,8,18,23,26,39,40,41,43,46,83,86,88" machi="23" ten="30,7900,0" yaku="1,1,0,1,52,1,54,1,53,0" doraHai="19" doraHaiUra="51" who="3" fromWho="3" sc="334,-20,269,-20,155,-39,232,89" /><INIT seed="7,0,0,5,2,44" ten="314,249,116,321" oya="3" hai0="64,3,94,4,29,13,60,38,76,10,20,1,19" hai1="97,49,15,120,2,67,108,50,129,84,14,90,0" hai2="96,68,89,116,8,99,78,22,56,26,93,23,52" hai3="31,12,88,125,107,130,33,85,112,54,34,82,80"/><W91/><G107/><T115/><D38/><U72/><E120/><V102/><F116/><W134/><G112/><T122/><D122/><U63/><E72/><V35/><F68/><W27/><G134/><T126/><D126/><U39/><E39/><V117/><F117/><W32/><G125/><T124/><D124/><U109/><E129/><V16/><F78/><W123/><G123/><T58/><D115/><U61/><E97/><V66/><F66/><W111/><G130/><T95/><D76/><U104/><E84/><V103/><F35/><W59/><G12/><T55/><D1/><U135/><E67/><V87/><F8/><W51/><G111/><T41/><D41/><U48/><E48/><N who="2" m="30727" /><F23/><W118/><G118/><T71/><D29/><U132/><E90/><N who="2" m="55351" /><F99/><W28/><G28/><T18/><D18/><U114/><REACH who="1" step="1"/><E114/><REACH who="1" ten="314,239,116,321" step="2"/><V131/><F131/><W17/><G17/><T110/><D110/><U45/><E45/><V43/><F43/><W62/><G51/><AGARI ba="0,1" hai="3,4,10,13,19,20,51,55,58,60,64,71,94,95" machi="51" ten="30,2000,0" yaku="7,1,52,1" doraHai="44" who="0" fromWho="3" sc="314,30,239,0,116,0,321,-20" owari="344,44.0,239,-16.0,116,-38.0,301,10.0" /></mjloggm>