<mjloggm ver="2.3"><GO type="169" lobby="0"/><UN n0="%E5%BF%83%E5%A4%9C" n1="%E3%81%BE%E3%81%8A%E3%82%89%E3%82%93" n2="%73%5F%6F%6B" n3="%E7%AB%8B%E8%8F%AF%E5%A5%8F" dan="16,17,16,16" rate="2111.12,2163.89,2080.12,2077.81" sx="M,F,M,F"/><TAIKYOKU oya="0"/><INIT seed="0,0,0,5,4,127" ten="250,250,250,250" oya="0" hai0="119,91,55,129,2,57,63,53,59,85,50,7,126" hai1="95,37,28,84,44,58,69,42,24,67,121,38,4" hai2="130,48,61,101,111,54,10,12,15,122,6,123,49" hai3="134,100,19,33,64,125,116,29,25,97,43,23,21"/><T105/><D119/><U72/><E72/><V99/><F111/><W31/><G116/><T81/><D126/><U79/><E69/><V11/><F61/><W46/><G125/><T68/><D105/><U9/><E121/><V32/><F32/><W112/><G112/><T96/><D96/><U14/><E67/><V16/><F130/><W87/><G134/><T103/><D103/><U92/><E58/><V18/><F6/><W86/><G64/><T1/><D129/><U133/><E38/><V120/><REACH who="2" step="1"/><F54/><REACH who="2" ten="250,250,240,250" step="2"/><W132/><G33/><T76/><D68/><U27/><E133/><V113/><F113/><W3/><G132/><T135/><D135/><U83/><E27/><V26/><F26/><W47/><G25/><T88/><REACH who="0" step="1"/><D7/><REACH who="0" ten="240,250,240,250" step="2"/><U108/><E108/><V71/><F71/><W45/><G31/><T77/><D77/><U56/><E28/><V74/><F74/><W106/><G29/><T22/><D22/><U89/><E79/><V5/><F5/><W35/><G23/><T52/><D52/><U80/><E4/><V13/><F13/><W75/><G21/><T93/><D93/><AGARI ba="0,2" hai="10,11,12,15,16,18,48,49,93,99,101,120,122,123" machi="93" ten="40,5200,0" yaku="1,1,9,1,54,1,53,0" doraHai="127" doraHaiUra="115" who="2" fromWho="0" sc="240,-52,250,0,240,72,250,0" /><INIT seed="1,0,0,0,4,89" ten="188,250,312,250" oya="1" hai0="75,125,3,19,44,4,97,72,28,103,42,122,51" hai1="101,119,102,40,127,55,7,99,54,88,26,1,62" hai2="96,36,121,63,90,73,10,57,128,45,27,23,112" hai3="47,98,104,14,120,116,76,106,93,111,87,6,58"/><U107/><E119/><V38/><F73/><W124/><G120/><T11/><D122/><U2/><E40/><V86/><F128/><W131/><G131/><T43/><D125/><U79/><E79/><V41/><F10/><W115/><G115/><T20/><D28/><U70/><E127/><V66/><F96/><W126/><G116/><T18/><D43/><U113/><E101/><V37/><F112/><W85/><G47/><T135/><D135/><U130/><E113/><V32/><F32/><W48/><G111/><T49/><D49/><U68/><E130/><V77/><F77/><W110/><G110/><T64/><D64/><U50/><E26/><V25/><F121/><W117/><G117/><T80/><D80/><U59/><E7/><V114/><F27/><W9/><G124/><T39/><D39/><U69/><REACH who="1" step="1"/><E88/><REACH who="1" ten="188,240,312,250" step="2"/><V16/><F114/><W21/><G126/><T35/><D35/><U0/><E0/><V29/><F29/><W129/><G76/><T92/><REACH who="0" step="1"/><D18/><REACH who="0" ten="178,240,312,250" step="2"/><U24/><E24/><AGARI ba="0,2" hai="3,4,11,19,20,24,42,44,51,72,75,92,97,103" machi="24" ten="30,7700,0" yaku="1,1,2,1,7,1,52,1,53,0" doraHai="89" doraHaiUra="82" who="0" fromWho="1" sc="178,97,240,-77,312,0,250,0" /><INIT seed="2,0,0,3,5,87" ten="275,163,312,250" oya="2" hai0="69,77,13,101,96,104,1,33,114,73,79,107,90" hai1="34,24,82,49,108,0,47,36,72,93,29,25,51" hai2="60,106,129,113,2,100,83,6,45,37,44,124,92" hai3="97,28,62,15,8,56,71,52,70,40,119,26,132"/><V31/><F129/><W5/><G119/><T16/><D1/><U110/><E0/><V35/><F92/><W55/><G132/><T121/><D69/><U115/><E115/><V59/><F83/><W75/><G75/><T99/><D33/><U89/><E25/><V57/><F57/><W74/><G74/><T17/><D114/><U80/><E36/><V98/><F37/><W38/><G55/><T11/><D121/><U81/><E72/><V58/><F58/><W125/><G125/><T118/><D118/><U19/><E19/><V127/><F31/><W48/><G38/><T78/><D73/><U122/><E122/><V105/><F35/><W86/><G97/><T126/><D126/><N who="2" m="48170" /><F105/><W4/><G4/><T128/><D128/><U32/><E32/><V42/><F42/><W41/><G86/><T95/><REACH who="0" step="1"/><D107/><REACH who="0" ten="265,163,312,250" step="2"/><U21/><E34/><V68/><F68/><W3/><G3/><T54/><D54/><U46/><E108/><V20/><F2/><W111/><G111/><T131/><D131/><U130/><E110/><V23/><F113/><W135/><G71/><T112/><D112/><U22/><E130/><V94/><F106/><W39/><G70/><T84/><D84/><N who="1" m="52391" /><E22/><V134/><F23/><W133/><G133/><T116/><D116/><U14/><E14/><V103/><F20/><W30/><G15/><T43/><D43/><U65/><E65/><N who="2" m="39071" /><F134/><W7/><G135/><T9/><D9/><U102/><E102/><V88/><F6/><AGARI ba="0,1" hai="6,11,13,16,17,77,78,79,90,95,96,99,101,104" machi="6" ten="40,5200,0" yaku="1,1,52,1,54,1,53,0" doraHai="87" doraHaiUra="63" who="0" fromWho="2" sc="265,62,163,0,312,-52,250,0" /><INIT seed="3,0,0,0,2,20" ten="327,163,260,250" oya="3" hai0="79,12,73,40,41,76,47,122,75,32,130,89,8" hai1="109,1,65,22,111,62,53,134,17,6,71,19,39" hai2="31,98,7,86,57,72,106,132,45,127,101,46,18" hai3="102,51,27,66,13,69,64,55,99,52,26,25,119"/><W61/><G119/><T129/><D32/><U30/><E39/><V70/><F72/><W49/><G13/><T85/><D122/><U100/><E100/><V124/><F70/><W108/><G108/><N who="1" m="41546" /><E134/><V33/><F7/><W34/><G34/><T114/><D114/><U0/><E53/><V117/><F18/><N who="1" m="6665" /><E6/><V121/><F57/><W112/><G112/><T35/><D41/><U48/><E48/><V133/><F86/><W110/><G110/><T126/><D40/><U94/><E94/><V50/><F117/><W115/><G115/><T5/><D75/><U59/><E71/><V118/><F118/><W24/><N who="3" m="6144" /><DORA hai="63" /><W91/><G91/><T120/><D73/><U67/><E22/><V116/><F31/><W4/><G4/><T90/><D120/><U125/><E30/><V128/><F33/><W95/><REACH who="3" step="1"/><G66/><REACH who="3" ten="327,163,260,240" step="2"/><T42/><D35/><U11/><E67/><V29/><F116/><W96/><G96/><T10/><D5/><N who="1" m="1447" /><E1/><V88/><F121/><W92/><G92/><T2/><D2/><U3/><E3/><V43/><F98/><W58/><G58/><T104/><D90/><U84/><E84/><V82/><F88/><W14/><G14/><T37/><D89/><U135/><E135/><V83/><F133/><W105/><G105/><T54/><D104/><U28/><E65/><V97/><F132/><W123/><G123/><T87/><D85/><U78/><E59/><V77/><F106/><W15/><G15/><T131/><D87/><U16/><E28/><V38/><F29/><W9/><G9/><T80/><D8/><U103/><E16/><RYUUKYOKU ba="0,1" sc="327,-10,163,-10,260,-10,240,30" hai3="49,51,52,55,61,64,69,95,99,102" /><INIT seed="3,1,1,4,5,17" ten="317,153,250,270" oya="3" hai0="48,102,63,53,7,23,74,110,88,85,108,116,89" hai1="60,90,104,57,30,115,47,107,121,72,13,120,98" hai2="51,84,39,5,101,42,68,34,76,127,126,24,66" hai3="38,14,131,49,82,113,87,69,111,130,36,94,41"/><W67/><G113/><T71/><D74/><U9/><E72/><V81/><F39/><W114/><G114/><T21/><D116/><U33/><E115/><V73/><F5/><W25/><G94/><N who="0" m="54543" /><D7/><U61/><E107/><V15/><F15/><W31/><G111/><N who="0" m="42539" /><D102/><U75/><E61/><V8/><F8/><W70/><G14/><T128/><D128/><N who="3" m="49193" /><G49/><T46/><D89/><U112/><E90/><V58/><F101/><W132/><G132/><T43/><D71/><N who="3" m="27145" /><G67/><T92/><D92/><U44/><E104/><V12/><F12/><W118/><G41/><T103/><D103/><U78/><E13/><V79/><F68/><W95/><G95/><T100/><D100/><U97/><E112/><V65/><F42/><W1/><G1/><T35/><D35/><U56/><E33/><V123/><F66/><W29/><G118/><T134/><D134/><U91/><E120/><V93/><F123/><W122/><G122/><T50/><D63/><U3/><E60/><V18/><F93/><W26/><G82/><T99/><D99/><U2/><E98/><V40/><F81/><W20/><G87/><T32/><D32/><AGARI ba="1,1" hai="20,25,26,29,31,32,36,38" m="27145,49193" machi="32" ten="30,2900,0" yaku="19,1,52,1" doraHai="17" who="3" fromWho="0" sc="317,-32,153,0,250,0,270,42" /><INIT seed="3,2,0,2,2,56" ten="285,153,250,312" oya="3" hai0="125,133,67,93,78,81,26,113,130,41,11,126,27" hai1="7,64,16,106,21,42,132,62,24,97,10,29,18" hai2="86,58,48,120,8,70,104,36,122,6,55,82,46" hai3="77,4,63,51,85,2,115,79,39,5,66,95,116"/><W19/><G39/><T40/><D113/><U109/><E132/><V119/><F104/><W53/><G115/><T59/><D133/><U102/><E42/><N who="0" m="16489" /><D130/><U83/><E83/><V96/><F96/><W128/><G116/><T17/><D93/><U0/><REACH who="1" step="1"/><E109/><REACH who="1" ten="285,143,250,312" step="2"/><V25/><F119/><W98/><G128/><T57/><D81/><U3/><E3/><V15/><F122/><W22/><G2/><T20/><D126/><U124/><E124/><V47/><F120/><W110/><G110/><T101/><D125/><U71/><AGARI ba="2,1" hai="0,7,10,16,18,21,24,29,62,64,71,97,102,106" machi="71" ten="20,8000,1" yaku="1,1,0,1,7,1,52,1,54,1,53,0" doraHai="56" doraHaiUra="108" who="1" fromWho="1" sc="285,-22,143,96,250,-22,312,-42" /><INIT seed="4,0,0,4,1,21" ten="263,239,228,270" oya="0" hai0="95,78,59,0,64,118,50,16,46,1,110,56,127" hai1="27,88,7,15,8,67,74,5,6,108,101,90,24" hai2="120,129,91,102,31,126,38,28,9,47,22,107,93" hai3="63,54,85,128,121,35,133,51,115,57,33,44,75"/><T58/><D118/><U13/><E74/><V11/><F120/><W123/><G75/><T37/><D37/><U30/><E108/><V69/><F69/><W60/><G128/><T103/><D110/><U42/><E101/><V41/><F107/><W39/><G133/><T116/><D116/><U66/><E42/><V4/><F102/><W124/><G124/><T68/><D127/><U130/><E130/><V87/><F126/><W77/><G115/><T29/><D29/><U114/><E30/><V36/><F11/><W112/><G112/><T45/><D78/><U3/><E3/><V72/><F72/><W83/><G39/><T96/><D46/><U49/><E49/><V105/><F105/><W80/><G80/><T23/><D68/><U97/><E114/><V106/><F106/><W79/><G79/><T55/><REACH who="0" step="1"/><D64/><REACH who="0" ten="253,239,228,270" step="2"/><U62/><E67/><V73/><F31/><W117/><G117/><T125/><D125/><U34/><E34/><V100/><F38/><W2/><G33/><T53/><D53/><U61/><E66/><V98/><F28/><W70/><G35/><T111/><D111/><U109/><E109/><V14/><F36/><W84/><G70/><T65/><D65/><U94/><E90/><V52/><F91/><W71/><G71/><T119/><D119/><U48/><E88/><V122/><F52/><W82/><G44/><T104/><D104/><U26/><E94/><V135/><F47/><W86/><G54/><T17/><D17/><U40/><E40/><V12/><F41/><W132/><G77/><T18/><D18/><U99/><E7/><RYUUKYOKU ba="0,1" sc="253,30,239,-10,228,-10,270,-10" hai0="0,1,16,23,45,50,55,56,58,59,95,96,103" /><INIT seed="4,1,1,5,4,95" ten="283,229,218,260" oya="0" hai0="7,37,60,117,51,20,77,8,135,35,107,24,68" hai1="128,38,23,84,58,126,61,115,129,105,90,89,67" hai2="83,16,54,98,72,59,100,120,127,22,3,85,125" hai3="41,123,109,17,64,34,43,48,13,114,57,121,92"/><T122/><D37/><U104/><E38/><V19/><F3/><W74/><G109/><T36/><D122/><N who="3" m="46601" /><G74/><T5/><D117/><U66/><E126/><N who="2" m="48139" /><F72/><W12/><G34/><T30/><D135/><U27/><E67/><V33/><F33/><W79/><G79/><T97/><D77/><U11/><E11/><V39/><F39/><W62/><G114/><T45/><D36/><U29/><E115/><V113/><F113/><W133/><G133/><T71/><D20/><U42/><E42/><N who="3" m="15882" /><G48/><T76/><D76/><U9/><E9/><V78/><F22/><N who="3" m="11559" /><G92/><T75/><D75/><U6/><E104/><N who="2" m="63511" /><F120/><W0/><G13/><T103/><D60/><AGARI ba="1,1" hai="16,19,54,59,60,78,83,85" m="63511,48139" machi="60" ten="30,3900,0" yaku="18,1,52,1,54,1" doraHai="95" who="2" fromWho="0" sc="283,-42,229,0,218,52,260,0" /><INIT seed="5,0,0,3,1,109" ten="241,229,270,260" oya="1" hai0="112,70,16,58,47,49,51,8,59,41,80,48,127" hai1="38,110,91,94,107,14,92,11,56,113,74,21,114" hai2="115,64,62,93,7,31,118,60,89,96,119,33,23" hai3="132,75,126,20,29,134,106,101,98,19,83,76,73"/><U13/><E107/><V18/><F7/><W43/><G29/><T97/><D70/><U30/><E38/><V24/><F62/><W12/><G126/><T57/><D127/><U0/><E74/><V82/><F82/><W95/><G43/><T67/><D97/><U111/><E0/><V10/><F10/><W116/><G116/><T3/><D112/><N who="1" m="43115" /><E56/><N who="0" m="21609" /><D3/><U117/><E117/><V130/><F130/><W40/><G40/><T22/><D8/><U135/><E135/><N who="3" m="51754" /><G73/><T28/><D28/><U124/><E124/><V78/><F115/><W27/><G27/><N who="0" m="14791" /><D80/><U129/><E129/><V52/><F31/><W105/><AGARI ba="0,0" hai="12,19,20,75,76,83,95,98,101,105,106" m="51754" machi="105" ten="30,1100,0" yaku="20,1" doraHai="109" who="3" fromWho="3" sc="241,-3,229,-5,270,-3,260,11" /><INIT seed="6,0,0,0,0,26" ten="238,224,267,271" oya="2" hai0="0,109,55,39,130,135,70,53,35,37,88,10,101" hai1="133,126,121,123,71,46,129,24,93,52,84,87,127" hai2="18,134,69,79,67,75,28,89,60,40,47,9,108" hai3="90,31,124,115,57,110,128,58,98,112,20,30,114"/><V116/><F89/><W44/><G110/><T12/><D109/><U17/><E71/><V32/><F18/><W23/><G124/><N who="1" m="47658" /><E129/><V68/><F9/><W132/><G132/><T14/><D130/><U50/><E133/><V76/><F79/><W5/><G128/><T100/><D135/><U120/><E93/><V59/><F116/><W111/><G111/><T29/><D70/><U85/><E85/><V83/><F134/><W91/><G44/><T63/><D0/><U92/><E92/><V6/><F6/><W21/><G5/><T102/><D88/><N who="3" m="33833" /><G98/><T56/><D55/><U38/><E38/><V117/><F117/><W42/><G42/><T2/><D2/><U74/><E74/><V13/><F108/><W19/><G19/><T78/><D78/><U4/><E4/><V80/><F80/><W105/><G105/><T64/><D39/><U49/><E49/><V122/><F122/><W27/><G27/><N who="0" m="18879" /><D37/><U54/><E54/><V65/><F68/><W113/><G113/><T118/><D53/><U131/><E131/><V62/><F13/><N who="0" m="5226" /><D118/><U33/><E33/><V107/><F107/><W15/><G15/><T73/><D73/><U125/><E125/><V34/><F34/><W43/><G43/><T86/><D86/><U99/><E99/><V103/><F32/><W106/><G106/><T104/><D104/><U7/><E7/><V95/><F40/><W3/><G3/><T41/><D41/><U72/><E72/><V96/><F47/><W22/><N who="3" m="5120" /><DORA hai="36" /><W45/><G45/><T77/><D10/><U51/><E51/><V94/><F94/><RYUUKYOKU ba="0,0" sc="238,0,224,0,267,0,271,0" hai0="56,63,64,77,100,101,102" hai1="17,24,46,50,52,84,87,120,121,123" hai2="28,59,60,62,65,67,69,75,76,83,95,96,103" hai3="30,31,57,58,112,114,115" /><INIT seed="6,1,0,0,1,134" ten="238,224,267,271" oya="2" hai0="87,101,60,21,105,35,53,67,20,33,96,32,125" hai1="18,92,3,17,44,104,68,76,0,94,81,133,123" hai2="75,59,100,43,72,91,93,102,8,126,4,62,111" hai3="54,11,109,38,132,50,46,89,42,98,10,88,13"/><V77/><F43/><W116/><G132/><T5/><D5/><U124/><E104/><V129/><F75/><W127/><G109/><T37/><D37/><U56/><E68/><V40/><F40/><W41/><G116/><T95/><D125/><U12/><E133/><V119/><F119/><W121/><G127/><T16/><D53/><U7/><E124/><V120/><F120/><W82/><G121/><T64/><D21/><U114/><E123/><V107/><F107/><W99/><G10/><T110/><D110/><U28/><E28/><V22/><F22/><W31/><G31/><T118/><D118/><U103/><E3/><V24/><F24/><W45/><G42/><T47/><D47/><U34/><E44/><V63/><F63/><W117/><G117/><T131/><D131/><U29/><E56/><V51/><F51/><W65/><G65/><T30/><D30/><U57/><E57/><V19/><F19/><N who="3" m="8639" /><G89/><T15/><REACH who="0" step="1"/><D60/><REACH who="0" ten="228,224,267,271" step="2"/><U135/><E29/><V70/><F129/><W9/><G9/><T6/><D6/><U49/><E7/><V115/><F126/><W97/><G38/><T106/><D106/><U27/><E135/><V80/><F111/><W79/><G45/><T39/><D39/><U61/><E61/><V90/><F8/><W26/><G54/><T71/><D71/><U1/><E1/><V58/><F4/><W25/><G79/><T113/><D113/><U14/><E0/><V36/><F36/><W78/><G78/><T73/><D73/><U128/><E114/><V48/><F115/><W55/><G55/><T66/><D66/><RYUUKYOKU ba="1,1" sc="228,15,224,-15,267,-15,271,15" hai0="15,16,20,32,33,35,64,67,87,95,96,101,105" hai3="25,26,41,46,50,82,88,97,98,99" /><INIT seed="7,2,1,0,4,121" ten="243,209,252,286" oya="3" hai0="22,36,90,67,108,80,130,3,62,128,50,48,73" hai1="1,16,81,84,51,8,4,70,99,63,68,91,112" hai2="72,64,79,19,42,27,13,20,86,116,28,26,39" hai3="60,57,58,11,37,75,29,100,46,31,134,43,40"/><W83/><G134/><T103/><D36/><U0/><E0/><V118/><F72/><W125/><G125/><T71/><D3/><U2/><E2/><V96/><F39/><W95/><G43/><T132/><D132/><U115/><E51/><V38/><F38/><W24/><G11/><T77/><D103/><U87/><E99/><V6/><F42/><W111/><G111/><T34/><D34/><U127/><E127/><V5/><F64/><W123/><G123/><T129/><D108/><U126/><E126/><V35/><F96/><W54/><G58/><T25/><REACH who="0" step="1"/><D90/><REACH who="0" ten="233,209,252,286" step="2"/><U74/><E74/><V97/><F118/><W101/><G101/><T15/><D15/><N who="1" m="7271" /><E1/><V49/><F116/><W102/><G102/><T89/><D89/><U55/><E4/><V98/><F5/><W23/><G100/><T82/><D82/><U33/><E33/><V21/><F6/><W47/><G83/><T135/><D135/><U117/><E117/><V10/><F35/><W94/><G75/><T133/><D133/><U122/><E122/><V107/><F107/><W18/><G95/><T66/><D66/><U65/><E84/><V120/><F120/><W109/><G94/><T110/><D110/><U113/><E70/><V52/><F86/><W61/><G109/><T59/><D59/><U78/><E91/><V69/><F69/><W53/><G47/><T88/><D88/><U14/><E14/><V7/><F79/><W85/><G85/><T131/><N who="0" m="32768" /><DORA hai="56" /><T105/><D105/><U9/><E9/><V104/><F104/><W45/><G45/><AGARI ba="2,2" hai="7,10,13,19,20,21,26,27,28,45,49,52,97,98" machi="45" ten="30,3900,0" yaku="7,1,8,1,54,1" doraHai="121,56" who="2" fromWho="3" sc="233,0,209,0,252,65,286,-45" owari="233,-17.0,209,-29.0,317,42.0,241,4.0" /></mjloggm>