<mjloggm ver="2.3"><GO type="169" lobby="0"/><UN n0="%E9%9B%BB%E6%B0%97%E5%B7%A5%E4%BA%8B%E5%B1%8B" n1="%E5%B8%B8%E5%A4%8F%E3%83%91%E3%82%A4%E5%8A%A9" n2="%E3%82%89%E3%81%8F%E3%81%A0%EF%BC%90%EF%BC%91%EF%BC%90%EF%BC%99" n3="%E3%82%AB%E3%83%9C%E3%83%81%E3%83%A3%E3%82%BF%E3%83%8D" dan="16,16,16,17" rate="2139.30,2103.64,2151.78,2148.83" sx="M,F,M,M"/><TAIKYOKU oya="0"/><INIT seed="0,0,0,1,2,106" ten="250,250,250,250" oya="0" hai0="85,37,67,35,4,125,1,81,80,121,14,83,40" hai1="33,89,20,50,115,77,11,113,45,72,99,58,133" hai2="0,79,92,95,123,107,131,15,13,56,128,19,120" hai3="52,122,60,96,101,39,28,2,91,69,42,112,22"/><T82/><D121/><N who="2" m="46666" /><F107/><W31/><G122/><T34/><D125/><U114/><E33/><V71/><F71/><W8/><G112/><T126/><D126/><U74/><E77/><V51/><F0/><W110/><G91/><T7/><D67/><U129/><E129/><N who="2" m="49739" /><F79/><W57/><G110/><T88/><D1/><U9/><E133/><V134/><F134/><W102/><G69/><T119/><D119/><U27/><E58/><V73/><F73/><N who="1" m="28265" /><E99/><V5/><F5/><W124/><G124/><T53/><D53/><N who="1" m="29903" /><E89/><V54/><F15/><W76/><G76/><T127/><D127/><U97/><E97/><V118/><F118/><W130/><G130/><T25/><D34/><U43/><E43/><V135/><F135/><W29/><G42/><T23/><D35/><U64/><E64/><V21/><AGARI ba="0,0" hai="13,19,21,51,54,56,92,95" m="49739,46666" machi="21" ten="30,1100,0" yaku="19,1" doraHai="106" who="2" fromWho="2" sc="250,-5,250,-3,250,11,250,-3" /><INIT seed="1,0,0,1,1,107" ten="245,247,261,247" oya="1" hai0="14,18,41,28,122,34,99,115,48,49,58,38,102" hai1="94,13,39,125,109,104,47,17,77,11,88,63,9" hai2="73,19,118,101,7,79,121,113,87,36,129,61,119" hai3="55,111,3,81,91,134,110,46,124,85,75,50,24"/><U42/><E104/><V96/><F36/><W23/><G134/><T25/><D115/><U12/><E125/><V31/><F121/><W133/><G133/><T93/><D122/><U126/><E126/><V89/><F129/><W1/><G124/><T54/><D38/><U2/><E109/><V83/><F7/><W60/><G60/><T132/><D132/><U15/><E77/><V56/><F31/><W123/><G123/><T37/><D37/><U30/><E30/><V45/><F45/><W97/><G97/><T65/><D65/><U6/><REACH who="1" step="1"/><E63/><REACH who="1" ten="245,237,261,247" step="2"/><V128/><F128/><W120/><G120/><T84/><D28/><U68/><E68/><V22/><F113/><W44/><G110/><T43/><D34/><U16/><E16/><V53/><F118/><W0/><G111/><T90/><D18/><U29/><E29/><V116/><F116/><W27/><G23/><T106/><D106/><U70/><E70/><V10/><F119/><W112/><G112/><T59/><D102/><U127/><E127/><V35/><F101/><W40/><REACH who="3" step="1"/><G75/><REACH who="3" ten="245,237,261,237" step="2"/><T8/><D8/><U92/><E92/><V82/><F73/><W4/><G4/><T32/><D93/><U80/><E80/><V67/><F82/><W71/><G71/><T66/><D32/><U52/><E52/><V5/><F35/><W117/><G117/><T100/><D54/><U33/><E33/><V72/><F53/><W103/><G103/><T20/><D100/><U57/><E57/><V108/><F108/><W130/><G130/><T98/><D59/><U135/><E135/><V74/><F74/><RYUUKYOKU ba="0,2" sc="245,-15,237,15,261,-15,237,15" hai1="2,6,9,11,12,13,15,17,39,42,47,88,94" hai3="0,1,3,24,27,40,44,46,50,55,81,85,91" /><INIT seed="1,1,2,2,2,39" ten="230,252,246,252" oya="1" hai0="32,85,34,107,48,72,80,117,38,45,0,8,9" hai1="128,27,62,87,93,91,43,25,17,20,21,22,83" hai2="26,88,64,112,4,135,131,102,82,10,18,132,66" hai3="115,79,121,65,73,124,29,36,58,81,60,71,47"/><U7/><E128/><V41/><F112/><W28/><G115/><T106/><D117/><U119/><E119/><V101/><F131/><W75/><G121/><T57/><D9/><U6/><E62/><V116/><F116/><W52/><G75/><T2/><D2/><U98/><E43/><V86/><F41/><N who="3" m="22951" /><G124/><T50/><D50/><AGARI ba="1,2" hai="28,29,50,52,58,60,65,71,73,79,81" m="22951" machi="50" ten="30,3900,0" yaku="24,1,52,1,54,1" doraHai="39" who="3" fromWho="0" sc="230,-42,252,0,246,0,252,62" /><INIT seed="2,0,0,2,2,15" ten="188,252,246,314" oya="2" hai0="2,134,13,24,64,27,116,102,92,21,73,90,86" hai1="12,125,114,39,99,67,112,89,11,104,133,49,33" hai2="111,37,70,56,83,130,43,105,94,122,44,47,129" hai3="60,3,17,124,76,25,107,40,128,82,69,100,127"/><V5/><F105/><W29/><G40/><T115/><D115/><U36/><E33/><V96/><F122/><W6/><G128/><N who="2" m="49257" /><F70/><W110/><G110/><T20/><D2/><U48/><E133/><V63/><F111/><W118/><G118/><T91/><D73/><U35/><E35/><V55/><F5/><W87/><G3/><T85/><D64/><U131/><E125/><V98/><F83/><W31/><G6/><T80/><D134/><U0/><E0/><V84/><F47/><W32/><G29/><T123/><D123/><U88/><E131/><V8/><F8/><W52/><G17/><T4/><D116/><U106/><E67/><V95/><F95/><W72/><G87/><T78/><D102/><U45/><E11/><V7/><F7/><W14/><G14/><T16/><D78/><U117/><E12/><V61/><F61/><W68/><G52/><T53/><D4/><U120/><E117/><V38/><F38/><W1/><G1/><T42/><D42/><U30/><E30/><V126/><F126/><N who="3" m="48171" /><G60/><T97/><D86/><U75/><E45/><V50/><F37/><W41/><G41/><T71/><D71/><U74/><REACH who="1" step="1"/><E99/><AGARI ba="0,0" hai="25,31,32,68,69,72,76,82,99,100,107" m="48171" machi="99" ten="30,2000,0" yaku="18,1,23,1" doraHai="15" who="3" fromWho="1" sc="188,0,252,-20,246,0,314,20" /><INIT seed="3,0,0,0,2,53" ten="188,232,246,334" oya="3" hai0="86,30,91,102,40,24,43,90,113,126,104,100,130" hai1="85,115,32,67,87,6,60,21,132,63,35,105,59" hai2="111,123,26,121,75,45,58,51,15,23,9,79,28" hai3="14,57,135,50,29,124,97,41,19,25,27,12,48"/><W1/><G1/><T118/><D118/><U107/><E115/><V7/><F111/><W0/><G0/><T44/><D130/><U64/><E132/><V37/><F37/><W17/><G135/><T117/><D117/><U133/><E133/><V39/><F39/><W77/><G124/><T108/><D108/><U128/><E128/><V99/><F99/><W20/><G77/><T34/><D126/><U71/><E6/><V112/><F112/><W94/><G41/><T119/><D119/><U81/><E21/><V106/><F106/><W47/><G47/><T4/><D4/><U10/><E10/><V127/><F127/><W120/><G120/><T16/><D104/><U103/><E103/><V88/><F75/><W92/><G29/><T69/><D69/><U82/><REACH who="1" step="1"/><E71/><REACH who="1" ten="188,222,246,334" step="2"/><V42/><F121/><W101/><G101/><T84/><D113/><U54/><E54/><V18/><F123/><W56/><G20/><T52/><D43/><U80/><E80/><V13/><F7/><W68/><G68/><T49/><D40/><U3/><E3/><V76/><F9/><W61/><G97/><T74/><D102/><U83/><E83/><V114/><F114/><W122/><G122/><T93/><D100/><U89/><E89/><V2/><F2/><W131/><G131/><T96/><D90/><U110/><E110/><V129/><F129/><W22/><G22/><T78/><D78/><N who="2" m="29738" /><F88/><W11/><G11/><T8/><D74/><U33/><E33/><V31/><F31/><W125/><G125/><T73/><D73/><U62/><E62/><AGARI ba="0,1" hai="12,14,17,19,25,27,48,50,56,57,61,62,92,94" machi="62" ten="25,12000,1" yaku="22,2,8,1,52,2" doraHai="53" who="3" fromWho="1" sc="188,0,222,-120,246,0,334,130" /><INIT seed="3,1,0,1,0,112" ten="188,102,246,464" oya="3" hai0="67,110,94,96,4,23,5,97,14,57,30,121,70" hai1="3,15,10,50,117,90,62,118,116,122,61,25,83" hai2="8,128,26,102,51,1,127,35,17,41,99,9,44" hai3="12,36,29,115,95,124,106,33,42,63,2,92,100"/><W20/><G115/><T64/><D70/><U11/><E122/><V86/><F128/><W72/><G2/><T34/><D34/><U24/><E3/><V43/><F127/><W120/><G72/><T101/><D110/><U108/><E108/><V28/><F41/><W132/><G120/><T130/><D130/><U114/><E114/><V109/><F109/><W19/><G124/><T53/><D97/><U84/><E50/><V103/><F103/><W81/><G132/><T49/><D121/><U37/><E37/><V45/><F45/><W59/><G106/><T71/><D71/><U91/><E91/><V123/><F123/><W88/><G100/><T40/><D40/><U65/><E11/><V56/><F1/><W21/><G33/><T31/><D31/><U76/><E76/><V82/><F56/><W85/><G36/><T48/><D48/><U46/><E46/><V98/><F17/><N who="3" m="10279" /><G29/><T131/><D131/><U69/><REACH who="1" step="1"/><E62/><REACH who="1" ten="188,92,246,464" step="2"/><V60/><F60/><W93/><G42/><T79/><D79/><U0/><E0/><V75/><F9/><W134/><G134/><T18/><D49/><U80/><E80/><V52/><F8/><W47/><G47/><T111/><D111/><U126/><E126/><V38/><F38/><W66/><G81/><T89/><D89/><U77/><E77/><V133/><F43/><W22/><G22/><T68/><D23/><U119/><N who="1" m="29696" /><DORA hai="16" /><U87/><E87/><V113/><F86/><W78/><G78/><T104/><D104/><U105/><E105/><V125/><F133/><W13/><AGARI ba="1,1" hai="13,19,21,59,63,66,85,88,92,93,95" m="10279" machi="13" ten="30,11700,0" yaku="8,1,52,2,54,1" doraHai="112,16" who="3" fromWho="3" sc="188,-40,92,-40,246,-40,464,130" /><INIT seed="3,2,0,5,4,81" ten="148,52,206,594" oya="3" hai0="99,83,127,101,40,72,18,128,54,55,3,114,39" hai1="1,13,66,35,43,106,105,82,79,37,27,47,26" hai2="7,126,76,123,135,28,57,103,33,0,60,95,5" hai3="78,48,14,89,85,112,2,22,34,124,68,10,56"/><W130/><G68/><T70/><D3/><U52/><E1/><V62/><F123/><W117/><G112/><T71/><D114/><U77/><E79/><V45/><F135/><W104/><G104/><T24/><D127/><U15/><E66/><V17/><F126/><W88/><G124/><T92/><D128/><U129/><E129/><V118/><F118/><W120/><G34/><T32/><D70/><U42/><E42/><V65/><F33/><W73/><G73/><T74/><D71/><U121/><E121/><V125/><F28/><W46/><G117/><T36/><D39/><U12/><E27/><V21/><F125/><W97/><G97/><T69/><D69/><U20/><E35/><V61/><F76/><W116/><G56/><T30/><D74/><U131/><E131/><V87/><F45/><W96/><G96/><T11/><D72/><U102/><E102/><V75/><F75/><W6/><G120/><T64/><D64/><U84/><REACH who="1" step="1"/><E52/><REACH who="1" ten="148,42,206,594" step="2"/><V108/><F103/><W49/><G2/><T93/><D55/><U16/><AGARI ba="2,1" hai="12,13,15,16,20,26,37,43,47,77,82,84,105,106" machi="16" ten="30,8000,1" yaku="1,1,2,1,0,1,52,1,54,1,53,0" doraHai="81" doraHaiUra="111" who="1" fromWho="1" sc="148,-22,42,96,206,-22,594,-42" /><INIT seed="4,0,0,0,4,82" ten="126,138,184,552" oya="0" hai0="103,134,1,66,58,38,73,75,29,55,48,119,27" hai1="96,126,22,40,98,107,112,84,72,0,69,47,120" hai2="31,135,61,128,129,65,43,21,7,74,94,36,32" hai3="30,17,133,14,46,131,15,71,6,113,97,100,104"/><T35/><D119/><U23/><E120/><V89/><F74/><W122/><G113/><T25/><D134/><U26/><E72/><V95/><F135/><W118/><G133/><T63/><D1/><U53/><E69/><V76/><F76/><W49/><G118/><T59/><D38/><U108/><E0/><V5/><F32/><W109/><G109/><T132/><D132/><U41/><E108/><V102/><F102/><W9/><G30/><T80/><D25/><U83/><E112/><V24/><F95/><W105/><G71/><T90/><D103/><U114/><E114/><V33/><F33/><W110/><G110/><T87/><AGARI ba="0,0" hai="27,29,35,48,55,58,59,63,66,73,75,80,87,90" machi="87" ten="30,3000,0" yaku="0,1,52,1" doraHai="82" who="0" fromWho="0" sc="126,30,138,-10,184,-10,552,-10" /><INIT seed="4,1,0,1,2,46" ten="156,128,174,542" oya="0" hai0="36,135,117,33,11,20,123,66,32,116,51,120,100" hai1="87,68,12,42,128,125,55,111,15,127,0,34,121" hai2="28,86,57,30,85,118,108,132,49,91,9,6,5" hai3="77,18,92,84,29,79,78,61,39,95,96,17,40"/><T45/><D100/><U53/><E0/><V115/><F108/><W25/><G39/><T109/><D11/><U102/><E121/><N who="0" m="46665" /><D20/><U69/><E111/><V62/><F132/><W134/><G134/><T52/><D109/><U103/><E42/><V24/><F118/><N who="0" m="45674" /><D32/><U14/><E87/><V8/><F115/><W16/><G84/><T19/><D33/><U13/><E13/><V112/><F85/><W126/><G29/><T56/><D19/><U48/><E34/><V110/><F112/><W37/><G16/><T90/><D90/><U82/><E82/><V59/><F110/><W130/><G17/><T54/><D135/><U129/><E15/><V23/><F30/><W63/><G18/><T44/><D66/><U50/><AGARI ba="1,0" hai="12,14,48,50,53,55,68,69,102,103,125,127,128,129" machi="50" ten="25,8000,1" yaku="0,1,22,2,52,2" doraHai="46" who="1" fromWho="1" sc="156,-41,128,83,174,-21,542,-21" /><INIT seed="5,0,0,4,3,130" ten="115,211,153,521" oya="1" hai0="57,22,118,40,52,123,14,45,1,135,63,7,125" hai1="41,2,81,71,16,90,94,107,27,102,127,85,26" hai2="3,28,86,82,33,92,37,72,104,11,67,54,34" hai3="59,112,31,68,4,75,80,129,35,47,116,48,20"/><U77/><E2/><V36/><F104/><W9/><G20/><T44/><D118/><U124/><E71/><V131/><F131/><W98/><G59/><T108/><D108/><U133/><E41/><V55/><F67/><W42/><G35/><T91/><D1/><U128/><E128/><V74/><F92/><W122/><G9/><T95/><D123/><U5/><E5/><V66/><F66/><W29/><G47/><T49/><D125/><N who="1" m="48203" /><E102/><V132/><F28/><W32/><G31/><T38/><D135/><U114/><E107/><V24/><F24/><W99/><G29/><T126/><D126/><U78/><E114/><V117/><F117/><W8/><G112/><T101/><D101/><U111/><E111/><V56/><F11/><W79/><G8/><T53/><D7/><U15/><E133/><V87/><F3/><W93/><G4/><T121/><D121/><U6/><E6/><V97/><F82/><W84/><G80/><T12/><REACH who="0" step="1"/><D22/><REACH who="0" ten="105,211,153,521" step="2"/><N who="1" m="11551" /><E77/><V89/><F132/><W60/><G79/><T23/><D23/><U64/><E64/><V19/><F33/><W30/><G32/><T65/><D65/><U88/><E90/><V113/><F34/><W58/><G129/><T61/><D61/><U17/><E17/><V43/><F19/><W25/><G116/><T96/><AGARI ba="0,1" hai="12,14,38,40,44,45,49,52,53,57,63,91,95,96" machi="96" ten="20,8000,1" yaku="1,1,0,1,7,1,54,1,53,1" doraHai="130" doraHaiUra="39" who="0" fromWho="0" sc="105,90,211,-40,153,-20,521,-20" /><INIT seed="6,0,0,2,0,18" ten="195,171,133,501" oya="2" hai0="46,49,120,105,29,31,95,109,43,36,103,133,92" hai1="80,21,115,51,44,91,85,72,100,93,96,82,33" hai2="112,8,79,47,119,27,0,35,99,14,102,134,128" hai3="2,104,52,106,65,19,68,45,23,7,78,30,10"/><V38/><F119/><W25/><G78/><T3/><D120/><U4/><E115/><V86/><F112/><W76/><G76/><T12/><D3/><U118/><E33/><V71/><F71/><W64/><G68/><T111/><D105/><U129/><E118/><V26/><F0/><W62/><G106/><T32/><D32/><U9/><E129/><V130/><F134/><W56/><G104/><T20/><D36/><U116/><E116/><V60/><F60/><W122/><G122/><T89/><D111/><U81/><E21/><V97/><F38/><W39/><G39/><T108/><D109/><U40/><REACH who="1" step="1"/><E72/><REACH who="1" ten="195,161,133,501" step="2"/><V127/><F35/><N who="3" m="20943" /><G45/><T90/><D108/><U121/><E121/><V11/><F47/><W66/><G66/><T59/><D46/><U57/><E57/><V123/><F123/><W16/><G19/><T73/><D59/><U70/><E70/><V74/><F74/><W117/><G117/><T1/><D73/><U126/><E126/><V50/><F127/><W98/><G98/><T24/><D31/><U48/><E48/><V124/><F124/><W55/><G64/><T110/><D49/><U113/><E113/><V69/><F50/><W135/><G135/><T77/><D110/><U75/><E75/><V131/><F69/><W13/><AGARI ba="0,1" hai="2,7,10,13,16,23,52,55,56,62,65" m="20943" machi="13" ten="30,7900,0" yaku="24,1,52,1,54,2" doraHai="18" who="3" fromWho="3" sc="195,-20,161,-20,133,-39,501,89" /><INIT seed="7,0,0,2,3,70" ten="175,141,94,590" oya="3" hai0="5,83,36,91,37,130,113,90,49,102,13,100,95" hai1="62,16,3,129,20,111,119,110,64,12,14,72,58" hai2="89,101,45,115,47,128,31,27,121,60,2,59,118" hai3="78,120,4,124,9,51,54,135,85,26,117,114,44"/><W73/><G73/><T109/><D109/><U41/><E3/><V8/><F118/><W77/><G135/><T116/><D116/><U28/><E119/><V71/><F71/><W33/><G117/><T23/><D83/><U107/><E72/><V106/><F115/><W22/><G33/><T133/><D133/><U96/><E28/><V55/><F121/><W66/><G124/><T84/><D91/><U97/><E129/><V10/><F128/><W86/><G66/><T108/><D108/><U25/><E96/><V63/><F63/><W48/><G114/><T52/><D130/><U57/><E41/><V125/><F125/><W80/><G120/><T7/><D5/><U75/><E75/><V104/><F89/><W79/><G85/><T19/><D7/><U69/><E58/><V99/><F106/><W87/><G86/><T46/><REACH who="0" step="1"/><D113/><REACH who="0" ten="165,141,94,590" step="2"/><U76/><E110/><V127/><F127/><W112/><G112/><T38/><AGARI ba="0,1" hai="13,19,23,36,37,38,46,49,52,84,90,95,100,102" machi="38" ten="30,12000,2" yaku="1,1,2,1,0,1,52,3,54,1,53,0" doraHai="70" doraHaiUra="67" who="0" fromWho="0" sc="165,130,141,-30,94,-30,590,-60" owari="295,10.0,111,-29.0,64,-44.0,530,63.0" /></mjloggm>