<mjloggm ver="2.3"><GO type="169" lobby="0"/><UN n0="%E3%80%93%E4%BD%90%E5%A4%A9%E3%81%95%E3%82%93%E3%80%93" n1="%E3%82%A2%E3%82%AB%E2%98%86%E3%82%A6%E3%83%BC%E3%83%94%E3%83%B3" n2="%E3%83%90%E3%82%A4%E3%82%A2%E3%83%A9%E3%83%B3" n3="%73%61%62%6F%34%30" dan="17,17,16,16" rate="2158.31,2178.03,2108.78,2102.41" sx="F,M,M,M"/><TAIKYOKU oya="0"/><INIT seed="0,0,0,2,0,20" ten="250,250,250,250" oya="0" hai0="132,14,131,81,108,33,64,105,82,56,112,4,80" hai1="0,86,59,109,48,68,74,6,118,52,45,99,122" hai2="133,91,101,100,126,22,38,51,27,62,93,46,58" hai3="121,85,90,24,50,72,53,77,39,114,98,95,102"/><T66/><D105/><U13/><E74/><V30/><F38/><W26/><G39/><T84/><D112/><U92/><E68/><V123/><F133/><W83/><G114/><T35/><D132/><U41/><E109/><V89/><F126/><W3/><G3/><T88/><D131/><U111/><E111/><V73/><F73/><W40/><G40/><T115/><D115/><U12/><E118/><V79/><F79/><W19/><G19/><T47/><D108/><U75/><E75/><V28/><F28/><W61/><G61/><T117/><D117/><U65/><E122/><V107/><F107/><W103/><G103/><T36/><D36/><U29/><E65/><V8/><F8/><W70/><G70/><T9/><D47/><U55/><E86/><V57/><F57/><W16/><G16/><T1/><D1/><U120/><E29/><V113/><F113/><W17/><G17/><T21/><D21/><U125/><E41/><V5/><F5/><W116/><G121/><T11/><D11/><U71/><E71/><V127/><F127/><W31/><G31/><T128/><D128/><U2/><E125/><V69/><F69/><W42/><G42/><T10/><D10/><N who="1" m="2391" /><E0/><V37/><F37/><W34/><G34/><T78/><D78/><U110/><E110/><V87/><F91/><W63/><G63/><N who="0" m="37991" /><D66/><U32/><E32/><V96/><F123/><W134/><G134/><T7/><D7/><U106/><E120/><V97/><F46/><N who="3" m="27863" /><G116/><T135/><D135/><U129/><E129/><V15/><F62/><W124/><G124/><T25/><D35/><RYUUKYOKU ba="0,0" sc="250,15,250,-15,250,-15,250,15" hai0="4,9,14,25,33,80,81,82,84,88" hai3="24,26,72,77,83,85,90,95,98,102" /><INIT seed="0,1,0,5,2,45" ten="265,235,235,265" oya="0" hai0="15,46,7,18,52,0,34,84,121,68,93,73,67" hai1="23,116,130,29,79,75,47,25,112,26,125,5,97" hai2="114,13,58,119,117,24,83,126,53,89,105,49,86" hai3="120,115,44,32,118,17,37,55,101,54,94,28,132"/><T63/><D121/><U11/><E116/><V77/><F114/><W62/><G118/><N who="2" m="45065" /><F105/><W134/><G120/><T21/><D73/><U10/><E125/><V78/><F126/><W88/><G115/><T65/><D34/><U40/><E130/><V69/><F69/><W39/><G101/><T103/><D67/><U43/><E112/><V90/><F24/><W110/><G110/><T123/><D123/><U131/><E131/><V59/><F13/><W38/><G32/><T100/><D7/><U133/><E133/><N who="3" m="51306" /><G28/><T66/><D66/><U35/><E97/><V82/><F59/><N who="3" m="35191" /><G17/><T99/><D0/><U102/><E26/><V27/><F27/><W36/><G36/><T92/><D84/><AGARI ba="1,0" hai="49,53,58,77,78,82,83,84,86,89,90" m="45065" machi="84" ten="30,2000,0" yaku="12,1,52,1" doraHai="45" who="2" fromWho="0" sc="265,-23,235,0,235,23,265,0" /><INIT seed="1,0,0,0,1,52" ten="242,235,258,265" oya="1" hai0="30,28,33,76,93,54,49,60,17,87,45,101,70" hai1="41,46,48,9,128,11,130,88,26,62,2,44,7" hai2="73,64,68,133,23,29,6,56,80,119,82,99,10" hai3="75,117,38,58,78,81,132,50,106,39,47,79,19"/><U53/><E11/><V98/><F68/><W37/><G117/><T121/><D121/><U8/><E8/><V25/><F133/><W5/><G106/><T86/><D33/><U22/><E88/><V97/><F119/><W102/><G102/><T113/><D113/><U4/><E4/><V21/><F21/><W134/><G5/><T92/><D70/><U114/><E114/><V96/><F73/><W112/><G112/><T61/><D17/><U43/><E62/><N who="0" m="24169" /><D87/><U126/><E126/><V135/><F135/><N who="3" m="51755" /><G79/><T129/><D129/><N who="1" m="49771" /><E46/><V127/><F127/><W83/><G83/><N who="0" m="47463" /><D93/><U12/><E2/><V27/><F80/><W66/><G19/><AGARI ba="0,0" hai="7,9,12,19,22,26,41,43,44,48,53" m="49771" machi="19" ten="30,1500,0" yaku="19,1" doraHai="52" who="1" fromWho="3" sc="242,0,235,15,258,0,265,-15" /><INIT seed="1,1,0,3,1,70" ten="242,250,258,250" oya="1" hai0="44,133,129,108,1,3,58,46,45,97,56,92,30" hai1="19,49,7,48,71,31,95,10,85,77,81,28,25" hai2="20,59,60,36,130,55,76,54,107,14,75,9,37" hai3="0,111,88,119,69,11,47,4,15,35,38,27,64"/><U78/><E71/><V67/><F107/><W104/><G119/><T128/><D30/><U40/><E78/><V109/><F20/><W6/><G104/><T16/><D108/><U61/><E61/><V79/><F109/><W103/><G103/><T23/><D133/><U125/><E125/><V134/><F134/><W106/><G106/><T8/><D8/><U135/><E135/><V62/><F130/><N who="0" m="50282" /><D1/><U127/><E127/><V96/><F96/><W22/><G111/><T98/><D3/><U80/><E80/><V12/><F75/><W124/><G124/><T100/><D97/><U5/><E48/><V121/><F121/><W93/><G35/><T13/><AGARI ba="1,0" hai="13,16,23,44,45,46,56,58,92,98,100" m="50282" machi="13" ten="30,2000,0" yaku="19,1,54,1" doraHai="70" who="0" fromWho="0" sc="242,23,250,-11,258,-6,250,-6" /><INIT seed="2,0,0,1,2,61" ten="265,239,252,244" oya="2" hai0="108,25,104,39,29,109,3,90,76,7,123,21,68" hai1="120,87,20,5,103,6,31,65,91,111,24,62,50" hai2="105,92,71,110,32,55,106,0,125,84,28,78,9" hai3="63,17,49,97,26,73,8,82,88,98,124,75,113"/><V131/><F125/><W114/><G124/><T89/><D39/><U66/><E111/><V107/><F131/><W127/><G127/><T37/><D37/><U13/><E120/><V14/><F110/><W83/><G63/><T132/><D104/><U42/><E103/><V135/><F135/><W126/><G49/><T22/><D68/><U34/><E34/><V85/><F0/><W94/><G126/><T54/><D76/><U117/><E117/><V58/><F71/><W77/><G26/><T35/><D54/><U57/><E13/><V16/><F78/><W102/><G17/><T18/><D22/><U23/><E23/><V4/><F4/><N who="1" m="1641" /><E62/><V129/><F129/><W46/><G46/><T59/><D123/><U99/><E99/><V67/><F92/><N who="3" m="56455" /><G8/><T43/><D132/><U15/><E15/><V72/><F72/><N who="3" m="27723" /><G77/><T53/><D109/><U10/><E10/><V95/><F28/><W115/><AGARI ba="0,0" hai="82,83,94,98,102,113,114,115" m="27723,56455" machi="115" ten="40,8000,1" yaku="11,1,34,2,54,1" doraHai="61" who="3" fromWho="3" sc="265,-20,239,-20,252,-40,244,80" /><INIT seed="3,0,0,4,3,73" ten="245,219,212,324" oya="3" hai0="116,89,122,104,128,81,115,33,106,19,98,8,123" hai1="72,119,17,15,64,108,55,78,77,84,120,51,113" hai2="39,32,46,111,69,126,93,48,0,59,92,22,71" hai3="43,129,7,37,5,30,58,21,26,100,79,127,110"/><W70/><G70/><T105/><D33/><U61/><E120/><V38/><F32/><W131/><G100/><T3/><D116/><U34/><E34/><V130/><F0/><W121/><G121/><T13/><D3/><U82/><E113/><V20/><F59/><W18/><G110/><T96/><D115/><U53/><E108/><V27/><F111/><W49/><G37/><T6/><D6/><U74/><E119/><V45/><F48/><W87/><G127/><T132/><D132/><U124/><E124/><V99/><F99/><W83/><G18/><T80/><D13/><U28/><E28/><V94/><F27/><W63/><G49/><T65/><D65/><U41/><E41/><V57/><F57/><W44/><G44/><T31/><D8/><U97/><E97/><V67/><F67/><W66/><REACH who="3" step="1"/><G43/><REACH who="3" ten="245,219,212,314" step="2"/><T62/><D19/><U25/><E51/><V42/><F42/><W12/><G12/><T35/><D122/><U88/><E15/><V118/><F126/><W50/><G50/><T40/><D123/><U23/><E17/><V90/><F39/><W56/><G56/><T24/><D40/><U109/><E109/><V54/><F38/><W52/><G52/><T102/><D106/><U114/><E55/><V10/><F54/><W95/><G95/><T135/><D105/><U86/><E53/><V85/><F94/><W2/><G2/><T101/><D104/><U134/><E114/><V76/><F71/><W11/><G11/><T16/><D102/><U1/><E1/><V14/><F69/><W29/><G29/><T9/><D31/><RYUUKYOKU ba="0,1" sc="245,-10,219,-10,212,-10,314,30" hai3="5,7,21,26,30,58,63,66,79,83,87,129,131" /><INIT seed="3,1,1,2,5,0" ten="235,209,202,344" oya="3" hai0="34,43,25,64,115,36,52,74,7,38,134,85,44" hai1="88,100,87,6,37,95,129,127,99,124,1,72,128" hai2="63,90,11,103,45,98,35,89,94,40,4,122,106" hai3="47,70,5,76,117,65,80,9,104,12,110,71,21"/><W14/><G104/><T77/><D85/><U13/><E1/><V20/><F35/><W84/><G117/><T97/><D64/><U24/><E37/><V113/><F113/><W60/><G110/><T82/><D38/><U101/><E24/><V62/><F122/><W29/><G47/><T31/><D97/><U123/><E72/><V55/><F20/><W68/><G14/><T59/><D115/><U23/><E123/><V58/><F63/><W15/><REACH who="3" step="1"/><G12/><REACH who="3" ten="235,209,202,334" step="2"/><T130/><D44/><U3/><E3/><V75/><F106/><W135/><G135/><T96/><D134/><U49/><E13/><V66/><F45/><W48/><G48/><T50/><D50/><U108/><E49/><V61/><F40/><W46/><G46/><T114/><D43/><U111/><E108/><V2/><REACH who="2" step="1"/><F75/><REACH who="2" ten="235,209,192,334" step="2"/><W54/><G54/><T131/><D52/><U83/><E111/><V78/><F78/><W133/><G133/><T39/><D77/><U19/><E124/><V107/><F107/><W109/><G109/><T56/><D74/><U91/><E127/><V121/><F121/><W105/><G105/><T93/><D114/><U28/><E129/><V8/><F8/><W132/><G132/><T69/><D39/><U118/><E128/><V51/><F51/><W32/><G32/><T27/><D36/><U67/><E118/><V112/><F112/><W41/><G41/><T33/><D131/><U22/><E67/><V30/><F30/><W18/><G18/><T16/><D130/><U92/><E28/><V10/><F10/><W126/><G126/><T42/><D31/><RYUUKYOKU ba="1,3" sc="235,-15,209,-15,192,15,334,15" hai2="2,4,11,55,58,61,62,66,89,90,94,98,103" hai3="5,9,15,21,29,60,65,68,70,71,76,80,84" /><INIT seed="3,2,3,0,4,126" ten="220,194,207,349" oya="3" hai0="114,91,13,41,80,125,64,129,122,68,110,0,106" hai1="76,39,70,7,22,86,79,52,29,42,90,85,47" hai2="109,65,66,56,84,59,78,87,133,43,115,111,131" hai3="21,100,53,15,103,31,40,30,117,11,101,14,119"/><W95/><G40/><T34/><RYUUKYOKU type="yao9" ba="2,3" sc="220,0,194,0,207,0,349,0" hai0="0,13,34,41,64,68,80,91,106,110,114,122,125,129" /><INIT seed="3,3,3,3,0,41" ten="220,194,207,349" oya="3" hai0="84,0,59,74,62,125,90,12,33,122,89,8,38" hai1="106,71,40,3,92,9,86,87,75,131,70,123,133" hai2="51,5,19,102,103,83,69,114,39,80,82,91,4" hai3="37,46,11,128,97,99,52,45,18,10,105,98,78"/><W76/><G105/><T109/><D74/><U32/><E40/><V111/><F39/><W50/><G128/><T79/><D38/><U120/><E92/><V25/><F69/><W47/><G37/><T94/><D33/><U107/><E9/><N who="3" m="3082" /><G18/><T31/><D0/><U58/><E58/><AGARI ba="3,3" hai="45,46,47,50,52,58,76,78,97,98,99" m="3082" machi="58" ten="30,12000,1" yaku="8,1,52,3,54,1" doraHai="41" who="3" fromWho="1" sc="220,0,194,-129,207,0,349,159" /><INIT seed="3,4,0,0,3,18" ten="220,65,207,508" oya="3" hai0="54,44,120,42,16,110,25,89,97,108,52,128,5" hai1="86,37,83,58,66,124,56,62,81,57,9,125,94" hai2="26,48,29,78,20,1,53,95,23,59,107,98,123" hai3="111,116,85,117,6,76,22,101,77,132,40,11,17"/><W47/><G101/><T113/><D120/><U46/><E94/><V2/><F123/><W10/><G10/><T33/><D5/><U109/><E109/><N who="0" m="42089" /><D128/><U39/><E9/><V70/><F70/><W31/><G31/><N who="0" m="19695" /><D113/><U130/><E83/><V24/><F78/><W126/><G111/><T51/><D16/><U84/><E84/><V36/><F36/><N who="1" m="13897" /><E86/><V69/><F69/><W119/><G126/><N who="1" m="48746" /><E81/><V64/><F64/><W105/><G105/><T129/><D129/><U99/><E99/><V104/><F104/><W91/><G132/><T3/><D3/><U67/><E130/><V8/><F8/><W75/><G75/><T92/><AGARI ba="4,0" hai="42,44,51,52,54,89,92,97" m="19695,42089" machi="92" ten="30,2000,0" yaku="14,1,54,1" doraHai="18" who="0" fromWho="0" sc="220,32,65,-9,207,-9,508,-14" /><INIT seed="4,0,0,2,2,63" ten="252,56,198,494" oya="0" hai0="37,52,112,42,83,48,88,79,53,116,110,2,113" hai1="98,39,47,65,123,122,107,66,49,101,96,92,46" hai2="115,108,70,132,67,73,133,30,127,21,41,87,106" hai3="86,31,7,5,75,129,17,10,105,76,8,84,121"/><T78/><D116/><U16/><E39/><V82/><F106/><W81/><G105/><T44/><D2/><U91/><E47/><V119/><F73/><W117/><G121/><T25/><D25/><U131/><E131/><V35/><F35/><W38/><G117/><T15/><D15/><U18/><E123/><V71/><F119/><W34/><G38/><T6/><D6/><U43/><E122/><V11/><F11/><W19/><G129/><T80/><D110/><U58/><E58/><V85/><F41/><W50/><G31/><T32/><D32/><U94/><E107/><V51/><F51/><W61/><G34/><T125/><D125/><U14/><REACH who="1" step="1"/><E16/><REACH who="1" ten="252,46,198,494" step="2"/><V68/><F68/><W97/><G19/><T28/><D37/><U120/><E120/><V22/><F71/><W23/><G17/><T62/><D44/><U12/><E12/><V36/><F70/><W128/><G128/><T77/><D28/><U102/><E102/><V69/><F69/><W100/><G7/><T124/><D42/><U93/><E93/><V54/><F36/><W56/><G5/><T57/><D57/><U114/><E114/><V134/><F115/><W4/><G4/><T24/><D112/><U103/><E103/><V130/><F30/><W29/><G100/><T126/><D113/><U9/><AGARI ba="0,1" hai="9,14,18,43,46,49,65,66,91,92,94,96,98,101" machi="9" ten="20,12000,2" yaku="1,1,0,1,7,1,8,1,52,2,53,0" doraHai="63" doraHaiUra="55" who="1" fromWho="1" sc="252,-60,46,130,198,-30,494,-30" /><INIT seed="5,0,0,3,5,45" ten="192,176,168,464" oya="1" hai0="100,73,71,68,95,66,128,112,118,49,15,2,78" hai1="41,104,28,26,24,115,90,44,29,114,60,82,127" hai2="72,6,83,102,53,18,47,35,46,123,38,40,42" hai3="111,133,55,69,61,52,57,16,13,132,1,94,70"/><U3/><E104/><V109/><F109/><W135/><G1/><T98/><D2/><U12/><E3/><V89/><F123/><W80/><G111/><T79/><D118/><U93/><E127/><V67/><F35/><W131/><G131/><T92/><D128/><U43/><E82/><V129/><F129/><W27/><G27/><T110/><D73/><U11/><E60/><V51/><F102/><W39/><G39/><T108/><D15/><U50/><E43/><V76/><F67/><W37/><G37/><T119/><D66/><U105/><E105/><V20/><F6/><W126/><G126/><T113/><D100/><U86/><E26/><V63/><F63/><W97/><G80/><T54/><D54/><U21/><REACH who="1" step="1"/><E28/><REACH who="1" ten="192,166,168,464" step="2"/><V125/><F125/><W106/><G106/><T91/><D110/><U65/><E65/><V14/><F42/><W19/><G70/><T0/><D0/><U116/><E116/><V4/><F40/><W81/><G69/><T75/><D119/><U122/><E122/><V10/><F83/><W23/><G81/><T62/><D108/><U22/><E22/><V8/><F20/><W59/><G133/><T96/><D62/><U87/><E87/><V32/><F72/><W84/><G84/><T121/><D75/><U25/><E25/><V124/><F124/><W85/><G85/><T5/><D121/><U103/><E103/><V33/><F33/><W77/><G135/><T36/><D71/><U48/><E48/><V101/><F101/><W56/><G132/><T64/><D68/><U17/><AGARI ba="0,1" hai="11,12,17,21,24,29,41,44,50,86,90,93,114,115" machi="17" ten="30,11700,0" yaku="1,1,0,1,52,1,53,1" doraHai="45" doraHaiUra="7" who="1" fromWho="1" sc="192,-39,166,127,168,-39,464,-39" /><INIT seed="5,1,0,3,3,91" ten="153,293,129,425" oya="1" hai0="5,60,1,120,83,14,126,32,71,113,28,115,68" hai1="24,43,79,62,128,26,29,124,57,118,80,63,85" hai2="49,51,33,104,70,121,112,111,133,50,41,130,73" hai3="54,117,55,64,61,4,6,82,106,90,89,20,39"/><U77/><E118/><V99/><RYUUKYOKU type="yao9" ba="1,0" sc="153,0,293,0,129,0,425,0" hai2="33,41,49,50,51,70,73,99,104,111,112,121,130,133" /><INIT seed="5,2,0,2,5,63" ten="153,293,129,425" oya="1" hai0="95,51,115,35,66,73,43,34,59,101,92,58,98" hai1="123,83,86,27,16,57,120,42,2,49,114,50,19" hai2="54,105,47,56,100,31,106,20,135,6,23,60,129" hai3="53,132,130,91,126,40,9,1,87,8,134,0,102"/><U96/><E2/><V13/><F135/><W46/><G102/><T103/><D73/><U112/><E96/><V39/><F129/><W85/><G130/><T88/><D115/><N who="1" m="44075" /><E42/><V48/><F39/><W64/><G53/><T75/><D75/><U55/><E50/><V82/><F100/><W131/><G131/><T72/><D72/><U68/><E68/><V69/><F69/><W3/><G126/><T111/><D111/><U80/><E80/><V11/><F106/><W74/><G74/><T89/><D43/><U84/><E84/><V29/><F105/><W33/><G33/><T79/><D51/><U124/><E124/><V116/><F116/><W4/><G64/><T17/><D66/><U127/><E127/><V21/><REACH who="2" step="1"/><F82/><REACH who="2" ten="153,293,119,425" step="2"/><W18/><G134/><T12/><D103/><U118/><E118/><V15/><F15/><W76/><G132/><T62/><D12/><U71/><E71/><V61/><F61/><W26/><G1/><T65/><D62/><U117/><E117/><V38/><F38/><W41/><G3/><T44/><D101/><U109/><E109/><V110/><F110/><W77/><G0/><T119/><D119/><U128/><E128/><V36/><F36/><W78/><G26/><T113/><D113/><U90/><E27/><V25/><F25/><W94/><G94/><T30/><D92/><U125/><E125/><V67/><AGARI ba="2,1" hai="6,11,13,20,21,23,29,31,47,48,54,56,60,67" machi="67" ten="30,12000,2" yaku="1,1,0,1,8,1,52,1,53,2" doraHai="63" doraHaiUra="24" who="2" fromWho="2" sc="153,-32,293,-62,119,136,425,-32" /><INIT seed="6,0,0,3,2,76" ten="121,231,255,393" oya="2" hai0="108,109,114,110,20,53,2,39,66,14,1,24,100" hai1="121,41,23,5,106,55,56,105,72,131,111,16,95" hai2="127,102,89,118,77,96,46,119,48,26,15,11,133" hai3="69,35,130,88,112,13,78,25,86,65,21,42,0"/><V126/><F26/><W99/><G0/><T71/><D39/><U120/><E111/><V61/><F61/><W37/><G130/><T68/><D100/><U4/><E131/><V12/><F77/><W85/><G112/><T60/><D114/><U90/><E72/><V75/><F75/><W132/><G132/><T28/><D71/><U29/><E29/><V44/><F133/><W123/><G123/><N who="1" m="47178" /><E41/><V92/><F102/><W6/><G35/><T31/><D31/><U116/><E116/><V101/><F101/><W40/><G69/><T63/><REACH who="0" step="1"/><D14/><REACH who="0" ten="111,231,255,393" step="2"/><N who="1" m="9623" /><E106/><V3/><F15/><W135/><G135/><T97/><D97/><N who="1" m="57591" /><E105/><V67/><F12/><W34/><G37/><T94/><D94/><U87/><E87/><V49/><F92/><W50/><G85/><T33/><D33/><U57/><E57/><AGARI ba="0,1" hai="1,2,20,24,28,53,57,60,63,66,68,108,109,110" machi="57" ten="40,1300,0" yaku="1,1,53,0" doraHai="76" doraHaiUra="8" who="0" fromWho="1" sc="111,23,231,-13,255,0,393,0" /><INIT seed="7,0,0,1,4,42" ten="134,218,255,393" oya="3" hai0="7,51,11,62,9,111,108,35,38,25,114,52,19" hai1="44,65,134,33,99,126,31,72,113,117,129,34,21" hai2="45,16,110,10,78,14,12,131,127,85,6,43,2" hai3="92,88,105,53,104,103,20,18,3,106,96,82,87"/><W13/><G3/><T5/><D38/><U50/><E113/><V128/><F127/><W17/><G17/><T8/><D62/><U109/><E72/><V84/><F110/><W58/><G82/><T41/><D41/><U120/><E109/><V102/><F102/><W63/><AGARI ba="0,0" hai="13,18,20,53,58,63,87,88,92,96,103,104,105,106" machi="63" ten="20,3900,0" yaku="0,1,7,1,54,1" doraHai="42" who="3" fromWho="3" sc="134,-13,218,-13,255,-13,393,39" owari="121,-38.0,205,-19.0,242,4.0,432,53.0" /></mjloggm>