<mjloggm ver="2.3"><GO type="169" lobby="0"/><UN n0="%E7%89%8C%E7%A5%9E" n1="%E9%9B%80%CE%B2%6F%D1%83" n2="%E3%82%A2%E3%83%95%E3%83%AA%E3%82%AB" n3="%61%74%79%61%6E" dan="16,16,16,17" rate="2097.13,2196.13,2141.81,2177.31" sx="M,M,M,M"/><TAIKYOKU oya="0"/><INIT seed="0,0,0,1,4,86" ten="250,250,250,250" oya="0" hai0="75,135,1,35,51,74,39,20,63,110,107,111,2" hai1="106,38,14,26,123,3,27,45,126,9,59,72,67" hai2="115,78,46,100,91,130,16,41,60,28,101,129,12" hai3="29,121,22,4,47,21,89,112,97,81,18,118,48"/><T104/><D35/><U37/><E106/><N who="0" m="40489" /><D39/><U117/><E3/><N who="0" m="1033" /><D63/><U105/><E105/><V6/><F6/><W64/><G112/><T52/><D20/><U125/><E67/><V36/><F28/><W132/><G118/><T71/><D71/><U24/><E59/><V15/><F15/><W43/><G121/><T102/><D102/><U133/><E123/><V56/><F78/><W114/><G114/><T53/><D135/><U66/><E66/><V122/><F115/><W79/><G64/><T57/><D53/><U13/><E133/><V131/><F122/><W109/><G132/><T58/><D58/><U32/><E32/><V124/><F56/><W17/><G22/><T99/><D99/><U119/><E9/><N who="2" m="6159" /><F60/><W90/><G4/><T120/><D120/><U80/><E26/><V116/><F116/><W96/><G29/><T113/><D113/><U55/><E119/><V30/><F30/><W92/><G21/><T94/><D94/><U84/><E117/><V10/><F10/><W33/><G33/><T49/><D49/><U61/><E38/><V98/><F101/><W108/><G18/><T44/><D44/><U134/><E37/><V95/><F100/><W5/><G17/><T77/><D77/><U76/><E76/><V23/><F23/><W8/><G5/><T93/><D93/><U31/><E134/><V25/><F25/><W7/><G79/><T73/><D57/><U11/><E27/><V54/><F54/><W40/><G8/><T70/><D70/><U65/><E55/><V128/><F128/><W88/><G7/><T69/><D69/><RYUUKYOKU ba="0,0" sc="250,15,250,-15,250,15,250,-15" hai0="51,52,73,74,75,110,111" hai2="36,41,46,91,95,98,124,129,130,131" /><INIT seed="0,1,0,4,2,12" ten="265,235,265,235" oya="0" hai0="73,116,51,104,14,52,29,135,40,26,128,124,33" hai1="13,89,106,72,111,119,82,22,105,55,10,100,50" hai2="32,133,65,19,59,21,120,45,108,62,15,7,78" hai3="3,49,9,8,112,130,2,47,114,54,85,86,4"/><T87/><D73/><U18/><E119/><V20/><F32/><W117/><G117/><T63/><D116/><U60/><E111/><V91/><F108/><W64/><G130/><T122/><D122/><U66/><E100/><V36/><F120/><W129/><G129/><T77/><D104/><U38/><E38/><V79/><F133/><W17/><G64/><T80/><D128/><U68/><E22/><V41/><F7/><W103/><G103/><T118/><D118/><U74/><E74/><V39/><F39/><W48/><G48/><T1/><D1/><U132/><E132/><V96/><REACH who="2" step="1"/><F21/><REACH who="2" ten="265,235,255,235" step="2"/><W81/><G112/><T44/><D135/><U57/><REACH who="1" step="1"/><E89/><REACH who="1" ten="265,225,255,235" step="2"/><V27/><F27/><W28/><G114/><T83/><D26/><U93/><E93/><AGARI ba="1,2" hai="15,19,20,36,41,45,59,62,65,78,79,91,93,96" machi="93" ten="40,2600,0" yaku="1,1,52,1,53,0" doraHai="12" doraHaiUra="24" who="2" fromWho="1" sc="265,0,225,-29,255,49,235,0" /><INIT seed="1,0,0,3,4,124" ten="265,196,304,235" oya="1" hai0="33,0,63,109,62,74,128,49,92,47,59,23,8" hai1="30,46,99,60,45,55,112,102,19,82,81,114,15" hai2="6,73,132,37,88,113,77,76,3,101,75,108,91" hai3="68,24,122,104,44,10,78,13,127,31,119,22,69"/><U115/><E30/><V90/><F37/><W130/><G122/><T27/><D74/><N who="2" m="28170" /><F6/><W85/><G127/><T120/><D33/><U135/><E135/><V93/><F3/><W94/><G104/><T29/><D120/><U43/><E60/><V16/><F16/><W111/><G119/><T117/><D63/><U95/><E55/><V57/><F57/><W28/><G111/><T32/><D32/><U72/><E72/><V48/><F48/><W50/><G31/><T70/><D109/><U18/><E18/><V53/><F53/><W54/><G130/><T5/><D70/><U97/><E97/><N who="2" m="59567" /><F108/><W123/><G123/><T89/><D117/><U61/><E61/><V4/><F4/><W67/><G67/><T125/><D125/><U64/><E64/><V121/><F121/><W134/><G69/><T126/><D126/><U12/><E12/><V41/><F41/><W118/><G118/><T84/><D128/><U20/><REACH who="1" step="1"/><E46/><REACH who="1" ten="265,186,304,235" step="2"/><V39/><F132/><W65/><G134/><T131/><D131/><U86/><E86/><V1/><F1/><W66/><G68/><T79/><D47/><U26/><E26/><V7/><F7/><N who="3" m="3295" /><G66/><T2/><D2/><U83/><E83/><V9/><F9/><W129/><G129/><T34/><D0/><U38/><AGARI ba="0,1" hai="15,19,20,38,43,45,81,82,95,99,102,112,114,115" machi="38" ten="30,3000,0" yaku="1,1,0,1,53,0" doraHai="124" doraHaiUra="58" who="1" fromWho="1" sc="265,-10,186,40,304,-10,235,-10" /><INIT seed="1,1,0,3,5,72" ten="255,226,294,225" oya="1" hai0="109,42,61,119,12,47,121,129,10,110,32,96,7" hai1="92,35,53,69,48,19,74,125,4,30,105,21,82" hai2="50,77,89,127,104,28,115,57,34,88,45,130,56" hai3="114,62,52,5,63,97,90,81,112,98,70,36,103"/><U124/><E105/><V100/><F115/><W85/><G36/><T41/><D119/><U83/><E69/><V108/><F108/><N who="0" m="41578" /><D129/><U95/><E4/><V58/><F130/><W51/><G5/><T71/><D121/><U24/><E92/><V80/><F127/><N who="1" m="48713" /><E95/><V116/><F116/><W18/><G18/><T87/><D32/><U6/><E6/><V84/><F34/><W37/><G37/><T39/><D96/><U14/><E74/><V0/><F0/><W38/><G38/><T122/><D122/><U79/><E79/><V44/><F28/><W15/><G15/><T22/><D87/><U133/><E133/><V132/><F132/><W66/><G63/><T113/><D113/><U99/><E99/><V3/><F3/><W33/><G98/><T94/><D94/><U40/><E40/><N who="2" m="24839" /><F104/><W31/><G97/><T43/><D61/><U68/><E68/><V65/><F100/><W106/><G103/><T73/><D71/><U17/><E19/><V75/><F75/><W118/><G106/><T54/><D73/><U135/><E135/><V126/><F126/><W29/><G118/><T134/><D134/><U13/><E13/><V23/><F89/><W49/><G31/><T111/><D111/><U67/><E67/><V20/><F65/><W102/><G102/><T8/><D7/><U131/><E131/><V93/><F93/><W27/><REACH who="3" step="1"/><G51/><REACH who="3" ten="255,226,294,215" step="2"/><N who="0" m="29055" /><D39/><U128/><E128/><V9/><F9/><W1/><G1/><T59/><D8/><U46/><AGARI ba="1,1" hai="14,17,21,24,30,35,46,48,53,82,83" m="48713" machi="46" ten="30,1500,0" yaku="18,1" doraHai="72" who="1" fromWho="1" sc="255,-6,226,28,294,-6,215,-6" /><INIT seed="1,2,0,1,2,90" ten="249,254,288,209" oya="1" hai0="100,81,59,95,68,39,120,74,102,21,82,51,65" hai1="10,66,123,69,50,9,93,30,60,57,127,73,107" hai2="43,112,80,72,33,29,34,132,84,17,128,131,135" hai3="67,36,6,53,7,99,108,71,115,19,35,58,79"/><U97/><E107/><V18/><F72/><W130/><G115/><T31/><D39/><U129/><E73/><V45/><F112/><W121/><G35/><T117/><D117/><U44/><E123/><V55/><F55/><W92/><G121/><T125/><D120/><U62/><E129/><N who="2" m="49739" /><F18/><W126/><G130/><T37/><D37/><U24/><E127/><V76/><F17/><W83/><G36/><T22/><D125/><U54/><E24/><N who="2" m="18599" /><F34/><W105/><G126/><T52/><D65/><U27/><E27/><V4/><F4/><W8/><G19/><T89/><D68/><U111/><E30/><V61/><F61/><W41/><G71/><T104/><D74/><U88/><REACH who="1" step="1"/><E111/><REACH who="1" ten="249,244,288,209" step="2"/><V46/><F43/><AGARI ba="2,1" hai="9,10,43,44,50,54,57,60,62,66,69,88,93,97" machi="43" ten="30,12000,1" yaku="1,1,2,1,7,1,52,1,54,1,53,0" doraHai="90" doraHaiUra="25" who="1" fromWho="2" sc="249,0,244,136,288,-126,209,0" /><INIT seed="1,3,0,2,0,8" ten="249,380,162,209" oya="1" hai0="16,81,87,28,42,51,45,134,58,37,114,91,48" hai1="38,96,55,69,31,100,6,111,72,60,68,124,127" hai2="70,19,54,36,126,40,84,103,10,83,108,14,65" hai3="57,11,21,56,73,5,102,20,67,98,1,105,115"/><U122/><E122/><V64/><F108/><W99/><G115/><T2/><D114/><U82/><E38/><V113/><F113/><W93/><G73/><T41/><D134/><U92/><E31/><V62/><F65/><W121/><G121/><T76/><D2/><U30/><E30/><V4/><F126/><W43/><G43/><T101/><D101/><U46/><E6/><V24/><F103/><W66/><G66/><T34/><D34/><U123/><E123/><V80/><F54/><W120/><G120/><T119/><D28/><U77/><E111/><V75/><F75/><W133/><G133/><T129/><D129/><U23/><E23/><V61/><F61/><W71/><G71/><T112/><D112/><U49/><E60/><V15/><F24/><W89/><REACH who="3" step="1"/><G67/><REACH who="3" ten="249,380,162,199" step="2"/><T0/><D42/><U32/><E69/><V74/><F74/><W131/><G131/><T3/><D41/><U130/><E68/><V125/><F125/><N who="1" m="48201" /><E130/><V97/><F40/><W53/><G53/><T59/><D37/><U17/><E55/><V135/><F135/><W85/><G85/><T12/><D87/><U88/><E72/><V90/><F36/><W9/><G9/><T22/><D51/><U26/><E49/><V47/><F97/><W118/><G118/><T50/><D50/><U29/><E96/><V44/><F83/><W18/><G18/><T13/><D48/><U7/><E17/><V27/><F47/><W79/><G79/><T109/><D45/><U110/><E46/><V78/><F44/><W132/><G132/><T107/><D119/><U25/><E82/><RYUUKYOKU ba="3,1" sc="249,-10,380,-10,162,-10,199,30" hai3="1,5,11,20,21,56,57,89,93,98,99,102,105" /><INIT seed="2,4,1,3,3,90" ten="239,370,152,229" oya="2" hai0="105,47,66,86,74,39,21,82,15,35,20,56,31" hai1="110,122,53,70,118,1,114,76,4,43,44,0,116" hai2="120,42,117,28,40,64,3,75,30,6,69,33,52" hai3="24,38,93,61,96,51,2,46,80,98,135,36,107"/><V18/><F117/><W62/><G2/><T79/><D105/><U11/><E114/><V83/><F120/><W68/><G135/><T127/><D127/><U8/><E110/><V124/><F124/><W88/><G80/><T121/><D121/><U131/><E131/><V133/><F133/><W29/><G68/><T73/><D35/><U17/><E70/><V81/><F18/><W125/><G125/><T48/><D39/><U103/><E53/><V25/><F30/><W129/><G129/><T50/><D73/><U78/><E103/><V126/><F126/><W5/><G5/><T34/><D74/><U87/><E122/><V58/><F64/><W16/><G16/><N who="0" m="10271" /><D34/><U14/><E0/><V67/><F67/><W85/><G38/><T102/><D102/><U7/><E7/><V13/><F69/><W89/><G36/><T54/><D66/><U57/><E57/><V115/><F115/><W84/><G107/><T71/><D71/><U91/><E118/><V10/><F3/><W72/><G72/><T92/><D92/><U108/><E108/><V12/><F12/><W134/><G134/><T32/><D32/><U109/><E109/><V22/><F33/><W26/><G29/><T41/><D31/><U132/><E132/><V60/><F75/><W97/><G26/><T104/><D104/><U23/><E116/><V95/><F95/><N who="3" m="54703" /><G24/><T19/><D19/><U113/><E113/><V45/><F42/><AGARI ba="4,1" hai="42,46,51,61,62,84,88,93,96,97,98" m="54703" machi="42" ten="30,7700,0" yaku="8,1,52,2,54,1" doraHai="90" who="3" fromWho="2" sc="239,0,370,0,152,-89,229,99" /><INIT seed="3,0,0,5,4,48" ten="239,370,63,328" oya="3" hai0="35,13,118,9,0,65,54,53,107,112,23,89,12" hai1="2,16,56,6,98,5,94,52,3,79,64,4,58" hai2="120,106,83,19,105,102,31,75,129,21,76,97,133" hai3="72,90,71,119,40,42,59,1,110,92,11,88,132"/><W125/><G119/><T128/><D35/><U122/><E122/><V68/><F120/><W104/><G104/><T63/><D118/><U49/><E79/><V116/><F116/><W91/><G71/><T82/><D107/><U109/><E109/><V57/><F68/><W28/><G110/><T30/><D128/><U66/><E2/><V69/><F69/><W62/><G72/><T70/><D112/><U96/><E3/><V85/><F129/><W124/><G132/><T15/><D0/><U73/><E73/><V38/><F38/><W17/><G28/><T37/><D37/><U84/><E84/><V130/><F133/><W50/><G92/><T81/><D9/><U20/><E58/><V47/><F130/><W101/><G101/><T121/><D121/><U103/><E98/><V134/><F134/><W123/><G123/><T113/><D113/><U100/><E103/><V117/><F117/><W18/><G50/><T67/><D67/><U77/><E77/><V8/><F106/><W78/><G78/><T43/><D43/><N who="3" m="16425" /><G11/><T126/><D126/><N who="3" m="48745" /><G1/><T99/><D99/><U24/><AGARI ba="0,0" hai="4,5,6,16,20,24,49,52,56,64,66,94,96,100" machi="24" ten="30,8000,1" yaku="0,1,8,1,52,1,54,2" doraHai="48" who="1" fromWho="1" sc="239,-20,370,80,63,-20,328,-40" /><INIT seed="4,0,0,2,3,126" ten="219,450,43,288" oya="0" hai0="31,17,0,130,23,18,100,86,102,63,76,58,83" hai1="73,93,19,28,52,36,78,127,134,94,13,8,128" hai2="72,90,47,25,88,101,14,116,98,59,118,37,29" hai3="27,65,21,55,131,12,111,48,9,26,38,103,91"/><T30/><D130/><U50/><E128/><V70/><F70/><W54/><G111/><T24/><D0/><U51/><E36/><V99/><F72/><W123/><G38/><T61/><D61/><U57/><E134/><V106/><F14/><W81/><G131/><T45/><D45/><U82/><E127/><V6/><F6/><W33/><G33/><T117/><D117/><N who="2" m="45162" /><F98/><W11/><G103/><N who="0" m="39467" /><D31/><U109/><E109/><V49/><F59/><W20/><G65/><AGARI ba="0,0" hai="17,18,23,24,30,58,63,65,76,83,86" m="39467" machi="65" ten="30,1500,0" yaku="8,1" doraHai="126" who="0" fromWho="3" sc="219,15,450,0,43,0,288,-15" /><INIT seed="4,1,0,3,1,132" ten="234,450,43,273" oya="0" hai0="77,35,42,103,107,5,40,76,100,18,93,13,64" hai1="90,11,78,113,55,83,86,44,75,14,123,50,59" hai2="102,87,124,29,1,134,71,104,47,127,92,10,12" hai3="81,65,133,2,101,118,120,66,6,23,109,135,60"/><T84/><D35/><U130/><E123/><V53/><F104/><W67/><G109/><T17/><D107/><U57/><E130/><V121/><F71/><W111/><G111/><T51/><D64/><U41/><E113/><V73/><F73/><W37/><G118/><T62/><D62/><U46/><E78/><N who="0" m="30313" /><D5/><U125/><E75/><V114/><F1/><W68/><G120/><T112/><D112/><U19/><E125/><N who="2" m="48203" /><F114/><W61/><G37/><AGARI ba="1,0" hai="11,14,19,37,41,44,46,50,55,57,59,83,86,90" machi="37" ten="30,3900,0" yaku="7,1,25,2" doraHai="132" who="1" fromWho="3" sc="234,0,450,42,43,0,273,-42" /><INIT seed="5,0,0,5,1,53" ten="234,492,43,231" oya="1" hai0="113,70,69,104,126,28,57,1,103,132,58,65,6" hai1="120,11,115,34,107,25,51,117,41,119,92,3,90" hai2="71,20,14,22,82,15,127,109,125,83,27,19,114" hai3="8,130,60,123,84,98,81,85,64,67,79,50,94"/><U38/><E107/><V21/><F71/><W122/><G130/><T128/><D128/><U18/><E51/><V91/><F109/><W16/><G84/><T52/><D132/><U77/><E77/><V102/><F102/><W24/><G50/><T23/><D126/><N who="2" m="48138" /><F91/><W134/><G134/><T135/><D135/><U4/><E41/><V106/><F106/><W124/><G124/><T78/><D113/><U47/><E38/><V111/><F111/><W133/><G133/><T121/><D78/><U30/><E47/><V36/><F36/><W80/><G80/><N who="2" m="30761" /><F114/><W110/><G110/><T54/><D121/><U45/><E45/><V99/><F99/><W5/><G123/><T7/><D104/><U56/><E115/><V86/><F86/><W29/><G122/><T101/><D1/><U95/><E90/><V12/><AGARI ba="0,0" hai="12,14,15,19,20,21,22,27" m="30761,48138" machi="12" ten="40,1500,0" yaku="18,1" doraHai="53" who="2" fromWho="2" sc="234,-4,492,-7,43,15,231,-4" /><INIT seed="6,0,0,3,3,53" ten="230,485,58,227" oya="2" hai0="56,15,1,86,40,132,77,94,37,48,19,115,130" hai1="55,14,31,116,38,68,65,63,114,41,43,133,66" hai2="118,2,9,93,125,64,91,54,32,119,74,131,0" hai3="21,78,79,28,49,25,80,127,72,50,46,8,47"/><V44/><F32/><W102/><G127/><T62/><D1/><U3/><E3/><V29/><F125/><W96/><G79/><T16/><D37/><U104/><E104/><V13/><F29/><W24/><G8/><N who="0" m="6247" /><D132/><U101/><E101/><V126/><F126/><W18/><G47/><N who="0" m="25703" /><D130/><U35/><E114/><V107/><F107/><W84/><G72/><T57/><D115/><U36/><E116/><V17/><F131/><W87/><G46/><T85/><D62/><U73/><E63/><V20/><F74/><W69/><G69/><T81/><D19/><U117/><E31/><V42/><F64/><W92/><G87/><T12/><D12/><U33/><E14/><V134/><F134/><W109/><G109/><T121/><D121/><U58/><E117/><V23/><F2/><W89/><G78/><N who="0" m="46263" /><D94/><U22/><E73/><V34/><F34/><AGARI ba="0,0" hai="18,21,24,25,28,34,49,50,80,84,89,92,96,102" machi="34" ten="30,1000,0" yaku="7,1" doraHai="53" who="3" fromWho="2" sc="230,0,485,0,58,-10,227,10" /><INIT seed="7,0,0,0,2,3" ten="230,485,48,237" oya="3" hai0="111,11,31,4,87,28,126,112,64,96,70,100,119" hai1="51,75,93,132,16,124,27,44,5,79,89,105,18" hai2="114,65,12,129,32,10,110,22,8,127,69,117,122" hai3="41,66,102,77,131,57,38,94,60,103,106,58,130"/><W88/><G77/><T128/><D119/><U86/><E105/><V98/><F65/><W74/><G74/><T29/><D111/><U39/><E39/><V123/><F98/><W54/><G41/><T109/><D109/><U55/><E132/><V24/><F22/><W133/><G38/><T68/><D128/><N who="3" m="49193" /><G106/><T134/><D134/><U85/><E75/><V21/><F21/><W42/><G42/><T76/><D126/><U26/><E124/><V15/><F24/><N who="1" m="9257" /><E5/><V43/><F43/><W72/><G72/><T33/><D112/><U1/><E1/><V17/><F110/><W116/><G116/><T118/><D33/><U115/><E115/><V36/><F36/><W19/><G133/><T52/><D118/><U113/><E113/><V20/><F117/><W101/><G19/><T95/><D64/><U53/><E53/><V92/><F114/><W78/><G78/><T13/><REACH who="0" step="1"/><D52/><REACH who="0" ten="220,485,48,237" step="2"/><U37/><E37/><V82/><F127/><W63/><G101/><T135/><D135/><U35/><E35/><V80/><F129/><W91/><G91/><T83/><AGARI ba="0,1" hai="4,11,13,28,29,31,68,70,76,83,87,95,96,100" machi="83" ten="30,4000,0" yaku="1,1,0,1,52,1,53,0" doraHai="3" doraHaiUra="23" who="0" fromWho="0" sc="220,50,485,-10,48,-10,237,-20" owari="270,7.0,475,57.0,38,-46.0,217,-18.0" /></mjloggm>