<mjloggm ver="2.3"><GO type="169" lobby="0"/><UN n0="%E3%83%A6%E3%83%BC%E3%82%B9%E3%83%AC%E3%82%B9" n1="%E3%81%91%E3%82%93%31%39%37%30" n2="%E7%9B%AE%E7%8E%89%E9%87%8E%E9%83%8E" n3="%E3%81%BE%E3%81%8A%E3%82%89%E3%82%93" dan="17,17,16,17" rate="2139.34,2173.55,2078.99,2174.29" sx="M,M,M,F"/><TAIKYOKU oya="0"/><INIT seed="0,0,0,2,2,115" ten="250,250,250,250" oya="0" hai0="85,93,119,9,20,112,28,26,41,78,27,126,58" hai1="47,113,75,90,24,80,42,105,71,114,127,128,19" hai2="52,53,45,100,111,92,103,1,31,124,46,15,122" hai3="88,32,81,23,123,94,132,22,66,77,96,48,0"/><T39/><D119/><U4/><E71/><V76/><F1/><W101/><G32/><T68/><D112/><N who="1" m="43115" /><E105/><V49/><F122/><W8/><G123/><T73/><D68/><U120/><E120/><V130/><F130/><W106/><G66/><T29/><D126/><U118/><E127/><V5/><F124/><W86/><G132/><T117/><D117/><U62/><E118/><V37/><F31/><W35/><G35/><T13/><D73/><U18/><E4/><V10/><F111/><W131/><G131/><T16/><D39/><N who="1" m="21983" /><E128/><V14/><F37/><W95/><G95/><T74/><D74/><U82/><E75/><V50/><F76/><W89/><G48/><T3/><D41/><U12/><E62/><V55/><F55/><W102/><G102/><T72/><D72/><U38/><E38/><V108/><F108/><W97/><REACH who="3" step="1"/><G77/><REACH who="3" ten="250,250,250,240" step="2"/><T87/><D78/><U125/><E125/><V67/><F67/><W21/><G21/><T64/><D93/><U135/><E135/><V79/><F79/><W36/><G36/><T133/><D133/><U59/><E90/><V33/><F33/><W121/><G121/><T30/><D20/><N who="1" m="13343" /><E59/><V11/><F92/><W63/><G63/><T51/><D64/><U69/><E69/><V61/><F61/><W2/><G2/><T65/><D3/><U84/><E82/><V107/><F107/><W129/><G129/><T116/><D116/><U134/><E80/><V99/><F99/><W6/><AGARI ba="0,1" hai="0,6,8,22,23,81,86,88,89,94,96,97,101,106" machi="6" ten="30,4000,0" yaku="1,1,0,1,54,1,53,0" doraHai="115" doraHaiUra="70" who="3" fromWho="3" sc="250,-20,250,-10,250,-10,240,50" /><INIT seed="1,0,0,0,5,23" ten="230,240,240,290" oya="1" hai0="49,8,39,19,56,21,59,96,53,135,124,51,67" hai1="80,45,116,132,101,35,113,118,112,34,6,28,9" hai2="65,2,42,122,52,12,40,60,82,133,68,117,17" hai3="97,55,5,41,91,123,104,43,74,22,106,83,89"/><U3/><E101/><V58/><F122/><W27/><G123/><T131/><D39/><U38/><E38/><V24/><F117/><N who="1" m="45161" /><E80/><V37/><F2/><W129/><G5/><T108/><D135/><U78/><E78/><V95/><F133/><W16/><G129/><T126/><D131/><U7/><E45/><V86/><F95/><W64/><G64/><T128/><D128/><U54/><E54/><V130/><F130/><W110/><G104/><T69/><D96/><U73/><E73/><V114/><F37/><W111/><G55/><T99/><D99/><U93/><E93/><V11/><F114/><N who="1" m="44137" /><E132/><V98/><F98/><W1/><G1/><T48/><D69/><U36/><E36/><V30/><F65/><W90/><G74/><T63/><D51/><U119/><E119/><V75/><F75/><W121/><G83/><T47/><D48/><U77/><E77/><V46/><F46/><W79/><G79/><T105/><D105/><U84/><E84/><V94/><F94/><W125/><G121/><T15/><D47/><U50/><E50/><V109/><F68/><W102/><REACH who="3" step="1"/><G125/><REACH who="3" ten="230,240,240,280" step="2"/><T81/><D81/><U85/><E7/><V57/><F52/><W103/><G103/><T4/><D126/><U18/><E3/><V10/><F82/><W33/><G33/><T134/><D124/><U31/><E6/><V29/><F42/><AGARI ba="0,1" hai="16,22,27,41,42,43,89,90,91,97,102,106,110,111" machi="42" ten="40,5200,0" yaku="1,1,52,1,54,1,53,0" doraHai="23" doraHaiUra="62" who="3" fromWho="2" sc="230,0,240,0,240,-52,280,62" /><INIT seed="2,0,0,3,3,62" ten="230,240,188,342" oya="2" hai0="52,67,45,16,81,26,108,112,107,118,72,5,78" hai1="53,61,29,105,75,109,79,117,49,130,98,135,31" hai2="128,116,50,124,40,127,15,34,86,121,113,43,48" hai3="106,131,9,102,6,59,19,97,32,14,4,129,123"/><V83/><F121/><W20/><G32/><T133/><D112/><U90/><E117/><V1/><F113/><W76/><G123/><T11/><D107/><U85/><E109/><V66/><F116/><W87/><G76/><T84/><D118/><U68/><E135/><V42/><F34/><W80/><G80/><T134/><D108/><U37/><E37/><V122/><F1/><W93/><G59/><T69/><D72/><U23/><E130/><N who="3" m="49674" /><G87/><T64/><D69/><U103/><E23/><V115/><F115/><W101/><G101/><T55/><D5/><N who="3" m="2153" /><G20/><N who="0" m="13575" /><D11/><U18/><E79/><V22/><F122/><W74/><G74/><T33/><D33/><U70/><E75/><V12/><F22/><W24/><G24/><T99/><D99/><U35/><E35/><V2/><F2/><W58/><G58/><T77/><D77/><U60/><E70/><V46/><F128/><W120/><G120/><T96/><D96/><U57/><E68/><V28/><F83/><W71/><G71/><T41/><D41/><U91/><E91/><V38/><F43/><W119/><G119/><T56/><D56/><U0/><E0/><V21/><F86/><W51/><G51/><N who="0" m="28783" /><D55/><U110/><E110/><V25/><F21/><W27/><G27/><T7/><D7/><U104/><E104/><AGARI ba="0,0" hai="9,14,19,93,97,102,104,106" m="2153,49674" machi="104" ten="30,1000,0" yaku="19,1" doraHai="62" who="3" fromWho="1" sc="230,0,240,-10,188,0,342,10" /><INIT seed="3,0,0,1,1,95" ten="230,230,188,352" oya="3" hai0="88,11,8,56,89,87,76,10,6,114,31,39,52" hai1="111,36,73,40,123,14,96,17,65,64,49,70,53" hai2="3,24,132,92,25,20,63,84,80,125,12,133,93" hai3="45,59,21,66,102,104,131,85,107,108,0,94,35"/><W100/><G35/><T77/><D39/><U75/><E111/><V47/><F3/><W43/><G0/><T118/><D118/><U1/><E1/><V72/><F72/><W91/><G108/><T55/><D114/><U99/><E123/><V120/><F120/><W121/><G121/><T126/><D126/><U117/><E117/><V79/><F125/><W2/><G2/><T116/><D116/><U19/><E70/><V32/><F47/><W37/><G131/><T69/><D69/><U122/><E122/><V113/><F113/><W51/><G21/><T62/><D6/><U15/><E49/><V18/><F63/><W119/><G119/><T29/><D55/><U13/><E53/><V98/><F92/><W68/><G68/><T105/><D105/><U78/><E78/><N who="0" m="30313" /><D89/><U90/><E90/><V124/><F124/><W54/><REACH who="3" step="1"/><G66/><REACH who="3" ten="230,230,188,342" step="2"/><T46/><D46/><U83/><E64/><V97/><F32/><W101/><AGARI ba="0,1" hai="37,43,45,51,54,59,85,91,94,100,101,102,104,107" machi="101" ten="30,6000,0" yaku="1,1,2,1,0,1,53,0" doraHai="95" doraHaiUra="4" who="3" fromWho="3" sc="230,-20,230,-20,188,-20,342,70" /><INIT seed="3,1,0,2,3,49" ten="210,210,168,412" oya="3" hai0="7,17,35,131,93,134,12,67,87,64,95,99,129" hai1="36,82,88,68,70,4,83,72,75,21,9,132,97" hai2="28,133,115,47,126,58,33,0,71,31,120,111,44" hai3="90,66,19,76,13,57,80,2,11,8,122,116,112"/><W85/><G116/><T18/><D35/><U48/><E36/><V34/><F58/><W86/><G112/><T127/><D134/><U26/><E132/><V55/><F55/><W62/><G122/><T128/><D127/><U100/><E70/><V130/><F47/><W65/><G2/><T101/><D7/><U60/><E82/><V50/><F50/><W91/><G11/><T51/><D17/><U89/><E60/><V53/><F53/><N who="3" m="34095" /><G91/><N who="0" m="53503" /><D51/><U98/><E48/><V32/><F44/><W92/><AGARI ba="1,0" hai="8,13,19,65,66,76,80,85,86,90,92" m="34095" machi="92" ten="30,3000,0" yaku="8,1,52,1" doraHai="49" who="3" fromWho="3" sc="210,-11,210,-11,168,-11,412,33" /><INIT seed="3,2,0,0,1,35" ten="199,199,157,445" oya="3" hai0="109,84,90,68,111,42,26,122,45,77,118,112,21" hai1="39,48,127,107,28,41,64,73,62,93,59,97,2" hai2="119,82,65,113,92,29,120,15,70,12,125,89,69" hai3="53,86,49,60,80,78,99,25,87,0,104,71,75"/><W56/><G0/><T72/><D68/><U132/><E73/><V115/><F120/><W18/><G71/><T130/><D122/><U22/><E127/><V20/><F125/><W100/><G25/><T124/><D118/><U79/><E132/><V95/><F119/><W106/><G106/><T24/><D124/><U23/><E107/><V102/><F82/><W74/><G74/><T54/><D112/><U4/><E79/><V57/><F29/><W91/><G18/><T3/><D130/><U110/><E110/><N who="0" m="41993" /><D54/><U83/><E83/><V7/><F65/><W123/><G123/><T101/><D101/><U1/><E4/><V38/><F102/><W50/><REACH who="3" step="1"/><G87/><REACH who="3" ten="199,199,157,435" step="2"/><T31/><D26/><U135/><E135/><V46/><F70/><W6/><G6/><T131/><D131/><U76/><E28/><V108/><F69/><W9/><G9/><T5/><D72/><U36/><E2/><V105/><F7/><W10/><G10/><T66/><D5/><U126/><E1/><V47/><F108/><W133/><G133/><T11/><D3/><U128/><E126/><V19/><F105/><W40/><G40/><T13/><D11/><U88/><E128/><V43/><F19/><W32/><G32/><T94/><D13/><U51/><E41/><V44/><F43/><W17/><G17/><T61/><D42/><U30/><E30/><V114/><F12/><W121/><G121/><T103/><D24/><U16/><E16/><N who="2" m="10271" /><F113/><W129/><G129/><T98/><D31/><U14/><E14/><V81/><F115/><W55/><G55/><T117/><D84/><RYUUKYOKU ba="2,1" sc="199,-10,199,-10,157,-10,435,30" hai3="49,50,53,56,60,75,78,80,86,91,99,100,104" /><INIT seed="3,3,1,0,2,37" ten="189,189,147,465" oya="3" hai0="96,99,42,109,97,34,55,29,57,27,79,50,54" hai1="103,17,25,72,85,128,39,100,38,2,81,125,36" hai2="59,23,1,111,61,65,87,106,24,40,132,88,105" hai3="95,46,43,10,89,130,116,33,60,121,118,21,86"/><W0/><G33/><T56/><D109/><U133/><E2/><V67/><F111/><W84/><G121/><T62/><D79/><U129/><E72/><V115/><F1/><W73/><G73/><T8/><D8/><U80/><E125/><V20/><F115/><W63/><G130/><N who="1" m="50282" /><E133/><V4/><F4/><W91/><G21/><T77/><D77/><N who="1" m="46223" /><E81/><V127/><F127/><W45/><G10/><T16/><D16/><U114/><E114/><V32/><F67/><W66/><G0/><T117/><D117/><U26/><E17/><V102/><F132/><W52/><G66/><T93/><REACH who="0" step="1"/><D42/><REACH who="0" ten="179,189,147,465" step="2"/><U22/><E22/><V71/><F40/><W14/><G43/><T101/><AGARI ba="3,2" hai="27,29,34,50,54,55,56,57,62,93,96,97,99,101" machi="101" ten="20,5200,0" yaku="1,1,2,1,0,1,7,1,53,0" doraHai="37" doraHaiUra="113" who="0" fromWho="0" sc="179,81,189,-16,147,-16,465,-29" /><INIT seed="4,0,0,4,1,23" ten="260,173,131,436" oya="0" hai0="40,9,0,53,105,5,85,92,67,41,29,11,57" hai1="61,38,80,125,73,65,102,112,90,100,132,22,32" hai2="45,28,39,116,74,63,56,99,31,127,68,76,1" hai3="104,51,96,8,131,91,122,87,133,17,88,118,47"/><T10/><D105/><U103/><E32/><V108/><F1/><W26/><G118/><T110/><D110/><U18/><E38/><V95/><F108/><W52/><G122/><T83/><D29/><U128/><E125/><V124/><F116/><W35/><G131/><T135/><D135/><U121/><E121/><V130/><F68/><W19/><G133/><T84/><D67/><U7/><E7/><V106/><F106/><W33/><G8/><T126/><D126/><N who="2" m="48170" /><F130/><W93/><G104/><T86/><D83/><U82/><E128/><V77/><F39/><W30/><G35/><T114/><D114/><U70/><E132/><V42/><F42/><N who="0" m="16490" /><D0/><U58/><E112/><V62/><F45/><W46/><G47/><T66/><D66/><U6/><E6/><V78/><F74/><W89/><G89/><N who="0" m="53287" /><D5/><U117/><E117/><V97/><F63/><AGARI ba="0,0" hai="9,10,11,53,57,63,85,86" m="53287,16490" machi="63" ten="30,1500,0" yaku="8,1" doraHai="23" who="0" fromWho="2" sc="260,15,173,0,131,-15,436,0" /><INIT seed="4,1,0,1,1,39" ten="275,173,116,436" oya="0" hai0="118,62,13,100,4,10,104,88,103,114,76,90,54" hai1="78,8,124,105,84,130,49,23,53,98,112,7,66" hai2="36,89,51,29,131,35,69,46,42,111,92,18,77" hai3="6,1,32,74,44,95,128,87,64,37,134,60,94"/><T20/><D118/><U81/><E66/><V73/><F69/><W11/><G32/><T14/><D76/><U45/><E124/><V15/><F111/><W19/><G74/><T110/><D110/><U116/><E116/><V65/><F65/><W55/><G128/><T63/><D114/><U27/><E130/><V3/><F3/><W120/><G120/><T86/><D104/><U9/><E112/><V59/><F131/><W127/><G127/><T101/><D54/><U48/><E105/><V0/><F0/><W22/><G87/><T38/><D38/><U34/><E34/><V80/><F35/><W93/><G134/><T67/><D67/><U122/><E98/><V43/><F43/><W2/><G2/><T47/><D47/><U82/><E82/><V24/><F24/><W109/><G109/><T58/><D58/><N who="1" m="33071" /><E7/><V61/><F29/><W85/><G85/><T126/><D126/><U70/><E70/><V33/><F33/><W97/><G55/><T17/><REACH who="0" step="1"/><D90/><REACH who="0" ten="265,173,116,436" step="2"/><U132/><E122/><V115/><F36/><W133/><G37/><T30/><D30/><N who="1" m="17791" /><E132/><V121/><F115/><W107/><G133/><T83/><AGARI ba="1,1" hai="4,10,13,14,17,20,62,63,83,86,88,100,101,103" machi="83" ten="30,11700,0" yaku="1,1,0,1,8,1,54,1,53,0" doraHai="39" doraHaiUra="135" who="0" fromWho="0" sc="265,130,173,-40,116,-40,436,-40" /><INIT seed="4,2,0,1,4,90" ten="395,133,76,396" oya="0" hai0="96,9,29,109,66,57,92,65,34,40,88,49,116" hai1="84,98,135,15,50,67,2,16,122,113,12,14,78" hai2="130,31,72,80,20,119,114,99,36,74,69,28,17" hai3="101,106,33,32,118,6,82,108,76,134,39,68,54"/><T129/><D116/><U95/><E2/><V8/><F119/><W102/><G54/><T60/><D109/><U3/><E3/><V111/><F111/><W87/><G118/><T0/><D129/><U105/><E122/><V19/><F130/><W121/><G108/><T23/><D34/><U126/><E135/><V125/><F114/><W115/><G68/><T91/><D0/><U13/><E105/><V73/><F36/><W10/><G39/><T30/><D9/><U70/><E70/><V26/><F69/><W64/><G64/><N who="0" m="38927" /><D91/><U104/><E104/><V35/><F125/><W1/><G121/><T18/><D66/><U71/><E126/><V43/><F43/><W61/><G115/><T44/><D65/><U112/><E50/><V38/><F38/><W37/><G61/><T133/><D133/><U123/><E123/><V47/><F47/><W86/><G37/><T53/><D40/><U124/><E124/><V21/><F8/><W131/><G134/><T55/><D55/><U120/><E120/><V56/><F56/><W58/><G58/><T103/><D103/><U25/><E67/><V110/><F35/><W81/><G131/><T127/><D127/><U27/><E71/><V100/><F110/><W5/><G5/><T63/><D63/><U97/><E113/><V85/><F72/><W89/><G102/><T128/><D128/><U83/><E112/><V52/><F73/><W77/><G89/><T62/><D62/><U93/><E98/><AGARI ba="2,0" hai="1,6,10,32,33,76,77,81,82,86,87,98,101,106" machi="98" ten="40,1300,0" yaku="9,1" doraHai="90" who="3" fromWho="1" sc="395,0,133,-19,76,0,396,19" /><INIT seed="5,0,0,2,0,116" ten="395,114,76,415" oya="1" hai0="0,84,23,61,99,90,18,123,4,32,133,100,22" hai1="129,111,49,26,48,126,64,57,29,58,51,19,112" hai2="67,113,135,27,97,98,81,130,20,128,127,78,132" hai3="101,102,12,118,6,80,73,92,14,87,91,42,41"/><U55/><E112/><V106/><F67/><W39/><G39/><T8/><D133/><N who="2" m="51274" /><F113/><W21/><G73/><T2/><D32/><U122/><E19/><V109/><F109/><W63/><G118/><T119/><D119/><U134/><E134/><V40/><F40/><N who="3" m="15467" /><G63/><T31/><D2/><U115/><E115/><V89/><F106/><W9/><G14/><T7/><D7/><U66/><E111/><V82/><F20/><W104/><G104/><T74/><D74/><U25/><E129/><N who="2" m="49771" /><F27/><W124/><G21/><T5/><D5/><U17/><E17/><V37/><F37/><W15/><G15/><T53/><D31/><U1/><E1/><V70/><F70/><W28/><G28/><T60/><D23/><U105/><E105/><V68/><F68/><W59/><G12/><T125/><D22/><U94/><E29/><V86/><F127/><W95/><G124/><T72/><D125/><U44/><E126/><V62/><F62/><W107/><G107/><T50/><D18/><U34/><E26/><V33/><F33/><W117/><G9/><T38/><D38/><U30/><E64/><V108/><F108/><W65/><G6/><T54/><D61/><U56/><E66/><V110/><F110/><W76/><G117/><T13/><D60/><U93/><E44/><V114/><F114/><W43/><G43/><T88/><D4/><U3/><E55/><V71/><F71/><W35/><G35/><T47/><D54/><U10/><E3/><V103/><F103/><N who="3" m="39435" /><G91/><T121/><D90/><U131/><E131/><V79/><F89/><W46/><G46/><RYUUKYOKU ba="0,0" sc="395,-15,114,-15,76,15,415,15" hai2="78,79,81,82,86,97,98" hai3="59,65,76,80,87,92,95" /><INIT seed="6,1,0,2,5,63" ten="380,99,91,430" oya="2" hai0="120,25,78,128,36,44,99,88,35,62,18,7,17" hai1="50,6,49,23,74,118,56,98,115,79,1,61,13" hai2="95,64,28,53,57,87,92,32,126,113,15,82,77" hai3="58,69,81,46,133,122,31,10,125,97,37,29,65"/><V127/><F113/><W83/><G69/><T4/><D120/><U96/><E118/><V12/><F32/><W94/><G122/><T70/><D78/><U33/><E33/><V76/><F28/><N who="3" m="10827" /><G37/><T26/><D35/><U111/><E1/><V105/><F105/><W80/><G46/><T40/><D128/><U8/><E115/><V38/><F38/><W103/><G125/><N who="2" m="47625" /><F77/><W54/><G65/><T48/><D36/><U90/><E79/><V41/><F41/><W16/><G133/><T84/><D99/><U106/><E74/><V116/><F116/><W27/><G10/><T114/><D114/><U11/><E106/><V75/><F64/><W109/><G109/><T110/><D110/><U86/><E111/><V39/><F39/><W68/><G68/><T67/><D26/><U30/><E11/><V0/><F0/><W5/><G5/><T47/><D47/><U9/><E9/><V119/><F119/><W108/><G108/><T21/><REACH who="0" step="1"/><D18/><REACH who="0" ten="370,99,91,430" step="2"/><U14/><E98/><V85/><F75/><W91/><G16/><T124/><D124/><U117/><E96/><V71/><F85/><N who="3" m="50623" /><G27/><T45/><D45/><U132/><E117/><V135/><F135/><W104/><G104/><T89/><D89/><U123/><E123/><V2/><F76/><W107/><G107/><T24/><D24/><U130/><E132/><V60/><F2/><W34/><G34/><T93/><AGARI ba="1,1" hai="4,7,17,21,25,40,44,48,62,67,70,84,88,93" machi="93" ten="20,12000,2" yaku="1,1,0,1,7,1,52,1,54,1,53,1" doraHai="63" doraHaiUra="22" who="0" fromWho="0" sc="370,133,99,-31,91,-61,430,-31" /><INIT seed="7,0,0,1,0,87" ten="503,68,30,399" oya="3" hai0="103,114,10,79,121,93,115,64,100,34,49,85,19" hai1="21,20,14,12,70,77,119,88,58,109,28,48,113" hai2="73,52,126,15,33,24,11,135,22,122,111,38,30" hai3="39,47,131,63,2,76,95,44,26,97,89,1,3"/><W6/><G6/><T130/><D121/><U29/><E70/><V128/><F38/><W101/><G131/><T8/><D34/><U35/><E109/><V25/><F73/><W50/><G39/><T32/><D32/><U129/><E77/><V18/><F111/><W99/><G76/><T125/><D130/><U94/><E129/><V67/><F67/><W51/><G26/><T108/><D108/><U59/><E35/><V23/><F122/><W92/><REACH who="3" step="1"/><G63/><REACH who="3" ten="503,68,30,389" step="2"/><T57/><D79/><U127/><E119/><V74/><F128/><W27/><G27/><T62/><D62/><U90/><E127/><V66/><F126/><W61/><G61/><T40/><D125/><U110/><E110/><V81/><F24/><W80/><G80/><T13/><D115/><U82/><E113/><V31/><F135/><W112/><G112/><T133/><D114/><U106/><E82/><V56/><F31/><W54/><G54/><T72/><D133/><U124/><E124/><V123/><F123/><W4/><G4/><T55/><D55/><U60/><E60/><V7/><F52/><W53/><G53/><T105/><D64/><U65/><E65/><V68/><F66/><W104/><G104/><T86/><D105/><U43/><E106/><V41/><F81/><W45/><AGARI ba="0,1" hai="1,2,3,44,45,47,50,51,89,92,95,97,99,101" machi="45" ten="40,18000,2" yaku="1,1,0,1,52,1,53,3" doraHai="87" doraHaiUra="42" who="3" fromWho="3" sc="503,-60,68,-60,30,-60,389,190" owari="443,24.0,8,-39.0,-30,-53.0,579,68.0" /></mjloggm>