<mjloggm ver="2.3"><GO type="169" lobby="0"/><UN n0="%70%69%2D%70%6F" n1="%E7%AB%8B%E8%8F%AF%E5%A5%8F" n2="%E3%81%94%E3%82%8A%E3%81%94%E3%82%8A%E3%81%94%E3%82%8A%E3%82%89" n3="%28%2A%C2%B4%33%EF%BD%80%2A%29" dan="16,16,16,16" rate="2077.00,2066.84,2110.01,2118.87" sx="M,F,M,F"/><TAIKYOKU oya="0"/><INIT seed="0,0,0,0,1,121" ten="250,250,250,250" oya="0" hai0="15,114,10,96,113,108,62,20,111,21,72,132,77" hai1="25,46,84,131,37,112,135,80,49,17,92,86,65" hai2="134,5,34,58,30,67,27,115,22,71,9,85,94" hai3="43,42,14,123,101,82,75,74,4,47,13,89,118"/><T44/><D132/><U55/><E135/><V29/><F134/><W16/><G123/><T53/><D96/><U87/><E112/><V1/><F115/><N who="0" m="44042" /><D77/><U51/><E37/><V11/><F71/><W107/><G118/><T79/><D79/><U18/><E131/><V129/><F129/><W38/><G101/><T93/><D72/><U28/><E65/><V117/><F117/><W133/><G107/><T90/><D62/><U45/><E92/><V97/><F85/><W119/><G42/><T68/><D68/><U50/><E80/><V3/><F67/><W31/><G31/><T122/><D122/><U24/><E28/><V12/><F58/><W39/><G133/><T103/><D103/><U57/><E57/><V2/><F97/><W70/><G70/><T63/><D90/><U88/><E88/><V66/><F94/><W91/><G119/><T109/><D93/><U105/><E105/><V60/><F60/><W26/><G39/><T32/><D32/><U120/><E120/><V52/><F52/><W48/><G38/><T130/><D130/><U0/><E0/><V125/><F125/><W81/><G75/><T100/><D100/><U98/><E98/><V7/><F66/><W59/><G74/><T127/><D127/><U110/><E55/><V54/><F54/><W78/><G78/><T23/><D63/><U126/><E126/><V56/><F56/><W128/><G128/><T6/><D21/><U124/><E124/><V61/><F61/><W8/><G59/><T104/><D104/><U95/><E95/><V116/><F116/><W106/><G106/><RYUUKYOKU ba="0,0" sc="250,15,250,-15,250,15,250,-15" hai0="6,10,15,20,23,44,53,108,109,111" hai2="1,2,3,5,7,9,11,12,22,27,29,30,34" /><INIT seed="0,1,0,2,3,69" ten="265,235,265,235" oya="0" hai0="88,115,27,20,83,85,111,102,55,134,58,4,75" hai1="90,108,31,47,9,54,37,63,126,6,40,112,71" hai2="89,84,0,76,117,48,42,49,86,72,135,11,119" hai3="18,87,2,110,57,101,130,13,17,46,95,109,82"/><T80/><D115/><U66/><E112/><V114/><F114/><W79/><G2/><T92/><D134/><U8/><E126/><V131/><F135/><W105/><G105/><T106/><D4/><U77/><E108/><N who="3" m="41578" /><G130/><T103/><D111/><U94/><E31/><V118/><F131/><W23/><G18/><N who="0" m="12695" /><D75/><U99/><E77/><V123/><F123/><W91/><G101/><N who="0" m="38411" /><D106/><U45/><REACH who="1" step="1"/><E6/><REACH who="1" ten="265,225,265,235" step="2"/><N who="2" m="1479" /><F76/><W97/><G57/><T60/><AGARI ba="1,1" hai="55,58,60,80,83,85,88,92" m="38411,12695" machi="60" ten="30,3000,0" yaku="8,1,54,1" doraHai="69" who="0" fromWho="0" sc="265,43,225,-11,265,-11,235,-11" /><INIT seed="0,2,0,0,0,35" ten="308,214,254,224" oya="0" hai0="53,31,70,62,8,36,83,33,72,61,91,13,58" hai1="102,104,1,122,118,115,55,117,107,106,16,6,38" hai2="54,27,127,49,113,23,56,93,96,18,65,66,29" hai3="3,133,17,132,89,74,2,11,120,43,129,30,60"/><T109/><D36/><U47/><E122/><V9/><F127/><W94/><G74/><T7/><D109/><U28/><E115/><V51/><F113/><W71/><G120/><T42/><D42/><U21/><E28/><V111/><F111/><W10/><G43/><T123/><D123/><U24/><E102/><V75/><F75/><W87/><G30/><T119/><D119/><U81/><E81/><V134/><F134/><N who="3" m="51819" /><G129/><T46/><D46/><U63/><E38/><V125/><F125/><W15/><G11/><T34/><D31/><U121/><E121/><V64/><F49/><W97/><G87/><T99/><D99/><U20/><E20/><V14/><REACH who="2" step="1"/><F65/><AGARI ba="2,0" hai="2,3,10,15,17,60,65,71,89,94,97" m="51819" machi="65" ten="30,3900,0" yaku="20,1,52,2" doraHai="35" who="3" fromWho="2" sc="308,0,214,0,254,-45,224,45" /><INIT seed="1,0,0,0,2,132" ten="308,214,209,269" oya="1" hai0="120,109,66,23,25,123,32,95,74,100,93,48,98" hai1="103,131,107,97,90,115,61,121,13,2,104,39,8" hai2="53,46,20,62,11,77,81,128,3,59,6,18,85" hai3="51,10,58,111,70,135,92,50,125,30,96,41,68"/><U57/><E115/><V108/><F108/><W101/><G111/><T60/><D109/><U17/><E121/><N who="0" m="46665" /><D74/><U110/><E110/><V89/><F128/><W117/><G135/><T102/><D32/><U82/><E131/><V0/><F46/><W69/><G117/><T40/><D48/><U67/><E39/><V75/><F0/><W63/><G30/><N who="0" m="17727" /><D40/><U64/><E2/><V4/><F4/><W22/><G22/><T122/><N who="0" m="46673" /><T33/><DORA hai="37" /><D33/><U113/><E113/><V79/><REACH who="2" step="1"/><F75/><REACH who="2" ten="308,214,199,269" step="2"/><W47/><G47/><T127/><D102/><U42/><E103/><V1/><F1/><W71/><G101/><T9/><D100/><U24/><E107/><V116/><F116/><W134/><G134/><T19/><D98/><U52/><E104/><V91/><F91/><W83/><G96/><T54/><D95/><U114/><E114/><V49/><F49/><W72/><G92/><T31/><D93/><U99/><E99/><V44/><F44/><W35/><G51/><T130/><D130/><U73/><E97/><V65/><F65/><W12/><G50/><T124/><D66/><U21/><E73/><V119/><F119/><W55/><G72/><T86/><D86/><U87/><REACH who="1" step="1"/><E42/><REACH who="1" ten="308,204,199,269" step="2"/><V88/><F88/><W28/><G41/><T106/><D106/><U78/><E78/><V129/><F129/><W118/><G118/><T94/><D124/><U56/><E56/><V133/><F133/><W38/><G38/><T76/><D127/><U26/><E26/><AGARI ba="0,2" hai="3,6,11,18,20,26,53,59,62,77,79,81,85,89" machi="26" ten="30,2000,0" yaku="1,1,7,1,53,0" doraHai="132,37" doraHaiUra="45,112" who="2" fromWho="1" sc="308,0,204,-20,199,40,269,0" /><INIT seed="2,0,0,5,5,40" ten="308,184,239,269" oya="2" hai0="56,36,47,7,6,38,72,114,73,124,93,106,16" hai1="131,95,96,101,26,19,34,66,54,90,104,41,125" hai2="109,22,133,31,12,132,92,123,128,60,58,5,42" hai3="79,20,122,37,108,43,62,115,81,11,117,51,80"/><V99/><F123/><W82/><G122/><T126/><D114/><U111/><E125/><N who="0" m="48233" /><D106/><U35/><E111/><V94/><F109/><W74/><G117/><T23/><D56/><U29/><E131/><V76/><F76/><W32/><G108/><T21/><D93/><U0/><E0/><V91/><F128/><W135/><G32/><T70/><D70/><U103/><E34/><V64/><F42/><W102/><G102/><T59/><D59/><U127/><E127/><V53/><F53/><W69/><G37/><N who="0" m="14443" /><D47/><U39/><E66/><V83/><F83/><W134/><G62/><T87/><D87/><U98/><E54/><V118/><F118/><W17/><G69/><T61/><D61/><U8/><E103/><N who="2" m="60903" /><F5/><N who="0" m="1546" /><D16/><U85/><E19/><V107/><F107/><W89/><G17/><T119/><D119/><U15/><E15/><V3/><F12/><W2/><G115/><T130/><D130/><U84/><REACH who="1" step="1"/><E8/><REACH who="1" ten="308,174,239,269" step="2"/><V110/><F3/><W9/><G11/><T120/><D120/><U65/><E65/><V1/><F1/><W100/><G9/><T112/><D112/><U88/><E88/><V75/><F110/><W57/><G2/><T97/><D97/><U86/><E86/><N who="2" m="52599" /><F75/><AGARI ba="0,1" hai="21,23,72,73,75" m="1546,14443,48233" machi="75" ten="40,5200,0" yaku="28,2,18,1" doraHai="40" who="0" fromWho="2" sc="308,62,174,0,239,-52,269,0" /><INIT seed="3,0,0,1,5,59" ten="370,174,187,269" oya="3" hai0="34,88,105,118,129,61,117,21,15,96,58,72,44" hai1="19,127,11,13,107,10,52,89,12,29,70,25,100" hai2="1,20,71,37,62,74,114,57,84,134,14,46,32" hai3="130,64,128,23,73,33,78,132,50,2,124,53,97"/><W77/><G33/><T121/><D34/><U38/><E38/><V102/><F32/><W60/><G2/><T109/><D121/><U26/><E127/><V28/><F1/><W98/><G124/><T115/><D72/><U83/><E70/><V110/><F74/><W3/><G3/><T43/><D109/><U16/><E29/><V56/><F71/><N who="3" m="42375" /><G23/><T42/><D115/><U45/><E100/><V22/><F110/><W35/><G35/><T103/><D43/><U131/><E107/><V27/><F114/><W76/><G73/><T133/><D21/><U54/><E131/><N who="3" m="50218" /><G132/><T108/><D129/><U87/><E54/><V36/><F134/><W80/><G80/><T68/><D133/><U135/><E135/><V55/><F20/><W81/><G81/><T9/><D108/><U17/><E17/><V30/><F22/><W6/><G6/><T49/><D68/><U86/><E86/><V94/><F84/><W101/><G101/><T119/><D88/><U63/><E63/><V104/><F102/><W18/><G18/><T123/><D123/><U24/><E24/><V106/><F62/><W120/><G120/><T4/><D117/><U90/><E90/><V41/><F27/><W85/><G85/><T66/><AGARI ba="0,0" hai="4,9,15,42,44,49,58,61,66,96,103,105,118,119" machi="66" ten="20,2700,0" yaku="0,1,7,1,52,1" doraHai="59" who="0" fromWho="0" sc="370,27,174,-7,187,-7,269,-13" /><INIT seed="4,0,0,5,2,49" ten="397,167,180,256" oya="0" hai0="76,113,103,120,17,79,46,85,132,110,109,51,129" hai1="65,73,111,119,19,115,54,57,90,53,58,45,26" hai2="16,125,93,44,116,60,72,80,88,68,33,78,11" hai3="37,63,34,108,10,99,117,128,40,102,131,8,47"/><T32/><D120/><U7/><E111/><V69/><F125/><W101/><G108/><N who="0" m="41579" /><D32/><U38/><E73/><V13/><F33/><W64/><G117/><T82/><D113/><U81/><E119/><V77/><F77/><W31/><G102/><T96/><D129/><N who="3" m="49737" /><G31/><T74/><D132/><U22/><E115/><V104/><F104/><N who="3" m="63551" /><G34/><T107/><D17/><U135/><E135/><V105/><F105/><W36/><G36/><T41/><D79/><U5/><E38/><V18/><F116/><W6/><G6/><N who="1" m="2058" /><E45/><V42/><F60/><W122/><G122/><T28/><D28/><U15/><E26/><V118/><F18/><W27/><G27/><T29/><D29/><U52/><E65/><V97/><REACH who="2" step="1"/><F118/><REACH who="2" ten="397,167,170,256" step="2"/><W106/><G106/><T1/><D74/><U3/><E3/><AGARI ba="0,1" hai="1,3,41,46,51,76,82,85,96,103,107" m="41579" machi="3" ten="30,1500,0" yaku="10,1" doraHai="49" who="0" fromWho="1" sc="397,25,167,-15,170,0,256,0" /><INIT seed="4,1,0,4,0,69" ten="422,152,170,256" oya="0" hai0="110,128,135,87,52,28,92,2,98,15,27,100,103" hai1="71,125,58,11,63,127,54,77,38,109,111,102,13" hai2="95,133,120,5,26,81,90,134,84,62,43,72,79" hai3="76,123,33,17,113,91,121,119,61,131,104,115,50"/><T29/><D2/><U30/><E30/><V65/><F120/><W41/><G33/><T31/><D128/><U85/><E102/><V23/><F5/><W0/><G0/><T96/><D135/><U45/><E85/><V55/><F55/><W106/><G76/><T22/><D110/><U7/><E77/><V34/><F43/><W36/><G50/><T10/><D87/><U39/><E71/><V12/><F12/><W3/><G3/><T20/><D52/><U86/><E86/><V60/><F34/><W80/><G91/><T14/><D22/><U122/><E122/><N who="3" m="46602" /><G80/><T130/><D130/><U4/><E4/><V78/><F78/><W118/><G17/><T75/><D75/><U93/><E93/><V82/><F82/><W44/><G61/><T57/><D15/><U116/><E116/><N who="3" m="44586" /><G131/><T32/><D32/><U89/><E89/><V114/><F62/><W19/><G19/><T35/><D35/><U124/><REACH who="1" step="1"/><E45/><REACH who="1" ten="422,142,170,256" step="2"/><V53/><F90/><W18/><G18/><N who="0" m="8535" /><D100/><U132/><E132/><V117/><F117/><W51/><G51/><T1/><D103/><U99/><E99/><V74/><F133/><W64/><G64/><T48/><D96/><U21/><E21/><V97/><F23/><W47/><G47/><T6/><D98/><U56/><E56/><V59/><F97/><W101/><G101/><T37/><D57/><U67/><E67/><V16/><F59/><W68/><G68/><T9/><D20/><U73/><E73/><V83/><F72/><W49/><G49/><T46/><D48/><U70/><E70/><V94/><F134/><RYUUKYOKU ba="1,1" sc="422,-15,142,15,170,-15,256,15" hai1="7,11,13,38,39,54,58,63,109,111,124,125,127" hai3="36,41,44,104,106,113,115" /><INIT seed="5,2,1,4,5,87" ten="407,157,155,271" oya="1" hai0="4,101,21,31,60,132,63,22,107,77,106,59,43" hai1="88,46,115,108,114,100,102,48,64,13,94,1,74" hai2="97,14,113,44,9,36,34,85,15,67,86,8,122" hai3="131,11,81,54,130,75,28,47,84,96,124,111,93"/><U41/><E1/><V19/><F122/><W26/><G111/><T89/><D132/><U119/><E119/><V25/><F67/><W56/><G75/><T58/><D77/><U133/><E133/><V79/><F113/><N who="1" m="43017" /><E108/><V62/><F62/><N who="3" m="36119" /><G47/><T129/><D129/><N who="3" m="49161" /><G11/><T90/><D43/><U24/><E74/><V72/><F44/><W6/><G6/><T16/><D31/><U40/><E64/><V18/><F36/><W37/><G37/><T118/><D4/><U35/><E40/><V104/><F72/><W52/><G52/><T70/><D118/><U92/><E92/><V32/><F79/><N who="3" m="46143" /><G124/><T49/><D49/><U126/><E126/><V33/><REACH who="2" step="1"/><F25/><REACH who="2" ten="407,157,145,271" step="2"/><W105/><G26/><T53/><D63/><U68/><E68/><V29/><F29/><W103/><G28/><T91/><D60/><U80/><E24/><V51/><F51/><W134/><G134/><T42/><D70/><U7/><E35/><V120/><F120/><W65/><G65/><T23/><D59/><U123/><E123/><V17/><F17/><W20/><G20/><T112/><D22/><U30/><E30/><V135/><F135/><W82/><G105/><T0/><D23/><U110/><E110/><V98/><F98/><W39/><G39/><T69/><D21/><U99/><E7/><V73/><F73/><W50/><G50/><T128/><D106/><U5/><E5/><V116/><F116/><W57/><G57/><T117/><D107/><U66/><E66/><V45/><F45/><W55/><G55/><T12/><D117/><U95/><E46/><V27/><F27/><RYUUKYOKU ba="2,2" sc="407,-15,157,-15,145,15,271,15" hai2="8,9,14,15,18,19,32,33,34,85,86,97,104" hai3="82,93,96,103" /><INIT seed="6,3,2,3,2,126" ten="392,142,160,286" oya="2" hai0="36,5,31,119,83,82,40,43,48,128,107,3,117" hai1="86,53,7,24,84,99,49,113,52,105,25,102,76" hai2="41,73,19,14,38,70,34,75,80,64,45,47,74" hai3="94,103,33,132,122,96,111,10,28,97,50,44,23"/><V12/><F34/><W85/><G111/><T63/><D36/><U130/><E7/><V92/><F80/><N who="0" m="30762" /><D128/><U121/><E76/><V27/><F47/><W72/><G132/><T57/><D107/><U37/><E37/><V13/><F92/><W101/><G72/><T9/><D31/><U108/><E108/><V4/><F4/><W59/><G10/><T118/><D48/><U98/><E49/><V91/><F91/><W106/><G59/><T58/><D58/><U1/><E102/><V17/><REACH who="2" step="1"/><F27/><REACH who="2" ten="392,142,150,286" step="2"/><W87/><G33/><T42/><D43/><U61/><E24/><V89/><F89/><W129/><G94/><T56/><D42/><U100/><E25/><V125/><F125/><W55/><G44/><T21/><D40/><U30/><E100/><V16/><F16/><W93/><G101/><T22/><D117/><U131/><E30/><V90/><F90/><W8/><G93/><T46/><D118/><U66/><E105/><V6/><F6/><W32/><G103/><T135/><D46/><U2/><E121/><V67/><F67/><W81/><G106/><T68/><D119/><U71/><E66/><V95/><F95/><W109/><G32/><T88/><D88/><U127/><E127/><V69/><F69/><W112/><G109/><T65/><D68/><U18/><E18/><V60/><AGARI ba="3,3" hai="12,13,14,17,19,38,41,45,60,64,70,73,74,75" machi="60" ten="40,3900,0" yaku="1,1,0,1,53,0" doraHai="126" doraHaiUra="123" who="2" fromWho="2" sc="392,-16,142,-16,150,78,286,-16" /><INIT seed="6,4,0,3,0,77" ten="376,126,228,270" oya="2" hai0="96,1,11,94,129,73,90,113,102,117,87,79,49" hai1="124,46,4,29,42,76,107,112,43,127,10,121,95" hai2="12,30,23,20,97,17,84,114,111,60,66,15,3" hai3="88,36,93,100,61,120,22,6,101,118,33,50,16"/><V26/><F114/><W110/><G110/><T27/><D113/><U14/><E112/><V25/><F3/><W131/><G118/><T38/><D38/><U82/><E107/><V19/><F111/><W83/><G36/><T103/><D117/><U85/><E121/><V34/><F97/><W54/><G120/><T62/><D129/><U57/><E42/><V65/><F60/><W51/><G33/><T18/><D49/><N who="3" m="18441" /><G6/><T55/><D73/><U64/><E29/><V98/><F26/><N who="3" m="14663" /><G131/><T130/><D130/><U0/><E0/><V8/><F8/><W106/><G106/><T67/><D1/><U133/><E133/><V45/><F45/><W119/><G119/><T47/><D47/><U126/><E95/><V109/><F109/><W41/><G41/><T68/><D11/><U21/><E21/><V104/><REACH who="2" step="1"/><F84/><REACH who="2" ten="376,126,218,270" step="2"/><N who="3" m="50207" /><G93/><T63/><D94/><U24/><E24/><V44/><F44/><W71/><G71/><T122/><D68/><U135/><E135/><V40/><F40/><W39/><G39/><T69/><D69/><U89/><E46/><V9/><F9/><W37/><G37/><T74/><D96/><U59/><E43/><V32/><F32/><W52/><G61/><T123/><D63/><U115/><E115/><V70/><F70/><W48/><G48/><T53/><D62/><N who="1" m="37967" /><E59/><V75/><F75/><W132/><G132/><T13/><D123/><U105/><E105/><V116/><F116/><W2/><G2/><T7/><D122/><U80/><E127/><V31/><F31/><W99/><G99/><T86/><D74/><U28/><E28/><RYUUKYOKU ba="4,1" sc="376,-30,126,10,218,10,270,10" hai1="4,10,14,76,80,82,85,89,124,126" hai2="12,15,17,19,20,23,25,30,34,65,66,98,104" hai3="52,54,100,101" /><INIT seed="6,5,1,5,0,19" ten="346,136,228,280" oya="2" hai0="116,50,64,101,135,93,44,75,76,109,53,68,17" hai1="48,63,84,117,57,113,56,2,89,130,80,4,11" hai2="133,8,7,52,40,37,49,58,105,22,43,46,30" hai3="82,126,59,61,98,28,60,25,65,78,124,87,74"/><V86/><F133/><W132/><G132/><T114/><D135/><U91/><E117/><V34/><F34/><N who="3" m="20751" /><G61/><T32/><D109/><U83/><E130/><V66/><F105/><W102/><G87/><T0/><D32/><U23/><E113/><V110/><F110/><W27/><G27/><T88/><D114/><U96/><E48/><V121/><F121/><W33/><G33/><T108/><D108/><U94/><E80/><V38/><F86/><W111/><G111/><T134/><D134/><U99/><E99/><V97/><F97/><W127/><G98/><T18/><D0/><U16/><REACH who="1" step="1"/><E63/><REACH who="1" ten="346,126,228,280" step="2"/><V120/><F120/><W29/><G102/><T85/><D101/><U6/><E6/><V51/><F38/><W26/><G126/><T122/><D116/><U81/><E81/><V67/><F37/><W123/><G123/><T35/><D122/><U20/><E20/><V69/><F43/><W62/><G60/><T73/><D50/><U119/><E119/><V72/><F22/><W128/><G128/><T79/><D35/><U14/><AGARI ba="5,2" hai="2,4,11,14,16,23,56,57,83,84,89,91,94,96" machi="14" ten="20,12000,2" yaku="1,1,0,1,7,1,52,1,54,1,53,1" doraHai="19" doraHaiUra="15" who="1" fromWho="1" sc="346,-35,126,155,228,-65,280,-35" /><INIT seed="7,0,0,1,1,48" ten="311,281,163,245" oya="3" hai0="60,29,77,116,67,84,75,106,125,73,64,131,30" hai1="22,66,3,114,43,98,99,89,4,1,35,87,38" hai2="93,10,37,126,72,55,57,80,123,69,11,41,92" hai3="27,88,33,0,101,56,52,34,39,85,23,8,115"/><W100/><G39/><T54/><D106/><U26/><E35/><V105/><F105/><W58/><G58/><N who="0" m="34903" /><D116/><U16/><E114/><V91/><F126/><W19/><G115/><T110/><D110/><U15/><E66/><N who="0" m="25129" /><D75/><U42/><E1/><V134/><F134/><W51/><G34/><T94/><D73/><U36/><E3/><V104/><F104/><W135/><G135/><T113/><D125/><U17/><E4/><V108/><F108/><W2/><G33/><T90/><D113/><U128/><E128/><V120/><F69/><W78/><G78/><T12/><D131/><U9/><E36/><V18/><F41/><N who="1" m="15369" /><E38/><V13/><F37/><W76/><G76/><T119/><D77/><U32/><E32/><V124/><F124/><W40/><G40/><T20/><D119/><U111/><E111/><V132/><F132/><W112/><G112/><T74/><D74/><U68/><E68/><V53/><F72/><W21/><G0/><T47/><D47/><U96/><E87/><N who="2" m="50663" /><F11/><W86/><G86/><T97/><D84/><U103/><E103/><N who="3" m="39498" /><G2/><T24/><D12/><U102/><E102/><V50/><F123/><W118/><G118/><T44/><D44/><U7/><E7/><V31/><F120/><W81/><G27/><T70/><D70/><U117/><E117/><V107/><F107/><W130/><G130/><T83/><D83/><U45/><E45/><N who="2" m="27855" /><F31/><AGARI ba="0,0" hai="20,24,29,30,31,90,94,97" m="25129,34903" machi="31" ten="30,2000,0" yaku="8,1,52,1" doraHai="48" who="0" fromWho="2" sc="311,20,281,0,163,-20,245,0" owari="331,43.0,281,8.0,143,-36.0,245,-15.0" /></mjloggm>