<mjloggm ver="2.3"><GO type="169" lobby="0"/><UN n0="%E3%82%A8%E3%83%88%E3%81%BA%E3%83%B3" n1="%6E%69%6A%69" n2="%E3%83%A1%E3%82%AC%E3%83%8D%E3%81%8F%E3%82%93" n3="%E5%AE%8C%E5%85%A8%E7%84%A1%E6%95%B5%E5%B0%91%E5%A5%B3%45%58" dan="16,17,17,17" rate="2109.61,2193.14,2199.73,2151.59" sx="F,M,M,M"/><TAIKYOKU oya="0"/><INIT seed="0,0,0,4,0,78" ten="250,250,250,250" oya="0" hai0="19,37,20,29,134,74,82,95,61,15,83,107,77" hai1="113,84,18,100,23,120,115,76,98,40,8,125,0" hai2="10,21,66,35,135,42,128,45,91,87,36,14,97" hai3="11,106,24,25,46,111,12,102,132,133,34,9,131"/><T32/><D107/><U105/><E40/><V90/><F35/><W3/><G111/><T116/><D116/><U119/><E119/><V30/><F135/><N who="3" m="51787" /><G131/><T64/><D134/><U103/><E103/><V85/><F128/><W121/><G121/><T22/><D32/><U41/><E41/><V49/><F66/><W75/><G75/><T81/><D37/><U101/><E101/><V59/><F97/><N who="3" m="61775" /><G46/><T99/><D22/><U94/><E120/><V127/><F127/><W1/><G11/><T13/><D29/><U2/><E8/><V104/><F104/><W124/><G124/><T7/><D7/><U88/><E125/><V43/><F36/><W55/><G55/><T65/><D65/><U39/><E39/><V27/><F42/><W126/><G126/><T112/><D112/><N who="1" m="43083" /><E76/><V26/><F59/><W4/><G34/><T47/><D47/><U68/><E68/><V79/><F27/><AGARI ba="0,0" hai="1,3,4,9,12,24,25,27" m="61775,51787" machi="27" ten="30,1000,0" yaku="20,1" doraHai="78" who="3" fromWho="2" sc="250,0,250,0,250,-10,250,10" /><AGARI ba="0,0" hai="0,2,18,23,27,84,88,94,98,100,105" m="43083" machi="27" ten="30,2000,0" yaku="11,1,54,1" doraHai="78" who="1" fromWho="2" sc="250,0,250,20,240,-20,260,0" /><INIT seed="1,0,0,0,0,129" ten="250,270,220,260" oya="1" hai0="98,39,118,135,84,68,38,63,114,94,99,102,6" hai1="83,61,1,74,21,4,48,124,87,76,60,105,15" hai2="29,36,42,123,52,22,89,28,12,107,86,91,54" hai3="9,88,131,62,110,26,27,122,75,20,109,49,73"/><U18/><E105/><V64/><F123/><W128/><G122/><T95/><D114/><U5/><E124/><V47/><F107/><W51/><G62/><N who="1" m="24170" /><E74/><N who="3" m="28170" /><G9/><T57/><D118/><U10/><E1/><V80/><F64/><W72/><G88/><T116/><D116/><U130/><E130/><N who="3" m="49706" /><G27/><T55/><D68/><U115/><E115/><V32/><F89/><W58/><N who="3" m="28178" /><W112/><DORA hai="85" /><G112/><T121/><D121/><U134/><E10/><V113/><F113/><W34/><G34/><T41/><D84/><U127/><E127/><V117/><F117/><W119/><G119/><T133/><D6/><U19/><E19/><V77/><F77/><W33/><G33/><T100/><D41/><U97/><E97/><V45/><F32/><W24/><G24/><T37/><AGARI ba="0,0" hai="37,38,39,55,57,63,94,95,98,99,100,102,133,135" machi="37" ten="40,8000,1" yaku="0,1,9,1,52,2" doraHai="129,85" who="0" fromWho="0" sc="250,80,270,-40,220,-20,260,-20" /><INIT seed="2,0,0,3,0,113" ten="330,230,200,240" oya="2" hai0="30,31,62,98,66,128,24,18,99,93,110,84,100" hai1="53,59,68,126,25,32,134,36,54,127,44,117,9" hai2="69,75,12,13,41,47,111,85,14,104,4,92,45" hai3="8,101,72,65,79,49,90,19,57,22,58,125,15"/><V60/><F104/><W64/><G125/><N who="1" m="47626" /><E68/><V1/><F75/><W86/><G101/><T28/><D128/><U16/><E134/><V108/><F69/><W94/><G72/><T121/><D121/><U83/><E83/><V48/><F60/><W115/><G79/><T80/><D110/><N who="2" m="42026" /><F47/><W6/><G115/><T2/><D2/><U89/><E89/><N who="2" m="53295" /><F1/><W88/><G90/><T132/><D132/><U116/><E36/><V112/><F112/><W55/><REACH who="3" step="1"/><G58/><REACH who="3" ten="330,230,200,230" step="2"/><T87/><D100/><U91/><E59/><V103/><F103/><W122/><G122/><T81/><D81/><U21/><E91/><V63/><F63/><W40/><G40/><T135/><D80/><U20/><E44/><V130/><F130/><W17/><G17/><T56/><D135/><U114/><E114/><V109/><F109/><W11/><G11/><AGARI ba="0,1" hai="4,11,12,13,14,41,45,48" m="53295,42026" machi="11" ten="30,2900,0" yaku="14,1,10,1" doraHai="113" who="2" fromWho="3" sc="330,0,230,0,200,39,230,-29" /><INIT seed="2,1,0,3,0,25" ten="330,230,239,201" oya="2" hai0="89,45,12,76,40,114,66,103,52,91,28,27,1" hai1="62,4,96,75,16,125,42,7,29,14,104,124,59" hai2="58,19,70,88,127,134,39,71,36,2,41,128,116" hai3="18,82,13,118,112,60,64,85,115,63,43,92,0"/><V55/><F2/><W100/><G118/><T57/><D1/><U49/><E75/><V130/><F116/><W122/><G0/><T78/><D114/><N who="3" m="43561" /><G122/><T132/><D132/><U5/><E49/><N who="2" m="31087" /><F19/><W9/><G43/><T79/><D103/><U11/><E42/><V48/><F88/><N who="0" m="33866" /><D66/><N who="1" m="39263" /><E96/><V106/><F106/><W21/><G64/><T121/><D121/><U120/><E104/><V44/><F134/><W15/><G100/><T8/><D45/><U113/><E120/><V33/><F33/><W119/><G92/><T35/><D40/><U67/><E67/><V110/><F110/><W61/><G119/><T133/><D35/><U90/><E113/><V69/><F127/><N who="1" m="48713" /><E90/><V87/><F87/><W46/><G46/><T34/><D34/><U47/><E47/><V30/><F30/><AGARI ba="1,0" hai="4,5,7,11,14,16,29,30" m="48713,39263" machi="30" ten="30,7700,0" yaku="18,1,52,2,54,1" doraHai="25" who="1" fromWho="2" sc="330,0,230,80,239,-80,201,0" /><INIT seed="3,0,0,2,5,34" ten="330,310,159,201" oya="3" hai0="130,11,61,119,12,116,67,120,90,83,4,47,23" hai1="39,92,27,17,127,94,75,81,35,13,51,72,86" hai2="56,126,76,103,128,73,42,0,108,59,74,43,33" hai3="30,20,105,5,68,29,9,93,22,109,63,135,65"/><W132/><G105/><T82/><D120/><U14/><E39/><V7/><F33/><W96/><G109/><T124/><D124/><U44/><E72/><V111/><F126/><W40/><G40/><T52/><D130/><U125/><E75/><V134/><F128/><W78/><G78/><T28/><D119/><U15/><E35/><V99/><F134/><N who="3" m="51243" /><G22/><T117/><D117/><U131/><E131/><V31/><F31/><W21/><G21/><T54/><D116/><U8/><E125/><V112/><F112/><W113/><G20/><T101/><D101/><U25/><E127/><V104/><F76/><W62/><G62/><T70/><D90/><U57/><E57/><V64/><F74/><W50/><G50/><T10/><D10/><U19/><E8/><V122/><F73/><W3/><G113/><T97/><D97/><U106/><E106/><V85/><F85/><W41/><G41/><N who="2" m="15369" /><F122/><W58/><G68/><T129/><D129/><U69/><E69/><V114/><F114/><W16/><G16/><T48/><REACH who="0" step="1"/><D54/><REACH who="0" ten="320,310,159,201" step="2"/><U89/><E89/><AGARI ba="0,1" hai="3,5,9,29,30,58,63,65,89,93,96" m="51243" machi="89" ten="30,2900,0" yaku="20,1,52,1" doraHai="34" who="3" fromWho="1" sc="320,0,310,-29,159,0,201,39" /><INIT seed="3,1,0,5,4,44" ten="320,281,159,240" oya="3" hai0="72,42,56,10,76,105,29,122,16,63,48,125,49" hai1="35,69,66,91,89,120,107,51,84,117,78,2,34" hai2="33,9,119,36,100,22,83,26,95,115,52,43,30" hai3="60,85,7,74,114,129,124,73,57,99,15,86,8"/><W23/><G114/><T94/><D105/><U68/><E2/><V108/><F115/><W75/><G129/><T116/><D116/><U79/><E107/><V135/><F119/><W106/><G124/><T128/><D122/><U20/><E20/><V45/><F108/><W103/><REACH who="3" step="1"/><G23/><REACH who="3" ten="320,281,159,230" step="2"/><T11/><D125/><U121/><E117/><V5/><F22/><W59/><G59/><T55/><D128/><U17/><E120/><V54/><F135/><W133/><G133/><T132/><D132/><U70/><E121/><V87/><F100/><W77/><G77/><T13/><D76/><U53/><E78/><V61/><F61/><W14/><G14/><T97/><D72/><U118/><E79/><V126/><F126/><W130/><G130/><T3/><D29/><U67/><E118/><V12/><REACH who="2" step="1"/><F95/><REACH who="2" ten="320,281,149,230" step="2"/><W38/><G38/><T93/><D93/><U62/><E62/><V27/><F27/><W37/><G37/><T82/><D94/><U127/><E127/><V109/><F109/><W18/><G18/><T21/><D16/><U24/><E17/><V4/><F4/><W19/><G19/><T104/><D21/><U102/><E24/><V110/><F110/><W111/><G111/><T64/><D63/><U39/><E39/><V113/><F113/><W80/><G80/><T101/><D82/><U46/><E102/><V50/><F50/><W123/><G123/><T32/><D49/><U98/><E51/><V90/><AGARI ba="1,2" hai="5,9,12,26,30,33,36,43,45,52,54,83,87,90" machi="90" ten="20,8000,1" yaku="1,1,0,1,7,1,54,1,53,1" doraHai="44" doraHaiUra="71" who="2" fromWho="2" sc="320,-21,281,-21,149,103,230,-41" /><INIT seed="4,0,0,4,1,97" ten="299,260,252,189" oya="0" hai0="94,53,108,52,22,58,95,76,62,20,59,98,88" hai1="63,103,84,81,86,33,60,34,116,75,13,54,96" hai2="40,70,0,38,127,133,16,12,27,2,92,28,31" hai3="126,6,109,65,43,48,71,89,87,115,82,19,78"/><T29/><D108/><U118/><E75/><V123/><F70/><W105/><G109/><T47/><D76/><U25/><E13/><V104/><F104/><W99/><G126/><T37/><D29/><U35/><E25/><V134/><F123/><W120/><G120/><T39/><D39/><U26/><E26/><V79/><F79/><W91/><G115/><T21/><D37/><U51/><E60/><V30/><F92/><W3/><G19/><T131/><D131/><U102/><E63/><V107/><F107/><W7/><G71/><T73/><D73/><U85/><E81/><V15/><F40/><W113/><G65/><T67/><D47/><U83/><E83/><V101/><F101/><W4/><G113/><T49/><D95/><U93/><REACH who="1" step="1"/><E103/><REACH who="1" ten="299,250,252,189" step="2"/><V61/><F61/><W112/><G112/><T23/><N who="0" m="5120" /><DORA hai="110" /><T129/><D129/><U119/><E119/><V74/><F74/><W8/><G3/><T72/><D72/><U77/><E77/><V44/><F27/><W24/><G24/><T130/><D130/><U14/><E14/><V111/><F12/><W106/><G78/><T10/><D10/><U80/><E80/><V90/><F111/><W69/><G8/><T135/><D135/><U132/><E132/><V5/><F133/><W11/><G11/><T57/><REACH who="0" step="1"/><D49/><REACH who="0" ten="289,250,252,189" step="2"/><U36/><E36/><V46/><F38/><W50/><G50/><T117/><D117/><U124/><E124/><V1/><F127/><W17/><G48/><T125/><D125/><U32/><E32/><V114/><F114/><W128/><G82/><T9/><D9/><RYUUKYOKU ba="0,2" sc="289,15,250,15,252,-15,189,-15" hai0="52,53,57,58,59,62,67,88,94,98" hai1="33,34,35,51,54,84,85,86,93,96,102,116,118" /><INIT seed="4,1,2,5,2,122" ten="304,265,237,174" oya="0" hai0="23,130,79,29,46,45,31,102,108,115,76,107,34" hai1="93,63,120,133,33,24,105,41,54,132,30,25,82" hai2="14,127,39,55,49,42,88,66,77,44,40,119,89" hai3="86,111,81,97,84,10,85,28,126,91,114,128,11"/><T48/><D34/><U65/><E105/><V131/><F131/><W36/><G36/><T37/><D130/><U50/><E41/><V0/><F0/><W103/><G128/><T94/><D107/><U92/><E82/><V17/><F127/><W13/><G126/><T80/><D115/><U116/><E24/><V123/><F123/><W15/><G114/><T118/><D118/><U27/><E27/><V78/><F66/><W18/><G28/><T74/><D79/><N who="2" m="30218" /><F39/><W121/><G111/><T96/><D23/><U22/><E33/><V35/><F35/><W124/><G121/><T3/><D3/><U26/><E26/><V4/><F4/><N who="3" m="3271" /><G124/><T109/><D37/><U134/><E116/><V95/><F119/><W62/><G62/><T12/><D12/><U101/><E120/><V83/><F83/><W129/><G129/><T69/><D69/><N who="1" m="42175" /><E101/><V2/><F2/><W71/><G71/><T117/><D117/><U21/><E21/><N who="2" m="11447" /><F89/><W7/><G7/><T32/><D32/><U59/><AGARI ba="1,2" hai="22,25,30,50,54,59,92,93,132,133,134" m="42175" machi="59" ten="30,1100,0" yaku="20,1" doraHai="122" who="1" fromWho="1" sc="304,-6,265,34,237,-4,174,-4" /><INIT seed="5,0,0,3,5,110" ten="298,299,233,170" oya="1" hai0="122,93,87,79,30,128,66,114,9,60,59,1,70" hai1="7,76,57,99,91,121,17,96,44,112,92,107,117" hai2="41,63,29,50,75,133,26,49,102,53,37,135,81" hai3="74,52,32,113,42,61,38,97,10,55,116,134,105"/><U33/><E33/><V21/><F102/><W15/><G74/><T85/><D122/><U25/><E7/><V108/><F108/><W23/><G32/><T100/><D30/><U90/><E76/><V51/><F75/><W120/><G120/><T80/><D128/><U65/><E44/><V127/><F81/><W69/><G134/><T3/><D70/><U84/><E107/><V31/><F31/><W109/><G109/><T4/><D85/><U82/><E96/><V56/><REACH who="2" step="1"/><F127/><REACH who="2" ten="298,299,223,170" step="2"/><W34/><G116/><T78/><D100/><N who="1" m="60519" /><E82/><V39/><F39/><W77/><G38/><T67/><D80/><U20/><E117/><V16/><F16/><W11/><G105/><T111/><D111/><U62/><E121/><V0/><F0/><W22/><G113/><T46/><D1/><U5/><E112/><V13/><F13/><W36/><G15/><T86/><D114/><U83/><E5/><V45/><AGARI ba="0,1" hai="21,26,29,37,41,45,49,50,51,53,56,63,133,135" machi="45" ten="30,7900,0" yaku="1,1,0,1,53,2" doraHai="110" doraHaiUra="129" who="2" fromWho="2" sc="298,-20,299,-39,223,89,170,-20" /><INIT seed="6,0,0,5,5,83" ten="278,260,312,150" oya="2" hai0="61,29,77,69,93,112,14,20,85,66,26,32,48" hai1="81,24,41,120,76,82,135,15,124,27,92,118,67" hai2="114,133,18,75,47,10,13,22,25,31,130,8,73" hai3="38,40,56,116,122,17,98,51,91,79,45,86,59"/><V44/><F114/><W87/><G116/><T129/><D112/><U37/><E118/><V90/><F133/><W132/><G122/><T74/><D74/><U60/><E135/><V46/><F130/><W33/><G132/><T42/><D129/><U95/><E120/><V71/><F71/><W103/><G33/><T52/><D42/><U115/><E115/><V102/><F102/><W65/><G38/><T111/><D111/><U68/><E124/><V43/><F43/><W50/><G65/><T70/><D70/><U84/><E24/><V89/><F73/><W58/><G79/><T78/><D14/><U97/><E27/><V6/><REACH who="2" step="1"/><F75/><REACH who="2" ten="278,260,302,150" step="2"/><W113/><G113/><T16/><D69/><U9/><E41/><V23/><F23/><W101/><G101/><T131/><D20/><U2/><E68/><V80/><F80/><W126/><G126/><T30/><D131/><U39/><E81/><V96/><F96/><W21/><G51/><T12/><D48/><U19/><E97/><V55/><F55/><W109/><G109/><T94/><D52/><U54/><E54/><V3/><AGARI ba="0,1" hai="3,6,8,10,13,18,22,25,31,44,46,47,89,90" machi="3" ten="30,3000,0" yaku="1,1,0,1,53,0" doraHai="83" doraHaiUra="99" who="2" fromWho="2" sc="278,-10,260,-10,302,40,150,-10" /><INIT seed="6,1,0,3,2,43" ten="268,250,342,140" oya="2" hai0="107,61,35,9,45,29,33,68,111,51,93,77,15" hai1="69,127,122,8,104,112,100,130,12,94,18,49,55" hai2="2,116,105,131,70,89,87,114,71,75,11,96,32" hai3="118,52,126,47,106,42,54,26,37,25,50,57,80"/><V38/><RYUUKYOKU type="yao9" ba="1,0" sc="268,0,250,0,342,0,140,0" hai2="2,11,32,38,70,71,75,87,89,96,105,114,116,131" /><INIT seed="6,2,0,0,2,48" ten="268,250,342,140" oya="2" hai0="105,90,19,16,8,45,34,85,64,114,15,26,130" hai1="40,55,106,68,66,75,91,93,119,23,0,108,132" hai2="25,43,58,28,54,31,44,134,21,92,12,53,109" hai3="80,128,107,60,39,88,84,4,99,125,115,100,52"/><V112/><F112/><W67/><G39/><T113/><D105/><U6/><E75/><V82/><F134/><W18/><G128/><T3/><D64/><U120/><E106/><V89/><F82/><W57/><G125/><T72/><D72/><U102/><E102/><V10/><F109/><W74/><G115/><N who="0" m="44043" /><D3/><U69/><E40/><V14/><F31/><W32/><G32/><T76/><D76/><U24/><E6/><V5/><F14/><W78/><G4/><N who="0" m="3463" /><D130/><U35/><E0/><V95/><F58/><W129/><G129/><T46/><D34/><U56/><E35/><V111/><F111/><W73/><G18/><N who="0" m="6699" /><D26/><U17/><E108/><V9/><F9/><W41/><G41/><T81/><AGARI ba="2,0" hai="45,46,81,85,90" m="6699,3463,44043" machi="81" ten="30,2000,0" yaku="15,1,54,1" doraHai="48" who="0" fromWho="0" sc="268,26,250,-7,342,-12,140,-7" /><INIT seed="7,0,0,3,3,46" ten="294,243,330,133" oya="3" hai0="86,98,52,97,108,87,22,1,38,64,115,24,2" hai1="133,18,16,60,125,128,50,11,129,39,90,61,124" hai2="80,107,32,111,15,59,132,30,116,118,6,36,25" hai3="92,19,45,53,31,21,7,122,3,66,5,75,9"/><W95/><G122/><T78/><D108/><U62/><E39/><V73/><F107/><W8/><G75/><T123/><D123/><U83/><E133/><V10/><F36/><W17/><G66/><T54/><D38/><U100/><E100/><V23/><F111/><W120/><G120/><T82/><D64/><U42/><E83/><V84/><F73/><W14/><G31/><T27/><D115/><U88/><E42/><V58/><F132/><W91/><G19/><N who="1" m="7210" /><E50/><V131/><F131/><N who="1" m="50249" /><E11/><V57/><F116/><W56/><G45/><T76/><D22/><U51/><E51/><V29/><F118/><W102/><G102/><T48/><D48/><U69/><E69/><V119/><F119/><W26/><REACH who="3" step="1"/><G91/><AGARI ba="0,0" hai="60,61,62,88,90,91,124,125" m="50249,7210" machi="91" ten="40,8000,1" yaku="28,2,19,1,54,2" doraHai="46" who="1" fromWho="3" sc="294,0,243,80,330,0,133,-80" owari="294,-11.0,323,12.0,330,44.0,53,-45.0" /></mjloggm>