<mjloggm ver="2.3"><GO type="169" lobby="0"/><UN n0="%EF%BC%84%E3%83%8A%E3%83%8A%E3%82%B7%E3%83%BC%EF%BF%A5" n1="%73%75%6E%61%62%61%6B%75" n2="%E9%8A%80%E3%81%B0%E3%81%95%E3%81%BF" n3="%73%2D%72%6F%79%61%6C" dan="16,16,19,16" rate="2116.50,2103.91,2305.04,2075.45" sx="M,M,M,M"/><TAIKYOKU oya="0"/><INIT seed="0,0,0,5,0,86" ten="250,250,250,250" oya="0" hai0="131,94,68,4,51,126,31,77,14,123,76,112,88" hai1="110,1,55,69,33,97,101,87,5,64,16,12,40" hai2="48,111,29,124,109,25,23,118,46,75,58,60,122" hai3="30,18,37,80,134,44,116,0,21,17,78,67,108"/><T125/><D123/><U132/><E132/><V56/><F75/><W47/><G116/><T28/><D112/><U42/><E33/><V70/><F122/><W11/><G134/><T53/><D68/><U8/><E110/><N who="2" m="41995" /><F124/><N who="0" m="47722" /><D131/><U107/><E69/><V130/><F130/><W129/><G129/><T2/><D2/><U54/><E64/><N who="2" m="41223" /><F118/><W133/><G108/><T82/><D14/><U90/><E42/><AGARI ba="0,0" hai="23,25,29,42,46,48,56,58" m="41223,41995" machi="42" ten="30,1000,0" yaku="14,1" doraHai="86" who="2" fromWho="1" sc="250,0,250,-10,250,10,250,0" /><INIT seed="1,0,0,0,1,53" ten="250,240,260,250" oya="1" hai0="110,71,30,118,11,16,51,133,50,44,12,54,92" hai1="125,28,22,62,61,119,27,109,74,97,8,18,94" hai2="60,135,82,85,68,46,42,67,90,40,76,102,64" hai3="9,87,108,2,32,105,126,14,70,69,78,86,41"/><U13/><E119/><V116/><F116/><W129/><G32/><T52/><D118/><U89/><E74/><V123/><F123/><W0/><G105/><T80/><D71/><U93/><E125/><V100/><F135/><W111/><G126/><T124/><D124/><U4/><E109/><N who="3" m="42058" /><G41/><T58/><D110/><U38/><E38/><V98/><F67/><W65/><G129/><T33/><D133/><U57/><E94/><V45/><F76/><W35/><G35/><T99/><D33/><U17/><E62/><V77/><F77/><W47/><G47/><T43/><D30/><U55/><AGARI ba="0,0" hai="4,8,13,17,18,22,27,28,55,57,61,89,93,97" machi="55" ten="20,7800,0" yaku="0,1,7,1,8,1,52,1" doraHai="53" who="1" fromWho="1" sc="250,-26,240,78,260,-26,250,-26" /><INIT seed="1,1,0,0,5,124" ten="224,318,234,224" oya="1" hai0="93,37,127,47,55,44,86,3,84,17,90,13,126" hai1="103,94,111,80,41,32,20,85,11,123,9,91,82" hai2="95,51,101,67,102,117,104,62,53,52,99,15,36" hai3="64,78,5,16,79,40,34,45,46,19,109,73,60"/><U81/><E123/><V134/><F36/><W31/><G109/><T2/><D84/><U128/><E32/><V69/><F134/><W26/><G5/><T54/><D3/><U27/><E111/><V42/><F117/><W0/><G0/><T56/><D2/><U119/><E119/><V76/><F76/><W130/><G130/><T4/><D4/><U72/><E72/><V57/><F42/><W43/><G43/><T58/><D37/><U108/><E108/><V22/><F53/><W87/><G73/><T120/><D120/><U77/><E128/><V118/><F118/><W125/><G125/><N who="0" m="47627" /><D58/><U48/><E103/><V49/><F49/><W8/><G8/><N who="0" m="6311" /><D55/><U105/><E105/><V33/><F33/><W21/><G19/><T106/><D106/><U59/><E77/><V88/><F104/><W12/><G87/><T39/><D39/><U14/><E14/><V61/><F51/><AGARI ba="1,0" hai="44,47,51,54,56,86,90,93" m="6311,47627" machi="51" ten="30,1000,0" yaku="18,1" doraHai="124" who="0" fromWho="2" sc="224,13,318,0,234,-13,224,0" /><INIT seed="2,0,0,2,5,65" ten="237,318,221,224" oya="2" hai0="70,88,116,39,96,21,48,135,4,2,104,131,128" hai1="38,113,28,11,58,134,31,47,93,5,102,120,112" hai2="99,117,73,1,17,89,100,133,74,60,40,25,91" hai3="30,66,45,44,98,62,41,59,52,8,129,127,94"/><V132/><F1/><W56/><G129/><N who="0" m="49739" /><D39/><U82/><E134/><N who="2" m="51819" /><F40/><W86/><G127/><T3/><D135/><U85/><E120/><V7/><F7/><W22/><G8/><N who="0" m="2071" /><D3/><U26/><E112/><V105/><F117/><W64/><G86/><T19/><D116/><U95/><E113/><V61/><F17/><W108/><G108/><T53/><D104/><U23/><E38/><V83/><F25/><N who="3" m="16695" /><G41/><T123/><D123/><U46/><E102/><V119/><F119/><W15/><G15/><T29/><D29/><U80/><E31/><V71/><F61/><N who="3" m="35975" /><G64/><T67/><D67/><U14/><E58/><V27/><F27/><W20/><G20/><T115/><D115/><U121/><E121/><V57/><F57/><W35/><G35/><T69/><D48/><U9/><E11/><V124/><F124/><W12/><G12/><N who="0" m="9447" /><D53/><U24/><E24/><V92/><F105/><W49/><G49/><T54/><D54/><U126/><E126/><V34/><F34/><W111/><G111/><T125/><D125/><U55/><E55/><V110/><F110/><W68/><G68/><T50/><D50/><U84/><E47/><V97/><F71/><W78/><G78/><T42/><D42/><U106/><E46/><V36/><F36/><W77/><G77/><T101/><D69/><U130/><E106/><N who="2" m="63759" /><F60/><W6/><G6/><T33/><D33/><U90/><E130/><V76/><F74/><W37/><G37/><T79/><D70/><U103/><E103/><AGARI ba="0,0" hai="73,76,83,89,91,92,99,103" m="63759,51819" machi="103" ten="30,5800,0" yaku="20,1,34,2" doraHai="65" who="2" fromWho="1" sc="237,0,318,-58,221,58,224,0" /><AGARI ba="0,0" hai="44,45,59,62,66,94,98,103" m="35975,16695" machi="103" ten="30,3900,0" yaku="25,1,8,1,54,1" doraHai="65" who="3" fromWho="1" sc="237,0,260,-39,279,0,224,39" /><INIT seed="2,1,0,5,1,106" ten="237,221,279,263" oya="2" hai0="131,66,109,7,87,101,3,40,116,16,14,94,9" hai1="135,121,18,74,132,92,54,62,61,126,32,112,102" hai2="30,97,129,86,45,99,76,72,64,81,49,67,84" hai3="93,70,12,23,2,57,100,15,110,83,115,35,103"/><V21/><F129/><W117/><G35/><T44/><D131/><U33/><E112/><V122/><F122/><W98/><G70/><T27/><D109/><U125/><E121/><V65/><F72/><W31/><G117/><T68/><D116/><U123/><E123/><V69/><F69/><W43/><G110/><T133/><D133/><N who="1" m="51275" /><E74/><V58/><F58/><W50/><G2/><T85/><D68/><U24/><E54/><V47/><F47/><N who="3" m="25983" /><G115/><T108/><D108/><U60/><E92/><V0/><F0/><W46/><G46/><T1/><D66/><U118/><E118/><V95/><F86/><W119/><G119/><T89/><D101/><U8/><E102/><V42/><REACH who="2" step="1"/><F95/><REACH who="2" ten="237,221,269,263" step="2"/><W4/><G57/><T48/><D87/><U88/><E60/><V96/><F96/><W90/><G93/><T55/><D1/><U130/><E61/><V25/><AGARI ba="1,1" hai="21,25,30,42,45,49,64,65,67,76,81,84,97,99" machi="25" ten="30,11700,0" yaku="1,1,0,1,8,1,53,1" doraHai="106" doraHaiUra="26" who="2" fromWho="2" sc="237,-40,221,-40,269,130,263,-40" /><INIT seed="2,2,0,2,2,14" ten="197,181,399,223" oya="2" hai0="112,23,117,10,44,42,101,72,127,122,58,22,67" hai1="119,96,85,6,61,110,84,47,13,106,18,92,43" hai2="66,46,79,129,48,120,95,0,50,109,89,2,33" hai3="62,75,87,63,116,103,34,134,121,55,114,68,125"/><V25/><F120/><W86/><G75/><T11/><D122/><U60/><E119/><V49/><F129/><W133/><G34/><T64/><D112/><U74/><E106/><V94/><F79/><W57/><G103/><T69/><D69/><U21/><E74/><V20/><F33/><W52/><G121/><T128/><D72/><U71/><E110/><V118/><F118/><W15/><G116/><T99/><D117/><U27/><E71/><V90/><F66/><N who="3" m="41055" /><G114/><T36/><D128/><U35/><E35/><V97/><F46/><W73/><G73/><T51/><D127/><U24/><E24/><V82/><F82/><W26/><G26/><T29/><D36/><U91/><E6/><V39/><F39/><W4/><G125/><T77/><D77/><U37/><REACH who="1" step="1"/><E27/><REACH who="1" ten="197,171,399,223" step="2"/><V40/><F109/><W30/><G4/><T70/><D70/><U111/><E111/><V115/><F115/><W28/><G134/><T100/><D29/><U9/><E9/><V31/><REACH who="2" step="1"/><F40/><REACH who="2" ten="197,171,389,223" step="2"/><W98/><G133/><T7/><D42/><U123/><E123/><V80/><F80/><W17/><G30/><T102/><D67/><U54/><E54/><V81/><F81/><W105/><G55/><T78/><D64/><U104/><E104/><V59/><F59/><W5/><G57/><T135/><D58/><U16/><E16/><V132/><F132/><W38/><G28/><T130/><D135/><U126/><E126/><V19/><F19/><W3/><G17/><T53/><D130/><U65/><E65/><V12/><F12/><W124/><G15/><T131/><D131/><RYUUKYOKU ba="2,2" sc="197,-15,171,15,389,15,223,-15" hai1="13,18,21,37,43,47,60,61,84,85,91,92,96" hai2="0,2,20,25,31,48,49,50,89,90,94,95,97" /><INIT seed="2,3,2,3,0,41" ten="182,186,404,208" oya="2" hai0="119,7,57,25,65,6,2,42,52,107,70,63,94" hai1="69,72,38,54,49,91,108,101,19,55,11,47,88" hai2="125,85,89,44,10,46,61,86,124,8,40,129,131" hai3="15,111,99,83,24,23,87,35,117,16,135,22,32"/><V66/><F10/><W34/><G99/><T62/><D107/><U127/><E69/><N who="2" m="42191" /><F8/><W103/><G103/><T30/><D119/><U48/><E38/><N who="2" m="21527" /><F46/><W9/><G117/><T113/><D113/><U74/><E108/><V120/><F120/><W68/><G68/><T92/><D42/><U104/><E127/><N who="2" m="48715" /><F86/><W4/><G87/><T67/><D2/><U53/><E53/><V133/><BYE who="1" /><F133/><W31/><G83/><AGARI ba="3,2" hai="83,85,89,129,131" m="48715,21527,42191" machi="83" ten="30,2900,0" yaku="18,1,52,1" doraHai="41" who="2" fromWho="3" sc="182,0,186,0,404,58,208,-38" /><INIT seed="2,4,0,0,4,96" ten="182,186,462,170" oya="2" hai0="43,125,42,9,33,118,106,6,26,5,52,2,25" hai1="126,102,38,104,121,113,101,7,95,89,58,31,27" hai2="16,4,59,107,122,79,32,50,132,13,51,134,71" hai3="10,130,94,68,114,65,36,14,47,60,87,23,45"/><V93/><F71/><W115/><G130/><T70/><D118/><U35/><E35/><V3/><F107/><W91/><G23/><T67/><D106/><U20/><E20/><V46/><F122/><W53/><G53/><T75/><D75/><U19/><E19/><V54/><F32/><W98/><G36/><T29/><D125/><U109/><E109/><V120/><F120/><W24/><G24/><T57/><D6/><U86/><E86/><V1/><F79/><W11/><G11/><T41/><D26/><U66/><E66/><V30/><F30/><W39/><G39/><T119/><D119/><U62/><E62/><V73/><F73/><W76/><G76/><T72/><D72/><U17/><E17/><V8/><F93/><W82/><G115/><T44/><D70/><U124/><E124/><V100/><F100/><W97/><G114/><T64/><REACH who="0" step="1"/><D44/><REACH who="0" ten="172,186,462,170" step="2"/><U127/><E127/><V63/><F4/><W99/><REACH who="3" step="1"/><G82/><REACH who="3" ten="172,186,462,160" step="2"/><T117/><D117/><U85/><E85/><V12/><F12/><W112/><G112/><T131/><D131/><U48/><E48/><AGARI ba="4,2" hai="2,5,9,25,29,33,41,42,43,48,52,57,64,67" machi="48" ten="40,2600,0" yaku="1,1,54,1,53,0" doraHai="96" doraHaiUra="83" who="0" fromWho="1" sc="172,58,186,-38,462,0,160,0" /><INIT seed="3,0,0,2,3,44" ten="230,148,462,160" oya="3" hai0="107,116,110,33,41,21,15,80,113,22,35,129,28" hai1="48,127,104,130,100,121,96,29,95,70,32,118,87" hai2="63,109,0,36,67,103,1,112,120,16,54,4,19" hai3="38,93,6,9,58,72,124,49,53,125,69,89,119"/><W24/><G72/><T56/><D116/><U122/><E122/><V91/><F112/><W73/><G73/><T105/><D113/><U111/><E111/><V128/><F36/><W117/><G69/><T30/><D110/><U55/><E55/><V99/><F109/><W98/><G38/><T74/><D41/><U47/><E47/><V10/><F1/><W5/><G24/><T135/><D135/><U77/><E77/><V106/><F128/><W90/><G90/><T3/><D3/><UN n1="%73%75%6E%61%62%61%6B%75" /><U8/><E121/><V78/><F120/><W34/><G34/><T39/><D39/><U82/><E70/><V18/><F78/><W40/><G40/><T86/><D74/><U42/><E118/><V20/><F91/><W65/><G65/><T60/><D129/><U51/><E130/><V92/><F54/><W94/><G94/><T101/><D35/><U13/><E104/><V131/><F131/><W133/><G133/><T57/><D33/><U11/><E42/><V31/><F31/><W14/><REACH who="3" step="1"/><G5/><REACH who="3" ten="230,148,462,150" step="2"/><T43/><D43/><U52/><E32/><V81/><F92/><W66/><G66/><T50/><D107/><U83/><E95/><V23/><F81/><W97/><G97/><T123/><D123/><U71/><E96/><V25/><F23/><W114/><G114/><T26/><D22/><U88/><E71/><AGARI ba="0,1" hai="0,4,10,16,18,19,20,25,63,67,71,99,103,106" machi="71" ten="30,2000,0" yaku="7,1,54,1" doraHai="44" who="2" fromWho="1" sc="230,0,148,-20,462,30,150,0" /><INIT seed="4,0,0,5,2,115" ten="230,128,492,150" oya="0" hai0="39,6,74,69,90,43,133,51,81,38,16,19,83" hai1="20,88,122,87,91,68,40,14,96,29,4,120,3" hai2="49,103,66,114,12,42,46,93,1,57,125,123,67" hai3="61,41,59,134,100,8,70,27,22,65,107,116,75"/><T109/><D69/><U62/><E3/><V130/><F1/><W7/><G75/><T56/><D6/><U30/><E40/><V0/><F0/><W72/><G72/><T71/><D71/><U113/><E113/><V98/><F114/><W78/><G78/><T47/><D133/><U34/><E34/><V99/><F123/><W132/><G41/><T32/><D32/><U102/><E68/><V95/><F130/><W50/><G107/><T111/><D90/><U92/><E62/><V101/><F125/><W54/><G100/><T105/><D105/><U129/><E129/><V106/><F106/><W26/><G116/><T76/><D83/><U25/><E29/><V79/><F79/><W33/><G33/><T63/><D39/><U23/><E91/><V9/><F57/><W73/><G73/><T10/><D38/><U37/><E37/><V82/><F82/><W48/><G48/><T60/><D60/><U127/><E127/><V110/><F110/><N who="0" m="41994" /><D10/><U124/><E124/><V24/><F24/><W15/><REACH who="3" step="1"/><G27/><REACH who="3" ten="230,128,492,140" step="2"/><T31/><D74/><U13/><E120/><V84/><F103/><W58/><G58/><T2/><D76/><U5/><E122/><V21/><F101/><W45/><G45/><T126/><D126/><U35/><E35/><V117/><F46/><W77/><G77/><T121/><D121/><U80/><E5/><V53/><F49/><W112/><G112/><T18/><D56/><U89/><E4/><V131/><F131/><W52/><G52/><T86/><D43/><U11/><E102/><V104/><F42/><W97/><G97/><RYUUKYOKU ba="0,1" sc="230,-10,128,-10,492,-10,140,30" hai3="7,8,15,22,26,50,54,59,61,65,70,132,134" /><INIT seed="5,1,1,5,2,17" ten="220,118,482,170" oya="1" hai0="88,62,106,0,55,89,35,90,51,129,75,73,119" hai1="105,3,49,121,12,15,11,20,72,28,117,60,57" hai2="110,66,59,38,33,114,77,100,78,13,58,123,91" hai3="98,1,29,69,43,19,40,115,111,82,56,54,99"/><U84/><E121/><V122/><F38/><W86/><G111/><T127/><D119/><U4/><E117/><V92/><F33/><W23/><G69/><T50/><D35/><U16/><E105/><V112/><F110/><W14/><G1/><T128/><D0/><U79/><E72/><N who="0" m="27721" /><D106/><U18/><E28/><V118/><F100/><W47/><G29/><T133/><D133/><U120/><E120/><V109/><F109/><W46/><G46/><T108/><D127/><U124/><E124/><V134/><F118/><W44/><G44/><T97/><D97/><N who="3" m="36873" /><G47/><T64/><D55/><U65/><E49/><V116/><F116/><W45/><G45/><T102/><D102/><U5/><E3/><V104/><F104/><W71/><G71/><T32/><D32/><U81/><AGARI ba="1,1" hai="4,5,11,12,15,16,18,20,57,60,65,79,81,84" machi="81" ten="30,11700,0" yaku="0,1,8,1,52,1,54,1" doraHai="17" who="1" fromWho="1" sc="220,-40,118,130,482,-40,170,-40" /><INIT seed="5,2,0,0,3,56" ten="180,248,442,130" oya="1" hai0="63,36,132,94,89,74,92,77,35,47,23,19,78" hai1="68,32,66,72,133,11,129,90,9,44,82,33,81" hai2="110,28,30,98,76,124,102,88,15,128,6,14,13" hai3="111,39,55,53,123,85,113,50,121,116,43,51,17"/><U103/><E129/><V42/><F110/><W37/><G111/><T41/><D35/><U54/><E133/><V127/><F76/><W57/><G85/><T73/><D132/><U104/><E33/><V45/><F6/><W48/><G17/><T83/><D78/><U79/><E32/><V8/><F8/><W29/><G29/><T118/><D74/><U91/><E68/><V64/><F64/><W34/><G34/><T108/><D108/><U5/><E66/><V38/><F88/><W40/><G116/><T114/><D118/><U126/><E126/><N who="2" m="48171" /><F128/><W0/><G0/><T49/><D114/><U4/><E104/><AGARI ba="2,0" hai="13,14,15,28,30,38,42,45,98,102,104" m="48171" machi="104" ten="30,1000,0" yaku="18,1" doraHai="56" who="2" fromWho="1" sc="180,0,248,-16,442,16,130,0" /><INIT seed="6,0,0,3,2,82" ten="180,232,458,130" oya="2" hai0="54,0,121,10,33,104,113,103,80,114,131,36,133" hai1="81,24,106,88,40,134,111,89,98,50,76,105,110" hai2="45,70,57,129,5,27,127,14,73,64,74,49,122" hai3="9,59,52,30,46,16,1,31,71,41,66,100,90"/><V97/><F122/><W53/><G100/><T63/><D121/><U132/><E24/><V99/><F70/><W69/><G1/><T25/><D36/><U55/><E40/><V77/><F129/><W130/><G130/><T22/><D131/><U26/><E26/><V117/><F117/><W37/><G90/><N who="1" m="34922" /><E55/><V29/><F127/><W135/><G135/><N who="1" m="51754" /><E50/><V96/><F57/><W51/><G53/><T61/><D33/><U42/><E42/><V4/><F64/><W38/><G38/><T107/><D133/><U28/><E28/><V20/><F14/><N who="3" m="7247" /><G71/><T118/><D118/><U43/><E43/><V123/><F123/><W75/><G75/><T44/><D44/><U65/><E65/><V108/><F74/><W93/><G93/><T11/><D54/><U62/><E62/><AGARI ba="0,0" hai="30,31,37,41,46,51,52,59,62,66,69" m="7247" machi="62" ten="30,3900,0" yaku="24,1,54,2" doraHai="82" who="3" fromWho="1" sc="180,0,232,-39,458,0,130,39" /><INIT seed="7,0,0,1,4,116" ten="180,193,458,169" oya="3" hai0="21,99,29,132,110,3,84,125,71,79,23,27,93" hai1="34,8,30,52,86,10,20,106,77,43,118,73,35" hai2="91,17,15,95,82,70,26,31,9,78,53,111,117" hai3="90,25,92,51,64,11,19,32,60,76,0,24,47"/><W133/><G133/><T65/><D110/><U130/><E73/><V126/><F126/><W61/><G76/><T63/><D132/><U88/><E106/><V13/><F111/><W124/><G124/><T108/><D108/><U114/><E118/><V109/><F109/><W128/><G128/><T122/><D125/><U54/><E77/><V97/><F70/><W112/><G112/><T57/><D3/><U74/><E74/><V113/><F113/><W37/><G37/><T103/><D71/><U134/><E114/><V18/><F53/><W131/><G131/><T45/><D45/><U135/><E134/><V115/><F115/><W102/><G102/><T38/><D38/><U121/><E135/><V85/><F117/><W59/><G61/><T69/><D69/><U39/><E130/><V123/><F123/><W68/><G68/><T96/><D96/><U6/><E121/><V94/><F94/><W98/><G32/><T81/><D122/><U107/><E107/><V62/><F62/><W48/><G0/><T7/><D7/><U50/><E39/><V1/><F1/><W16/><G11/><N who="1" m="4138" /><E34/><AGARI ba="0,0" hai="21,23,27,29,34,57,63,65,79,81,84,93,99,103" machi="34" ten="30,1000,0" yaku="7,1" doraHai="116" who="0" fromWho="1" sc="180,10,193,-10,458,0,169,0" owari="190,-1.0,183,-22.0,458,56.0,169,-33.0" /></mjloggm>