<mjloggm ver="2.3"><GO type="169" lobby="0"/><UN n0="%E3%81%92%E3%82%93%E3%81%9F%E3%82%8D%E3%81%AE%E3%81%8B%E3%81%91%E3%82%89" n1="%6D%65%24%6F" n2="%4D%61%74%79%75%69%E2%98%86" n3="%70%67%61%69%6E" dan="16,17,18,17" rate="2092.46,2156.95,2250.67,2097.02" sx="M,M,M,M"/><TAIKYOKU oya="0"/><INIT seed="0,0,0,1,1,22" ten="250,250,250,250" oya="0" hai0="29,85,118,86,28,3,95,70,26,27,25,112,126" hai1="10,113,129,124,52,8,80,18,1,101,98,56,34" hai2="68,92,102,94,110,6,33,119,77,64,100,74,73" hai3="40,71,128,54,121,123,96,91,106,32,105,20,21"/><T109/><D112/><U135/><E113/><V48/><F33/><W58/><G32/><T76/><D118/><U133/><E129/><V89/><F119/><W46/><G71/><T82/><D3/><U120/><E120/><N who="3" m="46154" /><G128/><T93/><D70/><U81/><E34/><V55/><F110/><W13/><G91/><N who="0" m="53487" /><D109/><U0/><E124/><V17/><F6/><W67/><G67/><T130/><D130/><U12/><E0/><V43/><F43/><W84/><G84/><N who="0" m="48199" /><D126/><U57/><E57/><V35/><F35/><W88/><G88/><AGARI ba="0,0" hai="25,26,27,28,29,86,88,95" m="48199,53487" machi="88" ten="30,12000,1" yaku="8,1,52,3,54,1" doraHai="22" who="0" fromWho="3" sc="250,120,250,0,250,0,250,-120" /><INIT seed="0,1,0,0,1,72" ten="370,250,250,130" oya="0" hai0="22,49,15,0,108,55,27,132,32,113,8,88,20" hai1="85,24,109,124,58,111,134,68,70,79,125,83,31" hai2="28,73,42,101,3,76,71,37,12,100,63,51,112" hai3="91,13,61,98,57,41,6,89,38,114,95,23,106"/><T129/><D113/><U117/><E58/><V96/><F112/><W92/><G114/><T77/><D129/><U48/><E48/><V47/><F100/><W62/><G106/><T44/><D132/><U115/><E115/><V90/><F90/><W84/><G57/><T118/><D118/><U94/><E94/><V10/><F28/><W69/><G69/><N who="1" m="26730" /><E134/><V19/><F3/><W116/><G116/><T35/><D0/><U59/><E59/><V66/><F37/><W99/><G84/><T87/><D108/><N who="1" m="41547" /><E117/><V78/><REACH who="2" step="1"/><F73/><REACH who="2" ten="370,250,240,130" step="2"/><W103/><G38/><T80/><D88/><U39/><E39/><V34/><F34/><AGARI ba="1,1" hai="24,31,34,79,83,85,124,125" m="41547,26730" machi="34" ten="30,2000,0" yaku="14,1,52,1" doraHai="72" who="1" fromWho="2" sc="370,0,250,33,240,-23,130,0" /><INIT seed="1,0,0,0,2,15" ten="370,283,217,130" oya="1" hai0="78,75,44,53,24,121,2,67,43,30,93,91,17" hai1="19,3,100,69,39,127,29,80,125,27,31,57,45" hai2="128,86,50,51,112,10,23,58,132,70,9,38,113" hai3="106,18,32,89,60,12,107,101,118,52,97,77,47"/><U34/><E69/><V79/><F70/><W66/><G118/><T48/><D2/><U84/><E3/><V65/><F38/><W76/><G32/><T88/><D121/><U54/><E100/><V135/><F128/><W111/><G111/><T74/><D67/><U115/><E115/><N who="2" m="44107" /><F23/><W35/><G35/><T130/><D130/><U59/><E31/><V116/><F116/><W49/><G89/><T81/><D74/><U96/><E96/><V71/><F71/><W95/><G107/><T40/><D91/><U21/><E39/><V4/><F10/><W83/><G106/><T5/><D5/><U41/><E41/><V87/><F65/><W134/><G134/><N who="2" m="51241" /><F79/><W7/><G7/><T56/><D30/><U117/><E117/><V6/><F6/><W14/><G83/><T11/><D44/><U85/><E45/><V28/><F28/><W42/><G42/><T99/><REACH who="0" step="1"/><D11/><REACH who="0" ten="360,283,217,130" step="2"/><U73/><E29/><V123/><F123/><W62/><G66/><T72/><D72/><U8/><E8/><V131/><F131/><W36/><G77/><T120/><D120/><U37/><E73/><V1/><F58/><N who="3" m="33039" /><G76/><T105/><D105/><U13/><E34/><V63/><F1/><W22/><G47/><T102/><D102/><U126/><E57/><V92/><F4/><W33/><G33/><T104/><D104/><U108/><E59/><V129/><F9/><N who="3" m="6415" /><G36/><T114/><D114/><U16/><E37/><V90/><F129/><W103/><G103/><T46/><D46/><U26/><E126/><V122/><F122/><W133/><G133/><T98/><D98/><RYUUKYOKU ba="0,1" sc="360,15,283,-15,217,-15,130,15" hai0="17,24,40,43,48,53,56,75,78,81,88,93,99" hai3="14,22,60,62,95,97,101" /><INIT seed="2,1,1,4,4,123" ten="375,268,202,145" oya="2" hai0="109,111,16,43,13,82,90,85,93,5,112,0,71" hai1="50,57,14,88,31,33,23,35,55,15,11,36,59" hai2="54,133,83,22,74,73,134,8,113,79,130,127,95" hai3="101,42,34,20,4,47,9,12,107,126,3,81,10"/><V104/><F104/><W84/><G34/><T60/><D112/><U89/><E36/><V115/><F8/><W53/><G126/><T46/><D0/><U117/><E117/><V114/><F127/><W40/><G20/><T96/><D5/><U67/><E33/><V17/><F130/><W72/><G72/><T70/><D60/><N who="1" m="38303" /><E35/><V2/><F2/><W103/><G53/><T98/><D98/><U7/><E31/><V37/><F37/><W52/><G107/><T91/><D70/><U30/><E30/><V119/><F119/><W108/><G108/><N who="0" m="41547" /><D71/><U56/><E56/><V19/><F95/><W76/><G52/><T41/><D46/><U94/><E94/><V63/><F73/><W25/><G42/><T61/><D61/><U51/><E51/><V58/><REACH who="2" step="1"/><F19/><AGARI ba="1,1" hai="7,11,14,15,19,23,50,55,57,88,89" m="38303" machi="19" ten="30,2000,0" yaku="8,1,54,1" doraHai="123" who="1" fromWho="2" sc="375,0,268,33,202,-23,145,0" /><INIT seed="3,0,0,2,4,45" ten="375,301,179,145" oya="3" hai0="31,102,4,96,0,108,16,13,90,100,71,115,98" hai1="119,91,7,122,25,94,74,52,3,110,49,9,28" hai2="54,103,128,67,1,104,69,132,95,107,81,129,57" hai3="22,78,17,14,11,15,106,109,113,58,111,64,63"/><W35/><G113/><T118/><D71/><U93/><E122/><V12/><F1/><W51/><G35/><T72/><D115/><U89/><E74/><V82/><F132/><W133/><G133/><T50/><D108/><N who="3" m="41545" /><G106/><T85/><D72/><U127/><E127/><V124/><F124/><W116/><G78/><T86/><D0/><U80/><E119/><V105/><F69/><W99/><G99/><T114/><D114/><U27/><E110/><V48/><F67/><W92/><G92/><T73/><D118/><U56/><E80/><V62/><F62/><W61/><G116/><T21/><D73/><U32/><E94/><V125/><F125/><W40/><G64/><T135/><D135/><U112/><E112/><V120/><F120/><W88/><G88/><T34/><D98/><U101/><E101/><V39/><F39/><W117/><G117/><T24/><D90/><U8/><E8/><V10/><F95/><W38/><G38/><T19/><D102/><U41/><E93/><V59/><F103/><W130/><G130/><N who="2" m="50281" /><F59/><W77/><G77/><T123/><D123/><U66/><E66/><V36/><F36/><W53/><G40/><T44/><D100/><U30/><E41/><V134/><F134/><W46/><G58/><T26/><D96/><U42/><E42/><V68/><F68/><W29/><G29/><T23/><D4/><AGARI ba="0,0" hai="4,10,12,48,54,57,81,82,104,105,107" m="50281" machi="4" ten="40,2600,0" yaku="19,1,52,1" doraHai="45" who="2" fromWho="0" sc="375,-26,301,0,179,26,145,0" /><AGARI ba="0,0" hai="4,11,14,15,17,22,46,51,53,61,63" m="41545" machi="4" ten="30,5800,0" yaku="14,1,10,1,52,1" doraHai="45" who="3" fromWho="0" sc="349,-58,301,0,205,0,145,58" /><INIT seed="3,1,0,4,0,39" ten="291,301,205,203" oya="3" hai0="135,64,103,14,119,110,89,43,104,36,13,94,55" hai1="62,122,96,11,130,10,60,117,72,58,83,46,116" hai2="99,73,19,74,32,15,1,0,126,61,84,129,52" hai3="16,131,78,115,22,128,6,24,112,113,76,124,29"/><W90/><G90/><T51/><D119/><N who="1" m="45643" /><E122/><V92/><F32/><N who="3" m="20519" /><G124/><T50/><D110/><U132/><E132/><V123/><F126/><W105/><G105/><T23/><D135/><U91/><E130/><N who="3" m="49706" /><G6/><T40/><D36/><U81/><E46/><V18/><F84/><W88/><G88/><T98/><D64/><N who="1" m="38935" /><E62/><V8/><F129/><W35/><G35/><T65/><D65/><U42/><E42/><V38/><F38/><W86/><G86/><T121/><D121/><U30/><E30/><V45/><F123/><W63/><G63/><T48/><D55/><U68/><E68/><V7/><F61/><W67/><G67/><T107/><D107/><U27/><E27/><AGARI ba="1,0" hai="16,22,27,76,78,112,113,115" m="49706,20519" machi="27" ten="40,3900,0" yaku="19,1,54,1" doraHai="39" who="3" fromWho="1" sc="291,0,301,-42,205,0,203,42" /><INIT seed="3,2,0,1,5,107" ten="291,259,205,245" oya="3" hai0="122,60,14,57,69,85,66,37,135,59,127,101,67" hai1="81,49,126,7,0,10,19,53,64,72,103,30,15" hai2="47,119,114,12,132,21,133,115,100,125,27,13,44" hai3="75,112,36,11,55,22,6,93,32,45,34,109,74"/><W28/><G112/><N who="2" m="43049" /><F100/><W54/><G22/><T105/><D122/><U84/><E126/><V92/><F92/><W86/><G109/><T2/><D2/><U39/><E39/><V71/><F71/><W41/><G86/><T129/><D85/><U111/><E111/><V131/><F119/><W24/><G34/><T48/><D14/><N who="2" m="5738" /><F125/><W123/><G123/><T80/><D101/><U98/><E64/><V96/><F96/><W117/><G117/><T76/><D105/><U121/><E121/><V124/><F124/><W23/><G32/><T113/><D67/><U116/><E116/><V29/><F131/><W89/><G55/><T83/><D129/><U1/><E98/><V50/><F50/><W16/><G28/><T33/><D48/><U70/><E30/><V108/><F108/><W87/><G54/><T8/><D37/><U82/><E103/><V77/><F77/><W62/><G62/><T56/><D127/><U46/><E70/><V31/><F29/><W65/><G65/><T5/><D113/><U17/><E0/><AGARI ba="2,0" hai="0,6,11,16,23,24,36,41,45,74,75,87,89,93" machi="0" ten="30,11600,0" yaku="7,1,52,2,54,1" doraHai="107" who="3" fromWho="1" sc="291,0,259,-122,205,0,245,122" /><INIT seed="3,3,0,1,0,53" ten="291,137,205,367" oya="3" hai0="38,42,94,37,69,62,32,29,26,6,39,9,95" hai1="76,88,109,18,61,33,71,43,100,70,83,125,55" hai2="4,105,17,57,79,31,21,127,74,126,96,119,7" hai3="25,101,41,54,15,3,65,132,51,22,99,75,1"/><W89/><G75/><T85/><D42/><U128/><E128/><V121/><F119/><W0/><G132/><T49/><D49/><U114/><E114/><V102/><F31/><W112/><G112/><T64/><REACH who="0" step="1"/><D85/><REACH who="0" ten="281,137,205,367" step="2"/><U91/><E43/><V103/><F121/><W13/><G51/><T98/><D98/><U117/><E117/><V48/><F74/><W30/><G99/><T93/><D93/><U131/><E131/><V97/><F48/><W20/><G41/><T118/><D118/><U50/><E50/><V19/><F105/><W124/><G124/><T34/><D34/><U45/><E125/><V73/><F73/><W115/><G115/><T8/><D8/><U130/><E33/><V116/><F116/><W40/><G40/><T106/><D106/><U63/><E130/><V82/><F82/><W77/><G22/><T134/><D134/><U67/><E45/><V72/><F72/><W60/><G20/><T46/><D46/><U24/><E83/><V58/><F21/><W129/><G129/><T80/><D80/><U113/><E113/><V56/><F56/><W107/><G107/><T90/><D90/><U133/><E91/><V44/><F44/><W11/><G89/><T14/><AGARI ba="3,1" hai="6,9,14,26,29,32,37,38,39,62,64,69,94,95" machi="14" ten="30,2000,0" yaku="1,1,0,1,53,0" doraHai="53" doraHaiUra="111" who="0" fromWho="0" sc="281,39,137,-8,205,-8,367,-13" /><INIT seed="4,0,0,0,1,3" ten="320,129,197,354" oya="0" hai0="49,135,69,5,122,68,29,90,105,39,116,114,26" hai1="82,121,30,124,130,77,64,118,58,110,115,13,32" hai2="51,17,11,36,101,112,53,129,91,89,109,8,19" hai3="83,71,132,20,55,10,125,85,127,40,25,102,120"/><T73/><D116/><U66/><E110/><V65/><F36/><W61/><G132/><T22/><D122/><U111/><E118/><V23/><F109/><W14/><G120/><T78/><D39/><U2/><E111/><V54/><F112/><W104/><G40/><T59/><D114/><U81/><E121/><V70/><F101/><W35/><G35/><T67/><D105/><U45/><E2/><V75/><F75/><W21/><G102/><T43/><D135/><U80/><E115/><V128/><F65/><N who="3" m="41391" /><G55/><T119/><D119/><U60/><E124/><N who="3" m="47690" /><G25/><T95/><D43/><U123/><E123/><V15/><F70/><W108/><G104/><T88/><D90/><U96/><E64/><V63/><F63/><W50/><G50/><T98/><D78/><U46/><E77/><V12/><REACH who="2" step="1"/><F23/><REACH who="2" ten="320,129,187,354" step="2"/><W41/><G21/><T44/><D73/><U97/><E66/><V74/><F74/><W16/><G20/><T6/><D69/><U84/><E60/><V56/><F56/><W86/><G108/><T117/><D68/><U94/><E58/><V9/><F9/><W72/><G10/><T87/><D117/><U1/><E32/><V103/><F103/><W62/><G72/><T131/><D67/><U27/><E46/><V133/><F133/><W0/><G62/><T33/><D59/><U47/><E45/><V18/><F18/><W134/><G16/><T126/><D126/><U113/><E47/><V100/><F100/><W34/><G34/><T38/><D38/><U37/><E113/><V93/><F93/><W24/><G134/><T106/><D33/><RYUUKYOKU ba="0,1" sc="320,-10,129,-10,187,30,354,-10" hai2="8,11,12,15,17,19,51,53,54,89,91,128,129" /><INIT seed="5,1,1,3,0,105" ten="310,119,217,344" oya="1" hai0="128,103,36,42,132,50,97,16,25,111,118,74,67" hai1="79,5,22,9,114,8,47,61,57,87,88,108,122" hai2="17,27,18,100,83,24,40,86,31,69,15,38,96" hai3="125,91,130,56,64,62,121,110,65,2,7,39,81"/><U113/><E122/><V115/><F69/><W71/><G110/><T95/><D111/><U48/><E108/><V44/><F115/><N who="1" m="44041" /><E79/><V82/><F27/><W41/><G130/><T85/><D118/><U135/><E135/><V80/><F86/><W102/><G125/><T54/><D128/><U126/><E126/><V93/><REACH who="2" step="1"/><F15/><REACH who="2" ten="310,119,207,344" step="2"/><W98/><G71/><T0/><D85/><U133/><E133/><V120/><F120/><W20/><G2/><T129/><D0/><U29/><E29/><V14/><F14/><W28/><G28/><T70/><D70/><U117/><E117/><V78/><F78/><W55/><G121/><T75/><D132/><U99/><E99/><V11/><F11/><W131/><G98/><T116/><D116/><U94/><E22/><AGARI ba="1,2" hai="17,18,22,24,31,38,40,44,80,82,83,93,96,100" machi="22" ten="40,1300,0" yaku="1,1,53,0" doraHai="105" doraHaiUra="10" who="2" fromWho="1" sc="310,0,119,-16,207,36,344,0" /><INIT seed="6,0,0,4,4,126" ten="310,103,243,344" oya="2" hai0="116,135,69,106,83,70,108,134,26,133,42,47,103" hai1="66,65,0,123,48,58,60,39,113,38,87,41,74" hai2="7,132,125,8,62,63,34,98,84,44,109,16,57" hai3="100,73,112,64,11,95,121,67,92,27,119,80,86"/><V19/><F34/><W54/><G119/><T32/><D108/><U23/><E23/><V35/><F35/><W3/><G121/><T2/><D116/><U75/><E87/><V18/><F125/><W50/><G73/><T122/><D122/><U15/><E15/><V93/><F109/><W76/><G112/><T33/><D2/><U101/><E101/><V13/><F132/><W22/><G11/><T36/><D83/><U120/><E0/><V14/><F84/><W85/><G3/><T131/><D131/><U45/><E75/><V59/><F44/><N who="3" m="27975" /><G86/><T71/><D26/><U96/><E96/><AGARI ba="0,0" hai="32,33,36,42,47,69,70,71,96,103,106,133,134,135" machi="96" ten="50,6400,0" yaku="20,1,23,2" doraHai="126" who="0" fromWho="1" sc="310,64,103,-64,243,0,344,0" /><INIT seed="7,0,0,3,0,99" ten="374,39,243,344" oya="3" hai0="123,115,11,78,22,59,10,121,88,124,27,72,117" hai1="70,56,105,91,63,3,107,55,83,66,34,125,39" hai2="4,31,127,9,95,116,75,47,58,87,1,8,45" hai3="94,126,112,134,53,60,80,79,13,101,32,118,110"/><W38/><G118/><T16/><D117/><U65/><E91/><V20/><F116/><W50/><G38/><T44/><D124/><U21/><E83/><V26/><F75/><W40/><G32/><T103/><D103/><U54/><E21/><V113/><F127/><W97/><G126/><T135/><D135/><U36/><E56/><V7/><F113/><W19/><G112/><T92/><D115/><U90/><E90/><V128/><F128/><W96/><G96/><T130/><D130/><U37/><E125/><V61/><F87/><N who="3" m="48543" /><G134/><T33/><D33/><U119/><E119/><V77/><F77/><W5/><G110/><T67/><D72/><U42/><E34/><V17/><F17/><W73/><G73/><T35/><D78/><U48/><E3/><V86/><F86/><W30/><G30/><T82/><D35/><U93/><E93/><V108/><F108/><W41/><G60/><N who="0" m="38303" /><D123/><U111/><E111/><V129/><F129/><W89/><G89/><T28/><D121/><U81/><E81/><V23/><F95/><W57/><G5/><T84/><D82/><U6/><E6/><V131/><F131/><W29/><G29/><T51/><D28/><U85/><E85/><V68/><F68/><W64/><G64/><T15/><D27/><U133/><E133/><V76/><F76/><W98/><G97/><T62/><D62/><U104/><E65/><N who="2" m="39095" /><F23/><AGARI ba="0,0" hai="13,19,23,40,41,50,53,57,94,98,101" m="48543" machi="23" ten="30,2900,0" yaku="8,1,52,1" doraHai="99" who="3" fromWho="2" sc="374,0,39,0,243,-29,344,29" /><INIT seed="7,1,0,2,4,84" ten="374,39,214,373" oya="3" hai0="78,113,126,24,81,49,39,121,4,29,90,62,67" hai1="108,104,72,15,83,3,133,99,117,60,30,42,97" hai2="120,77,73,40,105,86,127,10,21,17,109,92,50" hai3="115,76,31,57,128,71,80,114,7,28,111,69,131"/><W125/><G125/><T2/><D121/><U56/><E30/><N who="3" m="11306" /><G57/><N who="0" m="37327" /><D39/><U18/><E3/><V23/><F109/><W88/><G88/><T68/><D68/><N who="3" m="26185" /><G7/><T27/><D126/><U70/><E133/><V135/><F127/><W63/><G63/><T74/><D2/><U54/><E117/><V44/><F135/><W41/><G41/><T107/><D107/><U119/><E108/><V65/><F105/><W6/><G6/><T132/><D132/><U12/><E119/><V33/><F33/><W58/><G58/><T123/><D123/><U134/><E70/><V22/><F73/><N who="3" m="43023" /><G111/><T1/><D4/><U124/><E104/><V91/><F120/><W45/><G45/><T122/><D1/><U19/><E134/><V59/><F77/><W89/><G89/><T36/><D122/><U52/><E124/><V0/><F0/><W32/><G32/><T98/><D36/><U106/><E106/><V14/><F65/><W94/><G94/><N who="0" m="56663" /><D49/><U8/><E72/><V95/><REACH who="2" step="1"/><F59/><REACH who="2" ten="374,39,204,373" step="2"/><W100/><G100/><T101/><D101/><U64/><E42/><V79/><F79/><W20/><G20/><T37/><D74/><U112/><E112/><AGARI ba="1,1" hai="112,114,115,128,131" m="43023,26185,11306" machi="112" ten="40,2000,0" yaku="15,1" doraHai="84" who="3" fromWho="1" sc="374,0,39,-23,204,0,373,33" owari="374,17.0,16,-48.0,204,-20.0,406,51.0" /></mjloggm>