<mjloggm ver="2.3"><GO type="169" lobby="0"/><UN n0="%4B%E3%80%82" n1="%E3%83%AA%E3%83%BC%E3%83%81%EF%BC%91" n2="%7A%6B%75%72%74" n3="%E3%82%A2%E3%82%AB%E2%98%86%E3%82%A6%E3%83%BC%E3%83%94%E3%83%B3" dan="17,17,18,17" rate="2150.65,2159.47,2209.60,2176.04" sx="M,M,M,M"/><TAIKYOKU oya="0"/><INIT seed="0,0,0,4,2,94" ten="250,250,250,250" oya="0" hai0="51,130,97,26,122,86,35,81,58,93,56,59,0" hai1="41,19,5,80,22,25,75,70,111,107,28,61,4" hai2="17,24,23,99,67,31,128,76,30,49,135,50,91" hai3="78,44,71,90,114,45,92,14,84,115,11,126,102"/><T54/><D122/><U52/><E111/><V113/><F113/><W48/><G71/><T89/><D0/><U131/><E41/><V33/><F135/><W21/><G126/><T112/><D112/><U73/><E131/><V77/><F128/><W2/><G45/><T109/><D130/><U46/><E107/><V38/><F38/><W69/><G69/><T32/><D109/><U36/><E36/><V15/><F67/><W43/><G2/><T72/><D72/><U37/><E37/><V29/><F33/><W106/><G21/><T64/><D64/><U16/><E70/><V101/><F24/><W100/><G100/><T13/><D13/><U108/><E75/><V124/><F91/><W74/><G14/><T87/><D87/><U62/><E73/><V133/><F133/><W116/><G11/><T34/><REACH who="0" step="1"/><D26/><REACH who="0" ten="240,250,250,250" step="2"/><U127/><E108/><V120/><F120/><W18/><G116/><T63/><D63/><U39/><E62/><V40/><F124/><W65/><G65/><T96/><D96/><U123/><E127/><V95/><F40/><W6/><G115/><T125/><D125/><U105/><E123/><V110/><F110/><W103/><G114/><T60/><D60/><U79/><E61/><V9/><F9/><W7/><G43/><T66/><D66/><U8/><E39/><V134/><F134/><W104/><G74/><T88/><AGARI ba="0,1" hai="32,34,35,51,54,56,58,59,81,86,88,89,93,97" machi="88" ten="30,11700,0" yaku="1,1,0,1,52,1,54,1,53,0" doraHai="94" doraHaiUra="20" who="0" fromWho="0" sc="240,127,250,-39,250,-39,250,-39" /><INIT seed="0,1,0,5,5,34" ten="367,211,211,211" oya="0" hai0="58,100,3,86,80,70,115,65,125,114,102,57,85" hai1="81,22,83,26,92,32,51,130,35,43,54,10,129" hai2="48,108,38,37,78,89,30,17,97,44,134,74,41" hai3="120,39,104,69,90,46,9,0,94,64,127,20,13"/><T2/><D70/><U14/><E43/><V128/><F134/><W75/><G75/><T131/><D65/><U121/><E92/><V119/><F119/><W116/><G104/><T62/><D62/><U110/><E121/><V133/><F133/><W63/><G116/><T24/><D24/><U6/><E83/><V91/><F128/><N who="1" m="49257" /><E81/><V87/><F108/><W27/><G120/><T88/><D131/><U105/><E105/><V56/><F74/><W12/><G127/><T50/><D50/><U16/><E110/><V126/><F126/><W40/><G0/><T11/><D80/><U52/><E54/><V118/><F118/><W18/><REACH who="3" step="1"/><G9/><REACH who="3" ten="367,211,211,201" step="2"/><T47/><D11/><U106/><E106/><V60/><F78/><W8/><G8/><T19/><D125/><U98/><E98/><AGARI ba="1,1" hai="12,13,18,20,27,39,40,46,63,64,69,90,94,98" machi="98" ten="30,2000,0" yaku="1,1,7,1,53,0" doraHai="34" doraHaiUra="1" who="3" fromWho="1" sc="367,0,211,-23,211,0,201,33" /><INIT seed="1,0,0,4,3,20" ten="367,188,211,234" oya="1" hai0="42,69,23,32,115,74,24,105,101,0,46,58,68" hai1="41,8,107,30,67,57,122,132,130,62,88,103,128" hai2="87,120,2,124,45,14,21,26,72,109,118,59,131" hai3="11,7,75,99,106,77,40,73,134,34,36,35,16"/><U123/><E41/><V113/><F2/><N who="3" m="503" /><G134/><T129/><D115/><U119/><E119/><V96/><F72/><N who="3" m="27723" /><G77/><T79/><D74/><U56/><E132/><V9/><F113/><W64/><G64/><T97/><D79/><U39/><E39/><V33/><F118/><W13/><G16/><T89/><D0/><U25/><E8/><V85/><F120/><W125/><G125/><T112/><D112/><U29/><E29/><V110/><F124/><W17/><G17/><T31/><D58/><U28/><E28/><V55/><F59/><W81/><G81/><T37/><D129/><N who="1" m="49771" /><E57/><V6/><F131/><W93/><G93/><T43/><D43/><U114/><E114/><V71/><F21/><W27/><G27/><T54/><D54/><U135/><E135/><V108/><F26/><W80/><G80/><T111/><D69/><U66/><E66/><V49/><F71/><W52/><G13/><T78/><D68/><U116/><E116/><V65/><F65/><W5/><G5/><T53/><D53/><U82/><E82/><V121/><F121/><W47/><G52/><T127/><D127/><U83/><E83/><V95/><REACH who="2" step="1"/><F33/><REACH who="2" ten="367,188,201,234" step="2"/><W100/><AGARI ba="0,1" hai="34,35,36,40,47,99,100,106" m="27723,503" machi="100" ten="30,2000,0" yaku="33,2" doraHai="20" who="3" fromWho="3" sc="367,-5,188,-10,201,-5,234,30" /><INIT seed="2,0,0,3,2,39" ten="362,178,196,264" oya="2" hai0="67,56,64,107,101,5,76,55,13,10,22,116,68" hai1="52,90,112,3,4,99,119,73,115,94,91,105,125" hai2="126,82,78,69,60,130,85,96,108,20,53,134,66" hai3="21,131,120,35,41,43,103,23,89,86,8,109,37"/><V70/><F70/><W29/><G35/><T113/><D113/><U27/><E119/><V100/><F134/><W45/><G120/><T62/><D116/><U31/><E105/><V54/><F126/><W57/><G109/><T0/><D76/><U63/><E125/><V92/><F130/><W26/><G131/><T58/><D68/><U110/><E73/><V88/><F108/><W97/><G8/><T114/><D114/><U42/><E42/><N who="3" m="15882" /><G37/><T34/><D34/><U47/><E110/><V1/><F1/><W129/><G129/><T135/><D135/><U33/><E4/><V32/><F32/><W51/><G57/><T9/><D22/><U12/><E12/><V87/><REACH who="2" step="1"/><F20/><REACH who="2" ten="362,178,186,264" step="2"/><N who="3" m="15559" /><G103/><T25/><D101/><U72/><E3/><V98/><F98/><W133/><G97/><T95/><D0/><U15/><E112/><V11/><F11/><W2/><G2/><T14/><D10/><U80/><E115/><V19/><F19/><W65/><G133/><T18/><D9/><U61/><E99/><V79/><F79/><W127/><G127/><T83/><D18/><U24/><E33/><V59/><F59/><W6/><G6/><T111/><D58/><U118/><E118/><V48/><F48/><W46/><G51/><T38/><D5/><U117/><E117/><V104/><AGARI ba="0,1" hai="53,54,60,66,69,78,82,85,87,88,92,96,100,104" machi="104" ten="20,7800,0" yaku="1,1,0,1,7,1,54,1,53,0" doraHai="39" doraHaiUra="40" who="2" fromWho="2" sc="362,-26,178,-26,186,88,264,-26" /><INIT seed="2,1,0,2,1,135" ten="336,152,274,238" oya="2" hai0="20,92,26,86,0,66,101,84,47,110,62,123,98" hai1="120,70,49,23,134,117,52,81,16,29,80,12,38" hai2="13,105,111,45,35,9,108,107,34,129,53,28,18" hai3="124,11,51,99,27,125,119,43,68,112,97,37,132"/><V71/><F71/><W3/><G119/><T90/><D123/><U82/><E38/><V57/><F45/><N who="3" m="23791" /><G68/><T73/><D110/><N who="2" m="42026" /><F129/><W31/><G51/><T48/><D73/><U88/><E117/><V126/><F28/><W39/><G39/><T61/><D0/><U95/><E120/><V121/><F121/><W50/><G50/><T17/><D66/><U113/><E70/><V128/><F128/><W24/><G24/><T7/><D7/><U75/><E134/><V65/><F65/><W133/><G112/><T5/><D5/><U41/><E113/><V72/><F72/><W40/><G40/><T59/><D59/><N who="1" m="33167" /><E75/><V109/><F109/><W100/><G99/><T118/><D118/><U21/><E41/><V56/><F56/><W91/><G91/><T83/><REACH who="0" step="1"/><D86/><REACH who="0" ten="326,152,274,238" step="2"/><N who="1" m="52631" /><E29/><V104/><F126/><N who="3" m="48747" /><G3/><T87/><D87/><U58/><E58/><V2/><F2/><W32/><G11/><AGARI ba="1,1" hai="11,12,16,21,23,80,81,82" m="52631,33167" machi="11" ten="30,7700,0" yaku="8,1,54,3" doraHai="135" who="1" fromWho="3" sc="326,0,152,90,274,0,238,-80" /><BYE who="3" /><INIT seed="3,0,0,2,0,77" ten="326,242,274,158" oya="3" hai0="59,54,118,30,129,79,105,52,132,29,106,67,123" hai1="68,131,135,27,74,76,113,124,69,63,91,84,111" hai2="75,114,21,104,92,51,47,103,90,35,115,86,134" hai3="88,85,37,4,32,112,25,95,53,98,36,43,72"/><W130/><G130/><T116/><BYE who="1" /><D123/><UN n3="%E3%82%A2%E3%82%AB%E2%98%86%E3%82%A6%E3%83%BC%E3%83%94%E3%83%B3" /><U28/><E28/><V87/><F35/><W122/><G122/><UN n1="%E3%83%AA%E3%83%BC%E3%83%81%EF%BC%91" /><T34/><D129/><U55/><E27/><V22/><F75/><W62/><G112/><T108/><D79/><U12/><E131/><V17/><F134/><W65/><G72/><T9/><D132/><U64/><E111/><V61/><F61/><W73/><G73/><T3/><D108/><U81/><E113/><V31/><F31/><W23/><G32/><T26/><D30/><U41/><E41/><V40/><F22/><W13/><G53/><T93/><D93/><U133/><E124/><V6/><F6/><W48/><G48/><T66/><D54/><U7/><E69/><V119/><F119/><W96/><G43/><T57/><D57/><U42/><E42/><V82/><F104/><W101/><G96/><T8/><D106/><U83/><REACH who="1" step="1"/><E55/><REACH who="1" ten="326,232,274,158" step="2"/><V94/><F114/><W80/><G65/><T70/><D67/><U127/><E127/><V110/><F110/><W128/><G128/><T49/><D66/><U71/><E71/><V16/><F115/><W109/><G109/><T107/><D70/><U50/><E50/><V126/><F126/><W60/><G37/><T99/><D118/><U120/><E120/><V20/><F51/><W58/><G36/><T44/><D116/><U14/><E14/><V45/><F40/><W39/><G39/><T0/><D3/><U125/><E125/><V2/><F2/><W78/><G25/><T89/><D0/><U18/><E18/><V19/><F19/><W100/><G13/><T24/><D26/><RYUUKYOKU ba="0,1" sc="326,-10,232,30,274,-10,158,-10" hai1="7,12,63,64,68,74,76,81,83,84,91,133,135" /><INIT seed="4,1,1,1,4,130" ten="316,262,264,148" oya="0" hai0="53,3,36,80,86,55,65,8,13,83,133,24,1" hai1="51,84,14,0,102,5,88,7,101,118,16,29,132" hai2="47,4,104,74,134,121,58,28,21,108,57,85,78" hai3="34,30,67,135,39,41,63,64,59,123,122,128,60"/><T69/><D36/><U52/><E118/><V119/><F104/><W82/><G82/><T40/><D40/><U42/><E132/><V26/><F121/><N who="3" m="46091" /><G34/><T105/><D105/><U20/><E29/><V71/><F119/><W126/><G30/><T98/><D98/><U107/><E42/><V91/><F108/><W81/><G81/><T38/><D38/><U77/><E77/><V97/><F97/><W115/><G128/><T61/><D24/><U112/><E112/><V103/><F103/><N who="1" m="39433" /><E0/><V9/><F78/><W23/><G23/><T50/><D133/><U95/><E107/><V27/><F74/><W125/><G115/><T72/><D72/><U110/><E110/><V76/><F76/><W99/><G99/><T117/><D83/><U79/><E79/><V43/><F134/><W32/><G32/><T96/><D96/><U114/><E114/><V106/><F106/><W56/><G135/><T25/><D25/><U89/><E89/><V45/><F27/><W49/><G39/><T100/><D100/><U12/><E14/><V90/><F90/><W33/><G33/><T22/><D117/><U75/><E75/><V35/><F35/><W6/><G6/><N who="0" m="3223" /><D3/><U31/><E31/><V120/><F120/><W18/><G18/><T10/><D1/><U131/><E131/><V93/><F28/><W127/><G41/><T109/><D109/><U15/><E15/><V68/><F43/><W129/><G129/><T124/><D80/><U92/><E92/><V70/><F26/><W62/><G64/><T19/><D65/><U44/><AGARI ba="1,1" hai="5,7,12,16,20,44,51,52,84,88,95" m="39433" machi="44" ten="30,7900,0" yaku="8,1,54,3" doraHai="130" who="1" fromWho="1" sc="316,-40,262,92,264,-21,148,-21" /><INIT seed="5,0,0,5,1,51" ten="276,354,243,127" oya="1" hai0="49,41,0,90,11,130,125,135,23,131,55,60,31" hai1="100,99,127,83,72,95,87,84,119,133,61,13,128" hai2="82,67,58,25,105,91,32,37,7,8,2,73,5" hai3="121,97,64,89,75,28,106,46,88,112,42,43,114"/><U104/><E119/><V79/><F105/><W53/><G121/><T110/><D110/><U52/><E133/><V17/><F37/><W47/><G75/><T98/><D135/><U134/><E134/><V29/><F7/><W45/><G64/><T62/><D125/><U6/><E127/><V101/><F101/><W85/><G28/><T44/><D0/><U15/><E128/><N who="0" m="49193" /><D11/><N who="1" m="4343" /><E104/><V78/><F78/><W4/><G4/><T57/><D98/><U20/><E83/><V40/><F40/><W116/><G116/><T35/><D90/><U3/><E3/><V18/><F91/><W34/><G34/><T96/><D96/><U39/><E39/><V122/><F122/><W12/><G12/><T132/><D132/><U77/><E77/><V69/><F69/><W76/><G76/><T102/><D102/><U19/><E72/><V59/><F67/><W56/><G89/><T117/><D117/><U22/><E22/><V38/><F38/><W93/><G97/><T21/><D60/><U126/><E126/><V63/><F63/><N who="3" m="36239" /><G106/><T70/><D70/><U124/><E124/><V65/><F65/><W111/><G111/><T120/><D120/><U109/><E109/><V1/><F1/><W71/><G71/><T50/><D62/><U107/><E107/><V118/><F118/><W123/><G123/><T14/><D14/><U74/><E74/><V94/><F94/><W10/><G10/><T26/><AGARI ba="0,0" hai="21,23,26,31,35,41,44,49,50,55,57" m="49193" machi="26" ten="30,2000,0" yaku="19,1,52,1" doraHai="51" who="0" fromWho="0" sc="276,20,354,-10,243,-5,127,-5" /><INIT seed="6,0,0,2,4,82" ten="296,344,238,122" oya="2" hai0="107,7,30,18,122,105,68,130,49,79,118,86,13" hai1="16,98,91,46,32,108,93,80,43,70,134,41,25" hai2="102,120,89,94,33,64,11,85,37,5,76,4,103" hai3="95,115,113,2,53,15,84,17,106,59,56,29,99"/><V119/><F119/><W28/><G2/><T42/><D122/><U78/><E70/><V73/><F33/><W126/><G106/><T69/><D30/><U65/><E108/><V57/><F37/><W135/><G126/><T48/><D118/><U92/><E134/><V3/><F4/><W128/><G135/><T24/><D24/><U74/><E65/><V35/><F35/><W117/><G117/><T67/><D18/><U38/><E43/><V66/><F120/><W47/><G128/><T109/><D109/><U61/><E61/><V110/><F110/><W31/><G47/><N who="0" m="25719" /><D49/><U12/><E25/><V97/><F57/><W104/><G104/><N who="0" m="40011" /><D67/><U124/><E124/><V54/><F54/><W87/><G59/><T23/><D23/><U81/><E32/><V19/><F19/><W114/><G56/><T51/><D51/><U58/><E58/><V111/><F111/><W125/><G125/><T88/><D88/><U77/><E93/><V60/><F73/><W8/><G53/><T34/><D34/><U100/><E91/><AGARI ba="0,0" hai="8,15,17,28,29,31,84,87,91,95,99,113,114,115" machi="91" ten="50,8000,1" yaku="15,1,11,1,52,2" doraHai="82" who="3" fromWho="1" sc="296,0,344,-80,238,0,122,80" /><INIT seed="7,0,0,0,5,61" ten="296,264,238,202" oya="3" hai0="121,47,54,6,114,84,0,51,14,5,56,101,11" hai1="31,89,129,30,38,80,19,95,9,71,132,60,96" hai2="100,103,135,58,123,88,22,122,74,64,43,112,10" hai3="18,128,85,82,124,107,109,55,117,115,108,111,106"/><W66/><G117/><T77/><D121/><N who="2" m="46090" /><F74/><W34/><G115/><T130/><D130/><U15/><E129/><V35/><F35/><W110/><N who="3" m="27648" /><DORA hai="93" /><W32/><G128/><T36/><D114/><U44/><E132/><V120/><F120/><W97/><G124/><T21/><D101/><N who="2" m="38986" /><F112/><W118/><G118/><T119/><D119/><U23/><E80/><V87/><F135/><W72/><G72/><T63/><D36/><U13/><E38/><V104/><F43/><W41/><G41/><N who="0" m="25071" /><D21/><U8/><E44/><V134/><F134/><W45/><G97/><T27/><D27/><U48/><E48/><V20/><F10/><W98/><G98/><T116/><D116/><U68/><E23/><V83/><F104/><N who="3" m="39979" /><G66/><T7/><D0/><U105/><E105/><V25/><F25/><W42/><G18/><T50/><D7/><U78/><E78/><V79/><F79/><N who="3" m="46303" /><G55/><T126/><D126/><U12/><E19/><V91/><F91/><W16/><G16/><T65/><D6/><U90/><E90/><V2/><F2/><W26/><G26/><T73/><D73/><U24/><E24/><V17/><F17/><W57/><G57/><N who="0" m="32983" /><D77/><U3/><E3/><V125/><F125/><W94/><G94/><T99/><D99/><U62/><E96/><V113/><F113/><W59/><G59/><T127/><D127/><U69/><E95/><V33/><F33/><W81/><G81/><T52/><D52/><U70/><E89/><V102/><F102/><W133/><G133/><T28/><D84/><U49/><N who="1" m="17408" /><DORA hai="76" /><U29/><E49/><AGARI ba="0,0" hai="32,34,42,45,49" m="46303,39979,27648" machi="49" ten="60,5800,0" yaku="10,1,52,1" doraHai="61,93,76" who="3" fromWho="1" sc="296,0,264,-58,238,0,202,58" /><INIT seed="7,1,0,1,0,49" ten="296,206,238,260" oya="3" hai0="24,21,30,117,61,122,116,35,68,90,31,4,133" hai1="60,63,125,58,80,111,103,112,72,113,99,106,25" hai2="95,8,119,109,41,93,134,59,104,27,12,94,131" hai3="108,76,100,73,51,28,6,11,114,75,47,129,84"/><W33/><G114/><T88/><D122/><U45/><E111/><V110/><F104/><W124/><G129/><T44/><D4/><U98/><E125/><V43/><F119/><W121/><G121/><T52/><D133/><U22/><E99/><V15/><F131/><W126/><G100/><T67/><D31/><U70/><E45/><V79/><F79/><W36/><G36/><T2/><D2/><U83/><E70/><V10/><F27/><N who="3" m="18591" /><G108/><N who="2" m="41577" /><F59/><W16/><G84/><T135/><D135/><U37/><E37/><V5/><F5/><W56/><G56/><T39/><D35/><U102/><E102/><V54/><F54/><N who="3" m="30079" /><G76/><T14/><D14/><N who="2" m="5162" /><F134/><W77/><G77/><T132/><D132/><U92/><E106/><V34/><F34/><W118/><G16/><T105/><D105/><U85/><E72/><V3/><F3/><N who="3" m="479" /><G118/><T101/><D101/><U128/><E128/><V78/><F78/><W20/><G20/><T9/><D39/><U17/><E63/><V91/><F91/><W66/><G66/><T57/><D9/><AGARI ba="1,0" hai="8,9,10,41,43,93,94,95" m="5162,41577" machi="9" ten="40,2600,0" yaku="28,2" doraHai="49" who="2" fromWho="0" sc="296,-29,206,0,238,29,260,0" /><INIT seed="8,0,0,4,1,41" ten="267,206,267,260" oya="0" hai0="4,39,100,20,31,125,114,91,133,101,130,22,108" hai1="44,35,42,30,68,15,10,113,72,49,131,60,135" hai2="109,90,117,93,8,132,123,1,83,9,25,99,13" hai3="127,6,128,14,124,23,75,77,119,106,111,55,97"/><T50/><D114/><U32/><E113/><V88/><F123/><W19/><G111/><T81/><D39/><U54/><E72/><V103/><F109/><W74/><G128/><T64/><D108/><U28/><E131/><V59/><F132/><W33/><G119/><T116/><D116/><U126/><E135/><V94/><F117/><W57/><G33/><T70/><D133/><U98/><E126/><N who="3" m="48170" /><G77/><T40/><D125/><U85/><E35/><V69/><F69/><W76/><G76/><T86/><D130/><U12/><E32/><V7/><F83/><W34/><G34/><T66/><D4/><U62/><E85/><V51/><F25/><W2/><G106/><T96/><D70/><U47/><E98/><V46/><F59/><W73/><G97/><T95/><D100/><U82/><E82/><V121/><F121/><W29/><G29/><N who="1" m="11370" /><E68/><V24/><F24/><W56/><G55/><T105/><D105/><U71/><E71/><V17/><F94/><W48/><G48/><T0/><D31/><U118/><E118/><V67/><F67/><N who="0" m="25642" /><D0/><U102/><E102/><V26/><F26/><W36/><G36/><T5/><D50/><N who="1" m="29023" /><E15/><N who="2" m="7407" /><F1/><W80/><G80/><T52/><D40/><AGARI ba="0,0" hai="7,8,13,40,46,51,88,90,93,99,103" m="7407" machi="40" ten="30,3900,0" yaku="8,1,52,1,54,1" doraHai="41" who="2" fromWho="0" sc="267,-39,206,0,267,39,260,0" owari="228,-17.0,206,-29.0,306,40.0,260,6.0" /></mjloggm>