<mjloggm ver="2.3"><GO type="169" lobby="0"/><UN n0="%E8%B7%AF%E5%9C%B0%E8%A3%8F%E3%81%AE%E3%81%B2%E3%81%BE%E3%82%8F%E3%82%8A" n1="%E3%83%94%E3%83%A7%E3%83%B3%E5%90%89" n2="%E5%B1%B1%E5%B9%B8%E5%95%86%E5%BA%97" n3="%68%69%72%6F%70%65%6E" dan="16,17,16,17" rate="2117.81,2132.89,2146.93,2138.24" sx="M,F,M,M"/><TAIKYOKU oya="0"/><INIT seed="0,0,0,3,1,46" ten="250,250,250,250" oya="0" hai0="124,95,39,75,41,58,133,76,64,126,90,26,65" hai1="123,30,8,113,129,72,2,120,61,87,19,131,7" hai2="5,105,66,59,101,12,109,3,36,108,17,1,20" hai3="34,21,35,29,38,25,0,4,102,9,82,57,53"/><T71/><D133/><U48/><E72/><V68/><F36/><W11/><G38/><T121/><D121/><U125/><E125/><N who="0" m="48233" /><D71/><U13/><E61/><N who="2" m="38207" /><F68/><W118/><G118/><T69/><D69/><U119/><E119/><V107/><F5/><W91/><G102/><T50/><D39/><U73/><E87/><V16/><F101/><W88/><G11/><T47/><D58/><U86/><E86/><V99/><F99/><W15/><G82/><N who="0" m="45343" /><D26/><U94/><E120/><V112/><F17/><N who="3" m="10431" /><G35/><T128/><D128/><U31/><E123/><V115/><F107/><W77/><G77/><T80/><D80/><U74/><E73/><V40/><F105/><W24/><G24/><T42/><D42/><U100/><E74/><V22/><F40/><W98/><G98/><AGARI ba="0,0" hai="41,47,50,64,65,90,95,98" m="45343,48233" machi="98" ten="30,2900,0" yaku="18,1,52,1" doraHai="46" who="0" fromWho="3" sc="250,29,250,0,250,0,250,-29" /><INIT seed="0,1,0,4,2,108" ten="279,250,250,221" oya="0" hai0="0,31,67,74,37,41,34,107,8,103,90,91,56" hai1="50,11,78,106,60,25,100,2,124,36,3,23,14" hai2="20,88,98,42,33,112,104,114,22,17,109,134,70" hai3="73,110,77,48,65,86,55,66,68,118,93,53,97"/><T26/><D74/><U5/><E36/><V125/><F104/><W27/><G118/><T126/><D126/><U35/><E78/><V47/><F33/><W119/><G119/><T49/><D107/><U127/><E100/><V21/><F70/><W115/><G115/><T111/><D103/><U81/><E81/><V130/><F109/><W32/><G110/><T39/><D111/><U117/><E106/><V12/><F125/><N who="1" m="48201" /><E60/><V30/><F134/><W52/><G73/><T44/><D37/><U40/><E50/><V92/><F130/><W16/><G68/><T99/><D99/><U132/><E40/><V45/><F45/><N who="3" m="27663" /><G32/><T135/><D135/><U121/><E117/><V6/><F6/><W18/><G77/><T101/><D101/><U131/><E132/><V57/><F57/><W123/><G86/><T63/><REACH who="0" step="1"/><D39/><REACH who="0" ten="269,250,250,221" step="2"/><U87/><E131/><V24/><F22/><W51/><G97/><T122/><D122/><U85/><E121/><V61/><F61/><W82/><G65/><T62/><D62/><U59/><E35/><V133/><F133/><W113/><G66/><T72/><D72/><U71/><E23/><V29/><F30/><W64/><G64/><T84/><D84/><U58/><E87/><V4/><F4/><AGARI ba="1,1" hai="0,4,8,26,31,34,41,44,49,56,63,67,90,91" machi="4" ten="40,2000,0" yaku="1,1,53,0" doraHai="108" doraHaiUra="69" who="0" fromWho="2" sc="269,33,250,0,250,-23,221,0" /><INIT seed="0,2,0,5,5,64" ten="302,250,227,221" oya="0" hai0="96,104,10,112,101,63,58,81,27,69,31,106,53" hai1="103,109,59,52,115,116,67,129,20,100,92,5,40" hai2="122,102,61,29,14,16,50,121,55,99,2,32,34" hai3="90,135,38,77,120,130,72,98,51,37,21,8,9"/><T12/><D112/><U93/><E116/><V1/><F61/><W70/><G130/><T65/><D81/><U119/><E119/><V95/><F34/><W84/><G135/><T97/><D97/><U118/><E118/><V24/><F122/><W30/><G120/><T47/><D47/><U108/><E40/><V126/><F126/><W19/><G30/><T132/><D132/><U48/><E129/><V86/><F86/><W60/><G98/><T87/><D87/><U117/><E117/><V3/><F121/><W33/><G33/><T88/><D88/><U43/><E43/><V0/><N who="2" m="512" /><DORA hai="36" /><V4/><F4/><W49/><G77/><T41/><D41/><U131/><E131/><V127/><F127/><W18/><G72/><T54/><D58/><U110/><E5/><V124/><F124/><W82/><G37/><T75/><D106/><U15/><E67/><V6/><F6/><W134/><G38/><T78/><D78/><U7/><E115/><V89/><F102/><N who="1" m="38953" /><E20/><V91/><F95/><W42/><G42/><T74/><D74/><U83/><E83/><V17/><F17/><N who="3" m="6155" /><G21/><T62/><D75/><U111/><N who="1" m="27648" /><DORA hai="22" /><U56/><E56/><V35/><F35/><W114/><G134/><T79/><D104/><U85/><E85/><V23/><REACH who="2" step="1"/><F99/><REACH who="2" ten="302,250,217,221" step="2"/><W123/><G123/><T105/><D96/><U94/><E7/><V11/><F11/><N who="3" m="4171" /><G114/><T128/><D128/><U80/><E80/><V71/><F71/><W39/><G39/><T13/><D69/><U113/><E113/><V76/><F76/><W133/><G133/><T25/><D79/><RYUUKYOKU ba="2,1" sc="302,-30,250,10,217,10,221,10" hai1="15,48,52,59,92,93,94" hai2="14,16,23,24,29,32,50,55,89,91" hai3="49,51,60,70,82,84,90" /><INIT seed="1,3,1,5,2,110" ten="272,260,227,231" oya="1" hai0="132,57,104,92,91,122,125,70,52,127,108,16,118" hai1="73,133,62,31,109,54,63,11,34,28,90,128,45" hai2="53,111,106,55,126,76,69,2,7,93,72,105,60" hai3="79,113,67,121,37,44,40,30,86,114,36,25,5"/><U19/><E109/><V50/><F111/><W78/><G121/><T38/><D108/><U96/><E73/><V80/><F126/><N who="0" m="48138" /><D104/><U94/><E128/><V43/><F43/><W84/><G36/><T103/><D70/><U117/><E117/><V13/><F2/><W71/><G5/><T46/><D118/><U107/><E107/><V10/><F93/><W81/><G71/><T131/><D131/><U85/><E133/><V20/><F20/><W112/><G67/><T24/><D103/><U130/><E130/><V97/><F97/><W120/><G120/><T41/><D132/><U4/><E19/><V115/><F115/><W102/><G102/><T58/><D122/><U23/><E34/><V29/><F29/><W101/><G101/><T42/><D42/><U88/><E23/><V129/><F129/><W33/><REACH who="3" step="1"/><G79/><REACH who="3" ten="272,260,227,221" step="2"/><T98/><D38/><U65/><E65/><V39/><F39/><W9/><G9/><T0/><D0/><U27/><E11/><V48/><F69/><W49/><G49/><N who="0" m="28727" /><D41/><U89/><E4/><V56/><F50/><W135/><G135/><T66/><D66/><U119/><E119/><V26/><F26/><W17/><G17/><T8/><D24/><U12/><E27/><V59/><AGARI ba="3,2" hai="7,10,13,48,53,55,56,59,60,72,76,80,105,106" machi="59" ten="20,1500,0" yaku="0,1,7,1" doraHai="110" who="2" fromWho="2" sc="272,-7,260,-10,227,44,221,-7" /><INIT seed="2,0,0,5,1,10" ten="265,250,271,214" oya="2" hai0="5,73,32,111,105,41,71,40,91,54,62,21,75" hai1="107,80,46,102,37,77,3,96,133,83,13,30,61" hai2="69,72,29,56,52,104,95,135,79,108,119,64,98" hai3="1,78,109,113,45,76,68,99,112,51,67,0,58"/><V49/><F119/><W28/><G109/><T18/><D32/><U22/><E3/><N who="3" m="1098" /><G68/><T25/><D5/><U2/><E2/><V12/><F104/><W88/><G28/><T82/><D111/><U9/><E133/><V17/><F29/><W27/><G27/><T47/><D105/><U70/><E30/><V87/><F72/><W65/><G99/><T55/><D73/><U132/><E22/><N who="2" m="11559" /><F69/><W57/><G88/><T35/><D35/><U123/><E123/><V4/><F4/><W36/><G36/><T31/><D31/><U130/><E132/><V106/><F106/><W115/><G45/><T20/><D47/><U43/><E130/><V53/><F135/><W84/><G84/><T7/><D75/><U42/><E42/><V48/><F108/><W114/><G51/><N who="2" m="19529" /><F64/><N who="3" m="24651" /><G114/><T116/><D40/><U50/><E37/><V33/><F33/><W8/><G8/><T118/><D41/><U44/><E44/><V94/><F56/><AGARI ba="0,0" hai="56,57,58,76,78,112,113,115" m="24651,1098" machi="56" ten="40,5200,0" yaku="28,2,11,1" doraHai="10" who="3" fromWho="2" sc="265,0,250,0,271,-52,214,52" /><INIT seed="3,0,0,4,5,102" ten="265,250,219,266" oya="3" hai0="66,19,105,130,58,38,9,22,25,44,90,118,16" hai1="126,34,95,74,67,40,39,86,79,75,112,47,30" hai2="64,129,24,27,11,104,98,93,99,124,100,76,26" hai3="18,52,101,1,37,50,59,4,88,117,89,32,108"/><W91/><G117/><T31/><D118/><U128/><E112/><V54/><F129/><W121/><G121/><T68/><D130/><U114/><E114/><V48/><F124/><W33/><G37/><T41/><D68/><U10/><E128/><V81/><F64/><W65/><G108/><T78/><D78/><U60/><E126/><V92/><F11/><W96/><G65/><T111/><D111/><U63/><E63/><V110/><F110/><W35/><G18/><T57/><D57/><U45/><E45/><V43/><F43/><W56/><G56/><T71/><D71/><U106/><E106/><V135/><F135/><W87/><G4/><T20/><D105/><U5/><E34/><V14/><F14/><W46/><G1/><T80/><D9/><U97/><E30/><V116/><F116/><W123/><G123/><T49/><D22/><U107/><E107/><V7/><F7/><W0/><G0/><T103/><D103/><U134/><E134/><V61/><F61/><W133/><G133/><T72/><D72/><U84/><E10/><V125/><F125/><W132/><G132/><T115/><D115/><U127/><E5/><V13/><F13/><W6/><G6/><T3/><D3/><U83/><E75/><N who="2" m="43167" /><F99/><W131/><G131/><T109/><D109/><U85/><E127/><V2/><F2/><W12/><G12/><T36/><D36/><U23/><E23/><V29/><F29/><W94/><REACH who="3" step="1"/><G59/><REACH who="3" ten="265,250,219,256" step="2"/><T15/><D15/><U69/><E39/><V73/><F73/><W119/><G119/><T51/><D38/><U55/><E67/><RYUUKYOKU ba="0,1" sc="265,-15,250,-15,219,15,256,15" hai2="24,26,27,48,54,92,93,98,100,104" hai3="32,33,35,46,50,52,87,88,89,91,94,96,101" /><INIT seed="3,1,1,5,2,57" ten="250,235,234,271" oya="3" hai0="7,44,134,128,52,22,112,69,36,54,47,104,77" hai1="115,96,132,101,48,102,120,6,63,58,23,86,89" hai2="123,80,59,26,107,108,90,25,43,70,53,78,34" hai3="71,20,113,110,35,19,127,87,131,133,28,130,74"/><W94/><G74/><T121/><D104/><U109/><E115/><V67/><F107/><W40/><G113/><T83/><D112/><U125/><E120/><V122/><F43/><W18/><G71/><T64/><D121/><N who="2" m="46090" /><F108/><W31/><G110/><T10/><D128/><N who="3" m="49193" /><G127/><T38/><D134/><U91/><E132/><V27/><F90/><N who="3" m="53599" /><G133/><T42/><D22/><U13/><E48/><N who="2" m="31143" /><F67/><W46/><G35/><T55/><D64/><U9/><E125/><V29/><F70/><W111/><G111/><T105/><D69/><U68/><E68/><V95/><F95/><W126/><G126/><T24/><D105/><U135/><E109/><V33/><F33/><W114/><G114/><T92/><D92/><N who="1" m="56351" /><E23/><V97/><F97/><W106/><G106/><T79/><D83/><N who="1" m="49375" /><E135/><V60/><F60/><W99/><G99/><T5/><D36/><U129/><E129/><V88/><F88/><W62/><G62/><T117/><D38/><U56/><E56/><V8/><F8/><W85/><G85/><AGARI ba="1,1" hai="25,26,27,29,34,78,80,85" m="31143,46090" machi="85" ten="30,1000,0" yaku="13,1" doraHai="57" who="2" fromWho="3" sc="250,0,235,0,234,23,271,-13" /><INIT seed="4,0,0,2,4,133" ten="250,235,257,258" oya="0" hai0="35,41,85,95,122,9,75,62,71,115,78,125,34" hai1="8,52,84,51,10,65,86,135,46,117,90,22,31" hai2="60,101,37,11,127,76,83,67,29,7,70,45,87" hai3="105,131,61,81,98,6,124,104,36,132,42,57,92"/><T118/><D122/><U80/><E135/><V109/><F109/><W116/><G132/><T82/><D118/><U126/><E117/><V23/><F101/><W110/><G116/><T129/><D129/><U14/><E65/><V112/><F112/><W99/><G110/><T33/><D115/><U77/><E126/><V102/><F102/><W0/><G131/><T32/><D125/><U97/><E97/><V43/><F127/><W94/><G124/><T68/><D41/><U12/><E31/><V49/><F23/><W120/><G120/><T3/><N who="0" m="8192" /><DORA hai="113" /><T130/><D130/><U89/><E22/><V114/><F29/><W123/><G123/><T27/><D27/><U38/><E38/><V47/><F114/><W73/><G99/><T63/><D63/><U39/><E39/><V30/><F30/><W96/><G96/><T13/><D3/><U88/><REACH who="1" step="1"/><E86/><REACH who="1" ten="250,225,257,258" step="2"/><V53/><F11/><AGARI ba="0,1" hai="8,10,11,12,14,46,51,52,77,80,84,88,89,90" machi="11" ten="40,8000,1" yaku="1,1,2,1,8,1,54,2,53,0" doraHai="133,113" doraHaiUra="106,119" who="1" fromWho="2" sc="250,0,225,90,257,-80,258,0" /><INIT seed="5,0,0,0,0,3" ten="250,315,177,258" oya="1" hai0="80,60,4,69,15,100,87,103,26,130,96,110,53" hai1="73,31,49,111,44,79,37,89,118,6,101,28,68" hai2="133,66,134,95,22,48,76,36,97,10,90,86,119" hai3="125,78,62,32,55,131,112,107,108,114,135,126,19"/><U50/><E68/><V83/><F36/><W128/><G108/><T104/><D110/><U117/><E101/><V23/><F66/><W84/><G32/><T34/><D130/><N who="3" m="49705" /><G107/><T81/><D103/><U20/><E89/><V94/><F119/><W47/><G19/><T132/><D132/><N who="2" m="50794" /><F48/><N who="3" m="29087" /><G135/><T127/><D127/><N who="3" m="48649" /><G62/><T75/><D60/><U113/><E117/><V5/><F95/><W25/><G25/><T35/><D26/><U12/><E28/><V63/><F63/><W58/><G58/><T91/><D69/><U16/><E31/><V56/><F56/><W115/><G84/><T40/><D75/><U30/><E30/><V74/><F86/><W93/><G93/><T88/><D81/><U41/><E118/><V116/><F116/><W129/><G129/><T57/><D80/><U17/><E111/><V18/><F18/><W102/><G102/><T29/><D87/><U71/><E17/><V64/><F64/><W72/><G78/><T7/><D100/><U39/><E71/><V124/><F124/><W61/><G61/><T65/><D65/><U98/><E79/><V52/><F52/><W38/><G38/><T77/><D77/><U8/><E39/><V67/><F67/><W33/><G33/><T105/><D53/><U27/><E73/><AGARI ba="0,0" hai="72,73,112,114,115" m="48649,29087,49705" machi="73" ten="40,5200,0" yaku="15,1,19,1,18,1" doraHai="3" who="3" fromWho="1" sc="250,0,315,-52,177,0,258,52" /><INIT seed="6,0,0,1,3,69" ten="250,263,177,310" oya="2" hai0="20,40,3,54,75,89,104,55,70,82,103,29,125" hai1="71,36,6,46,11,50,26,130,17,61,102,9,81" hai2="83,127,14,134,52,99,19,21,92,88,116,49,90" hai3="45,58,80,8,23,124,24,128,132,98,107,33,115"/><V48/><F134/><W51/><G33/><T30/><D3/><U38/><E102/><V114/><F127/><W77/><G132/><T28/><D70/><U39/><E130/><V32/><F32/><W118/><G118/><T25/><D125/><U16/><E81/><V87/><F116/><W79/><G124/><T60/><D40/><U66/><E26/><V7/><F7/><W106/><G128/><T27/><D60/><U34/><E34/><V22/><F114/><W31/><G115/><T35/><D30/><U72/><E72/><V123/><F123/><W101/><G107/><T133/><D133/><U100/><E100/><V121/><F121/><W109/><G109/><T63/><D63/><U84/><E84/><V44/><F49/><W64/><G8/><AGARI ba="0,0" hai="8,14,19,21,22,44,48,52,83,87,88,90,92,99" machi="8" ten="30,18000,2" yaku="7,1,25,2,8,1,54,2" doraHai="69" who="2" fromWho="3" sc="250,0,263,0,177,180,310,-180" /><INIT seed="6,1,0,5,2,31" ten="250,263,357,130" oya="2" hai0="66,78,70,18,30,39,6,123,7,26,114,116,133" hai1="33,93,81,29,75,17,48,9,72,42,64,57,102" hai2="125,32,40,68,99,96,98,97,44,87,28,1,122" hai3="22,19,101,62,131,38,21,61,126,12,8,115,86"/><V85/><F122/><W91/><G38/><T10/><D123/><U23/><E33/><V113/><F68/><W37/><G37/><T16/><D39/><U0/><E75/><V92/><F1/><W79/><G131/><T20/><D78/><U120/><E72/><V51/><F113/><W49/><G115/><T77/><D114/><U95/><E0/><V47/><F47/><W132/><G132/><T60/><D77/><U107/><E107/><V135/><F135/><W84/><G126/><T104/><D133/><U74/><E74/><V121/><F121/><W82/><G101/><T83/><D83/><U67/><E81/><V65/><F65/><W14/><G49/><T2/><D116/><U130/><E130/><V73/><F73/><W89/><G79/><T109/><D109/><U11/><E29/><V24/><REACH who="2" step="1"/><F125/><REACH who="2" ten="250,263,347,130" step="2"/><W54/><G54/><T34/><D104/><U71/><E64/><V134/><F134/><W56/><G56/><T111/><D111/><U90/><E71/><V27/><F27/><W69/><G69/><T53/><D7/><U103/><E67/><V94/><F94/><W63/><REACH who="3" step="1"/><G12/><REACH who="3" ten="250,263,347,120" step="2"/><T45/><D70/><U43/><E57/><V100/><AGARI ba="1,2" hai="24,28,32,40,44,51,85,87,92,96,97,98,99,100" machi="100" ten="30,6000,0" yaku="1,1,0,1,52,1,53,0" doraHai="31" doraHaiUra="129" who="2" fromWho="2" sc="250,-21,263,-21,347,83,120,-21" /><INIT seed="6,2,0,2,0,57" ten="229,242,430,99" oya="2" hai0="93,47,83,68,135,122,61,50,67,133,34,80,26" hai1="84,82,81,6,121,39,86,88,31,0,56,20,73" hai2="132,96,103,126,94,98,45,36,38,44,46,2,117" hai3="33,95,30,23,64,28,119,7,113,13,51,37,100"/><V130/><F2/><W59/><G119/><T74/><D122/><U106/><E73/><V14/><F117/><W21/><G37/><T42/><D74/><U75/><E75/><V129/><F132/><N who="0" m="50762" /><D93/><U90/><E106/><N who="2" m="63847" /><F14/><W114/><G51/><T29/><AGARI ba="2,0" hai="26,29,34,42,47,50,61,67,68,80,83" m="50762" machi="29" ten="30,2000,0" yaku="20,1,52,1" doraHai="57" who="0" fromWho="0" sc="229,26,242,-7,430,-12,99,-7" /><INIT seed="7,0,0,5,0,44" ten="255,235,418,92" oya="3" hai0="132,89,128,8,118,65,97,43,106,21,92,63,24" hai1="116,102,101,124,10,107,123,35,40,66,56,45,4" hai2="98,100,73,126,28,82,122,70,86,38,105,16,85" hai3="103,50,6,129,84,19,68,81,36,5,41,37,78"/><W117/><G117/><T42/><D118/><U115/><E116/><V112/><F70/><W80/><G68/><T134/><D128/><U23/><E35/><V79/><F38/><W133/><G129/><T25/><D8/><U76/><E123/><V64/><F64/><W3/><G133/><N who="0" m="51307" /><D106/><U34/><E34/><V2/><F28/><W111/><G111/><T17/><D25/><U127/><E76/><V15/><F2/><W49/><G103/><T131/><D131/><U52/><E66/><V71/><F71/><AGARI ba="0,0" hai="17,21,24,42,43,63,65,71,89,92,97" m="51307" machi="71" ten="30,1000,0" yaku="20,1" doraHai="44" who="0" fromWho="2" sc="255,10,235,0,418,-10,92,0" owari="265,7.0,235,-16.0,408,50.0,92,-41.0" /></mjloggm>