<mjloggm ver="2.3"><GO type="169" lobby="0"/><UN n0="%73%68%61%70%65%6C%65%72" n1="%E3%82%89%E3%81%8F%E3%81%A0%EF%BC%90%EF%BC%91%EF%BC%90%EF%BC%99" n2="%E3%83%AD%E3%83%83%E3%83%86%E9%9B%80%EF%BC%84%E6%94%B9" n3="%2E%E3%82%A4%E3%83%AA%E3%82%A2%E3%82%B9" dan="17,16,16,16" rate="2112.79,2123.67,2152.32,2162.88" sx="M,M,M,M"/><TAIKYOKU oya="0"/><INIT seed="0,0,0,5,1,20" ten="250,250,250,250" oya="0" hai0="97,63,73,75,2,123,7,58,11,29,39,25,48" hai1="9,105,134,126,37,28,31,129,18,0,72,95,98" hai2="109,62,67,115,44,12,127,5,19,46,45,4,38" hai3="53,13,21,91,111,51,99,16,23,14,33,61,90"/><T49/><D39/><U52/><E105/><V42/><F109/><W110/><G33/><T74/><D123/><U41/><E72/><V54/><F115/><W101/><G61/><T15/><D97/><U17/><E129/><V86/><F127/><W133/><G133/><T8/><D8/><U102/><E134/><V3/><F3/><W22/><G110/><T107/><D107/><U84/><E126/><V1/><F1/><W87/><G111/><T114/><D2/><U108/><E108/><V96/><F96/><W47/><G87/><T26/><D114/><U117/><E117/><V34/><F34/><W100/><G100/><T121/><D121/><U113/><E113/><V93/><F54/><W135/><G135/><T88/><D88/><N who="3" m="33833" /><G13/><T43/><D29/><U70/><E70/><V125/><F93/><AGARI ba="0,0" hai="14,16,21,22,23,47,51,53,93,99,101" m="33833" machi="93" ten="30,3900,0" yaku="8,1,54,2" doraHai="20" who="3" fromWho="2" sc="250,0,250,0,250,-39,250,39" /><INIT seed="1,0,0,5,1,2" ten="250,250,211,289" oya="1" hai0="123,38,25,124,20,21,4,12,127,64,50,106,14" hai1="110,52,112,116,89,0,13,42,67,115,85,17,5" hai2="87,48,100,53,27,120,16,111,109,35,1,73,78" hai3="47,23,80,11,8,133,105,84,36,134,135,59,102"/><U56/><E116/><V75/><F120/><W126/><G126/><T58/><D38/><U60/><E110/><N who="2" m="41995" /><F100/><W32/><G32/><T81/><D106/><U43/><E115/><V24/><F1/><W103/><G59/><T99/><D99/><U44/><E112/><V119/><F119/><W9/><G23/><T65/><D58/><U88/><E89/><V132/><F132/><W54/><G105/><T19/><D50/><N who="1" m="28743" /><E0/><V69/><F69/><W29/><G29/><T55/><D123/><U31/><E31/><V92/><F35/><W34/><G34/><T114/><D114/><U82/><E5/><V41/><F41/><N who="3" m="22951" /><G54/><T40/><D55/><U94/><E94/><V95/><F95/><W28/><G28/><N who="0" m="17447" /><D81/><U6/><E6/><V129/><F129/><W46/><G46/><T93/><D93/><U37/><E37/><V26/><F92/><W118/><G118/><T72/><D40/><U57/><E57/><N who="2" m="32935" /><F16/><W15/><G15/><T121/><D121/><U97/><E97/><V131/><F131/><W61/><G61/><T101/><D127/><U79/><E79/><AGARI ba="0,0" hai="8,9,11,79,80,84,102,103,133,134,135" m="22951" machi="79" ten="40,1300,0" yaku="20,1" doraHai="2" who="3" fromWho="1" sc="250,0,250,-13,211,0,289,13" /><INIT seed="2,0,0,5,1,15" ten="250,237,211,302" oya="2" hai0="41,80,98,125,104,82,81,68,112,130,97,128,42" hai1="33,94,126,63,83,62,102,122,118,21,85,58,133" hai2="111,4,79,28,43,45,5,101,88,44,131,26,127" hai3="78,6,96,71,93,31,55,129,48,22,100,99,107"/><V121/><F121/><W117/><G71/><T120/><D68/><U38/><E33/><V114/><F114/><W67/><G117/><T64/><D64/><U8/><E38/><V123/><F123/><W59/><G129/><T11/><D120/><U74/><E74/><V109/><F131/><N who="0" m="50218" /><D104/><U105/><E105/><V108/><F127/><W7/><G78/><T77/><D77/><U106/><E106/><V57/><F101/><W56/><G99/><N who="0" m="37899" /><D11/><U84/><E102/><V20/><F79/><W49/><G107/><T60/><D60/><U37/><E37/><N who="2" m="21615" /><F45/><W34/><G34/><T132/><D112/><U47/><E47/><V87/><F57/><W13/><G48/><T36/><D36/><U39/><E39/><V1/><F1/><W69/><G69/><T3/><D3/><U35/><E122/><V90/><F90/><W51/><G51/><T116/><D125/><U72/><E62/><V91/><F91/><W10/><G67/><T103/><D103/><U9/><E63/><V134/><F134/><W76/><G76/><T2/><D2/><U19/><E126/><V40/><F40/><N who="0" m="15466" /><D116/><U66/><E118/><V92/><AGARI ba="0,0" hai="4,5,20,26,28,87,88,92,108,109,111" m="21615" machi="92" ten="30,6000,0" yaku="14,1,10,1,54,1" doraHai="15" who="2" fromWho="2" sc="250,-20,237,-20,211,60,302,-20" /><INIT seed="2,1,0,2,1,47" ten="230,217,271,282" oya="2" hai0="56,57,28,104,7,67,74,60,91,131,81,113,121" hai1="122,73,29,18,39,82,92,77,0,71,20,118,68" hai2="37,66,4,48,135,25,35,86,26,80,75,76,10" hai3="108,72,42,62,103,117,115,132,8,130,102,45,111"/><V17/><F135/><W51/><G117/><T15/><D104/><U40/><E118/><V98/><F37/><W125/><G72/><T43/><D121/><U84/><E0/><V16/><F66/><W22/><G132/><T94/><D113/><U134/><E134/><V129/><F129/><W34/><G34/><T83/><D74/><U97/><E122/><V78/><F98/><W21/><G130/><T124/><D131/><U65/><E29/><V119/><F119/><W128/><G128/><T87/><D124/><U58/><E39/><V33/><F26/><W106/><G125/><T23/><D43/><U19/><E40/><V6/><F6/><W11/><G115/><T27/><D56/><U120/><E120/><V69/><F69/><W88/><G62/><T123/><D123/><U114/><E73/><V70/><F70/><W64/><G64/><T49/><D49/><U53/><E65/><V96/><F96/><W99/><G103/><T31/><D31/><U93/><E93/><V12/><F48/><W133/><G133/><T100/><D100/><U44/><E44/><V32/><REACH who="2" step="1"/><F25/><REACH who="2" ten="230,217,261,282" step="2"/><W89/><G99/><T1/><D7/><U55/><E114/><V59/><F59/><W30/><G106/><T79/><D57/><U101/><E68/><V52/><F52/><N who="1" m="20041" /><E71/><V61/><F61/><W2/><G51/><T109/><D60/><U85/><E58/><V90/><F90/><W36/><G89/><T112/><D112/><U24/><E85/><V46/><F46/><W63/><G45/><T126/><D87/><U5/><E5/><V105/><F105/><RYUUKYOKU ba="1,1" sc="230,-15,217,15,261,15,282,-15" hai1="18,19,20,24,77,82,84,92,97,101" hai2="4,10,12,16,17,32,33,35,75,76,78,80,86" /><INIT seed="2,2,1,2,4,89" ten="215,232,276,267" oya="2" hai0="68,23,116,50,59,21,112,42,13,73,133,15,36" hai1="60,98,118,86,53,33,127,102,71,70,63,121,54" hai2="91,99,82,107,103,106,96,39,47,40,125,11,81" hai3="80,87,61,18,131,111,78,14,79,74,132,97,135"/><V88/><F125/><W75/><G111/><T134/><D68/><U16/><E33/><V72/><F11/><W24/><G24/><T27/><D73/><N who="3" m="27657" /><G61/><T110/><D36/><U124/><E118/><V2/><F2/><W48/><G48/><T30/><D112/><U123/><E86/><V58/><F58/><W85/><G131/><T1/><D1/><U20/><E54/><V66/><F66/><W129/><G129/><T51/><D110/><U119/><E119/><V9/><F9/><W64/><G135/><T10/><D116/><U101/><E101/><V69/><F69/><N who="1" m="26121" /><E53/><V90/><F72/><W38/><G64/><T41/><D10/><U32/><E32/><V17/><F17/><W3/><G38/><T44/><D59/><U122/><E63/><V49/><F39/><W95/><G3/><T108/><D108/><U113/><E60/><V128/><F128/><W12/><G132/><N who="0" m="50795" /><D23/><U100/><E100/><AGARI ba="2,1" hai="40,47,49,81,82,88,90,91,96,99,100,103,106,107" machi="100" ten="40,3900,0" yaku="9,1,54,1" doraHai="89" who="2" fromWho="1" sc="215,0,232,-45,276,55,267,0" /><INIT seed="2,3,0,4,0,99" ten="215,187,331,267" oya="2" hai0="69,62,131,66,132,6,130,15,107,57,102,71,26" hai1="5,34,7,121,108,126,114,134,58,80,53,56,29" hai2="65,123,125,64,106,27,115,72,81,124,89,82,3" hai3="22,67,44,2,91,18,14,109,35,12,93,116,0"/><V117/><F117/><W105/><G116/><T10/><D26/><U78/><E114/><V79/><F123/><W40/><G105/><T119/><D119/><U38/><E121/><V98/><F115/><W77/><G109/><T28/><D28/><U87/><E38/><V92/><F3/><W95/><G35/><T54/><D132/><U75/><E108/><V21/><F106/><W19/><G77/><T16/><D6/><U32/><E134/><V23/><F82/><W33/><G33/><T94/><D107/><U112/><E112/><V127/><REACH who="2" step="1"/><F21/><REACH who="2" ten="215,187,321,267" step="2"/><W104/><G104/><T25/><D131/><U70/><E32/><V31/><AGARI ba="3,1" hai="23,27,31,64,65,72,79,81,89,92,98,124,125,127" machi="31" ten="30,11700,0" yaku="1,1,2,1,0,1,18,1,53,0" doraHai="99" doraHaiUra="111" who="2" fromWho="2" sc="215,-42,187,-42,321,136,267,-42" /><INIT seed="2,4,0,3,0,3" ten="173,145,457,225" oya="2" hai0="75,60,61,37,126,119,2,74,10,30,47,13,94" hai1="4,79,20,24,6,58,133,84,42,109,85,48,52" hai2="59,17,87,46,11,127,123,43,90,21,70,41,82" hai3="91,97,105,76,54,25,40,63,129,67,88,32,120"/><V99/><F70/><W31/><G120/><T115/><D2/><U112/><E112/><V72/><F127/><W49/><G129/><T53/><D115/><U50/><E109/><V45/><F123/><W101/><G40/><N who="2" m="15433" /><F72/><W73/><G73/><T28/><D126/><U64/><E64/><V26/><F11/><W96/><G76/><T116/><D37/><U65/><E65/><V68/><F68/><N who="3" m="42111" /><G97/><T71/><D71/><U130/><E130/><V39/><F39/><W5/><G5/><N who="1" m="2154" /><E133/><V1/><F1/><W19/><G19/><T16/><D75/><U89/><E79/><N who="2" m="46559" /><F59/><AGARI ba="4,0" hai="25,31,32,49,54,59,88,91,96,101,105" m="42111" machi="59" ten="30,2000,0" yaku="25,1,54,1" doraHai="3" who="3" fromWho="2" sc="173,0,145,0,457,-32,225,32" /><INIT seed="3,0,0,2,5,125" ten="173,145,425,257" oya="3" hai0="72,50,74,1,5,84,93,36,77,48,117,122,85" hai1="53,107,69,18,98,37,41,115,111,71,103,42,10" hai2="38,106,3,46,64,87,135,118,23,60,102,73,112" hai3="33,22,25,134,123,83,80,90,108,21,88,44,131"/><W54/><G123/><T66/><D36/><U130/><E115/><V56/><F73/><W105/><G105/><T94/><D66/><U114/><E114/><V47/><F135/><W116/><G116/><T81/><D117/><U45/><E41/><V16/><F3/><W75/><G33/><T133/><D122/><U89/><E111/><V128/><F38/><W8/><G134/><T20/><D5/><U110/><E110/><V96/><F118/><W2/><G108/><T132/><D1/><U28/><E28/><V15/><F112/><W17/><G75/><T62/><D62/><U91/><E91/><N who="3" m="34858" /><G2/><T63/><D63/><U14/><E130/><V82/><REACH who="2" step="1"/><F128/><REACH who="2" ten="173,145,415,257" step="2"/><W35/><G131/><T51/><D74/><U129/><E129/><V79/><AGARI ba="0,1" hai="15,16,23,46,47,56,60,64,79,82,87,96,102,106" machi="79" ten="20,8000,1" yaku="1,1,2,1,0,1,7,1,54,1,53,0" doraHai="125" doraHaiUra="30" who="2" fromWho="2" sc="173,-20,145,-20,415,90,257,-40" /><INIT seed="4,0,0,5,3,86" ten="153,125,505,217" oya="0" hai0="21,38,54,53,61,68,0,46,28,5,121,109,14" hai1="18,103,47,51,119,37,118,65,132,104,85,130,27" hai2="71,72,17,4,108,58,10,20,64,32,36,105,106" hai3="89,9,24,125,116,70,74,110,15,67,87,48,13"/><T77/><D0/><U102/><E130/><V135/><F32/><W73/><G110/><T90/><D77/><U131/><E131/><V97/><F71/><W6/><G116/><T123/><D109/><U60/><E132/><V2/><F72/><W95/><G125/><T69/><D38/><U12/><E37/><V1/><F1/><W88/><G70/><T50/><D69/><U120/><E120/><V124/><F135/><W91/><G67/><T41/><D54/><U40/><E27/><V133/><F133/><W82/><G73/><T114/><D114/><U113/><E113/><V92/><F36/><W16/><G74/><T52/><D53/><U34/><E34/><V134/><F124/><W63/><G63/><T127/><D127/><U122/><E122/><V84/><F84/><N who="3" m="52615" /><G24/><T49/><D121/><U101/><E104/><V57/><F64/><W56/><G56/><T111/><D123/><U100/><N who="1" m="25600" /><DORA hai="23" /><U59/><REACH who="1" step="1"/><E85/><REACH who="1" ten="153,115,505,217" step="2"/><V78/><F106/><W79/><G48/><T25/><D111/><U94/><E94/><V30/><F92/><W107/><G107/><T33/><D33/><U128/><E128/><V7/><F105/><W11/><AGARI ba="0,1" hai="6,9,11,13,15,16,79,82,87,89,91" m="52615" machi="11" ten="30,12000,2" yaku="8,1,52,3,54,2" doraHai="86,23" who="3" fromWho="3" sc="153,-60,115,-30,505,-30,217,130" /><INIT seed="5,0,0,1,2,117" ten="93,85,475,347" oya="1" hai0="43,109,127,40,42,73,27,31,108,89,12,93,83" hai1="87,88,84,3,96,35,61,74,37,64,90,119,129" hai2="63,79,77,9,14,44,81,132,45,13,26,113,2" hai3="80,124,0,99,98,123,32,78,19,92,114,134,57"/><U69/><E119/><V95/><F132/><W60/><G32/><T97/><D127/><U110/><E74/><V15/><F113/><W11/><G114/><T41/><N who="0" m="10240" /><DORA hai="133" /><T59/><D12/><U34/><E37/><V118/><F118/><W122/><G134/><T4/><D4/><U5/><E129/><V38/><F38/><W1/><G124/><T20/><REACH who="0" step="1"/><D59/><REACH who="0" ten="83,85,475,347" step="2"/><U86/><E110/><V48/><F14/><W24/><G0/><T135/><D135/><U33/><REACH who="1" step="1"/><E96/><REACH who="1" ten="83,75,475,347" step="2"/><V46/><F9/><AGARI ba="0,2" hai="3,5,9,33,34,35,61,64,69,84,86,87,88,90" machi="9" ten="50,9600,0" yaku="1,1,2,1,54,1,53,0" doraHai="117,133" doraHaiUra="115,126" who="1" fromWho="2" sc="83,0,75,116,475,-96,347,0" /><INIT seed="5,1,0,1,5,60" ten="83,191,379,347" oya="1" hai0="74,75,32,82,78,57,46,21,59,134,99,23,34" hai1="2,22,43,79,110,102,87,26,98,31,105,117,5" hai2="55,44,129,132,58,9,123,8,17,114,61,121,45" hai3="62,101,67,133,106,69,95,18,1,118,83,68,33"/><U28/><E117/><V39/><F129/><W6/><G33/><T96/><D82/><U24/><E110/><V112/><F132/><W86/><G133/><T10/><D134/><U85/><E43/><N who="2" m="22655" /><F45/><W16/><G118/><T13/><D46/><U103/><E103/><V135/><F135/><W35/><G35/><T71/><D13/><U89/><E79/><V30/><F30/><W80/><G106/><T73/><D10/><N who="2" m="4202" /><F17/><W7/><G69/><T49/><D74/><U107/><E2/><V42/><F42/><W40/><G40/><T70/><REACH who="0" step="1"/><D49/><REACH who="0" ten="73,191,379,347" step="2"/><U127/><E127/><V125/><F125/><W12/><G1/><T63/><D63/><U14/><E14/><V76/><F76/><AGARI ba="1,1" hai="21,23,32,34,57,59,70,71,73,75,76,78,96,99" machi="76" ten="25,3200,0" yaku="1,1,22,2,53,0" doraHai="60" doraHaiUra="116" who="0" fromWho="2" sc="73,45,191,0,379,-35,347,0" /><INIT seed="6,0,0,4,3,95" ten="118,191,344,347" oya="2" hai0="114,83,118,51,108,14,134,103,85,47,73,23,6" hai1="128,92,25,65,62,45,59,12,99,104,129,28,42" hai2="8,40,120,4,97,26,50,107,37,87,64,27,52" hai3="30,133,2,69,93,53,33,9,41,1,77,109,24"/><V61/><F120/><W126/><G109/><T11/><D73/><U124/><E104/><V43/><F87/><W110/><G110/><T127/><D108/><U3/><E3/><V63/><F107/><W98/><G69/><T131/><D114/><U35/><E124/><V38/><F38/><W71/><G71/><T19/><D127/><U75/><E75/><V57/><F63/><W0/><G126/><T72/><D72/><U89/><REACH who="1" step="1"/><E12/><REACH who="1" ten="118,181,344,347" step="2"/><N who="2" m="5127" /><F37/><AGARI ba="0,1" hai="25,28,35,37,42,45,59,62,65,89,92,99,128,129" machi="37" ten="40,5200,0" yaku="1,1,52,1,53,1" doraHai="95" doraHaiUra="90" who="1" fromWho="2" sc="118,0,181,62,344,-52,347,0" /><INIT seed="7,0,0,2,1,37" ten="118,243,292,347" oya="3" hai0="81,29,98,84,27,106,85,21,38,11,66,14,56" hai1="110,122,15,71,108,77,120,43,94,134,133,93,107" hai2="41,117,30,18,83,126,16,42,39,104,69,90,100" hai3="95,68,62,6,40,116,35,101,125,0,53,115,128"/><W33/><G40/><T36/><D38/><U28/><E71/><V34/><F39/><W70/><G116/><T129/><D36/><U89/><E28/><V96/><F69/><W74/><G74/><T119/><D119/><U50/><E107/><V73/><F117/><W80/><G53/><T8/><D129/><U105/><E105/><V25/><F126/><W44/><G62/><T127/><D127/><U45/><E77/><V3/><F3/><W23/><G95/><T109/><D106/><U103/><E103/><V10/><F10/><W97/><G23/><T72/><D72/><U22/><E93/><V79/><REACH who="2" step="1"/><F90/><REACH who="2" ten="118,243,282,347" step="2"/><W130/><G125/><T64/><D109/><U47/><E110/><V9/><F9/><W123/><G0/><T20/><D98/><N who="1" m="57679" /><E108/><V51/><F51/><W124/><G97/><T67/><D56/><U57/><E57/><V112/><F112/><W131/><G124/><T1/><D1/><U99/><E99/><V102/><F102/><W55/><G115/><T86/><REACH who="0" step="1"/><D81/><REACH who="0" ten="108,243,282,347" step="2"/><U113/><E113/><V7/><F7/><W121/><G68/><T58/><D58/><U82/><E82/><V31/><F31/><W78/><G70/><T54/><D54/><U46/><E120/><N who="3" m="46154" /><G80/><T92/><D92/><U5/><E122/><V26/><F26/><W132/><G131/><T59/><D59/><U12/><E5/><V32/><F32/><W19/><G130/><T4/><D4/><U61/><E61/><V75/><F75/><W114/><G128/><T60/><D60/><U76/><E50/><V48/><F48/><W111/><G6/><RYUUKYOKU ba="0,2" sc="108,15,243,-15,282,15,347,-15" hai0="8,11,14,20,21,27,29,64,66,67,84,85,86" hai2="16,18,25,30,34,41,42,73,79,83,96,100,104" owari="123,-38.0,228,-17.0,297,10.0,352,45.0" /></mjloggm>