<mjloggm ver="2.3"><GO type="169" lobby="0"/><UN n0="%67%6F%6D%75" n1="%E5%81%BD%E5%96%84%E8%80%85%E9%AB%98%E6%A9%8B%E3%81%BF%E3%81%AA%E3%81%BF" n2="%E3%83%A1%E3%82%AB%E3%82%BC%E3%83%83%E3%83%88%E3%83%B3" n3="%E3%83%90%E3%82%A4%E3%82%A2%E3%83%A9%E3%83%B3" dan="16,16,16,16" rate="2040.83,2106.68,2123.28,2111.67" sx="M,F,M,M"/><TAIKYOKU oya="0"/><INIT seed="0,0,0,4,5,57" ten="250,250,250,250" oya="0" hai0="131,105,2,79,118,11,27,6,29,90,130,33,38" hai1="32,20,47,93,120,111,62,46,13,125,42,51,92" hai2="4,50,108,117,30,10,83,124,75,9,135,106,59" hai3="28,78,121,68,43,14,41,128,107,116,85,97,119"/><T84/><D118/><U91/><E120/><V89/><F106/><W67/><G121/><T37/><D105/><U48/><E32/><V0/><F108/><W112/><G112/><T81/><D90/><U123/><E123/><V23/><F135/><W114/><G114/><T60/><D60/><U31/><E125/><V45/><F124/><W87/><G14/><T80/><REACH who="0" step="1"/><D81/><REACH who="0" ten="240,250,250,250" step="2"/><U65/><E91/><V110/><F89/><W61/><G107/><T34/><D34/><U25/><E111/><V69/><F83/><W5/><G119/><T70/><D70/><U82/><E82/><V24/><F69/><W98/><G68/><T103/><D103/><U44/><E62/><V115/><F110/><W122/><G61/><T86/><D86/><U74/><E92/><V63/><F117/><W104/><G104/><T101/><D101/><U17/><E93/><V15/><F115/><W126/><G116/><T26/><D26/><U102/><E102/><V19/><F75/><W52/><G122/><T49/><D49/><U72/><E72/><V35/><F35/><W129/><G126/><T36/><AGARI ba="0,1" hai="2,6,11,27,29,33,36,37,38,79,80,84,130,131" machi="36" ten="40,3900,0" yaku="1,1,0,1,53,0" doraHai="57" doraHaiUra="55" who="0" fromWho="0" sc="240,49,250,-13,250,-13,250,-13" /><INIT seed="0,1,0,1,2,104" ten="289,237,237,237" oya="0" hai0="6,61,27,86,40,120,15,100,34,39,7,31,43" hai1="89,69,25,24,88,58,38,101,56,46,37,59,68" hai2="13,29,133,44,51,35,73,78,90,130,16,92,64" hai3="112,128,125,49,98,91,50,114,62,119,17,79,110"/><T116/><D120/><U22/><E101/><V103/><F103/><W11/><G119/><T21/><D116/><U74/><E46/><V67/><F133/><W94/><G128/><T60/><D100/><U53/><E53/><V106/><F106/><W48/><G125/><T75/><D75/><U129/><E129/><V124/><F124/><W12/><G110/><T14/><D34/><U41/><E41/><N who="0" m="15945" /><D86/><U32/><E32/><V82/><F130/><W102/><G79/><T2/><D2/><U28/><E74/><V113/><F113/><W47/><G47/><T134/><D134/><U105/><E105/><V127/><F127/><W93/><REACH who="3" step="1"/><G62/><REACH who="3" ten="289,237,237,227" step="2"/><N who="0" m="24171" /><D39/><U10/><E38/><V85/><F44/><W96/><AGARI ba="1,1" hai="11,12,17,48,49,50,91,93,94,96,98,102,112,114" machi="96" ten="30,8000,1" yaku="1,1,0,1,53,3" doraHai="104" doraHaiUra="45" who="3" fromWho="3" sc="289,-41,237,-21,237,-21,227,93" /><INIT seed="1,0,0,4,4,7" ten="248,216,216,320" oya="1" hai0="2,0,83,131,106,4,86,27,88,43,119,81,93" hai1="126,16,77,28,102,61,12,48,68,9,103,15,32" hai2="117,37,49,85,41,128,44,30,134,135,115,130,90" hai3="121,109,1,125,60,24,38,19,14,116,96,71,8"/><U84/><E126/><V65/><F30/><W99/><G38/><T50/><D119/><U13/><E32/><V3/><F3/><W17/><G116/><T73/><D106/><U18/><E28/><V35/><F117/><W92/><G121/><T57/><D131/><N who="2" m="50218" /><F35/><W54/><G109/><T75/><D0/><U58/><E68/><V89/><F65/><W11/><G71/><T111/><D111/><U21/><E12/><V23/><F23/><N who="3" m="13439" /><G1/><T70/><D70/><U82/><E48/><V80/><F115/><W122/><G125/><T56/><D27/><U10/><E21/><V64/><F64/><AGARI ba="0,0" hai="9,10,13,15,16,18,58,61,64,77,82,84,102,103" machi="64" ten="30,18000,2" yaku="7,1,9,1,8,1,52,2,54,1" doraHai="7" who="1" fromWho="2" sc="248,0,216,180,216,-180,320,0" /><INIT seed="1,1,0,1,4,134" ten="248,396,36,320" oya="1" hai0="69,78,62,66,114,111,72,93,63,36,91,18,25" hai1="2,48,1,8,102,112,33,80,29,52,51,17,65" hai2="115,96,127,82,68,26,13,99,70,131,110,123,67" hai3="95,49,117,107,3,89,46,37,121,20,104,132,28"/><U86/><E112/><V6/><F115/><W45/><G3/><T22/><D111/><U103/><E65/><V10/><F123/><W14/><G121/><T59/><D114/><U81/><E1/><V0/><F110/><W42/><G132/><T74/><D36/><U128/><E128/><V109/><F109/><W27/><G14/><T129/><D78/><U11/><E2/><V31/><F131/><W15/><G15/><T35/><D35/><U61/><E33/><V50/><F50/><N who="1" m="18985" /><E29/><V73/><F13/><W106/><G117/><T90/><D90/><N who="1" m="51527" /><E81/><V41/><F41/><W56/><G56/><T118/><D118/><U87/><E87/><V16/><F16/><W124/><G45/><T19/><D19/><U125/><E17/><V130/><F130/><W30/><G30/><T92/><D92/><U79/><E79/><V54/><F70/><W71/><G37/><T4/><D4/><U85/><E85/><V120/><F120/><W12/><G71/><T57/><D69/><U47/><E47/><V98/><F68/><W53/><G42/><T21/><D129/><U100/><E125/><V34/><F67/><W60/><G12/><T135/><D135/><U97/><E97/><V105/><F54/><W7/><G7/><T94/><D94/><U113/><E113/><V58/><F58/><AGARI ba="1,0" hai="8,11,52,58,61,100,102,103" m="51527,18985" machi="58" ten="30,2900,0" yaku="8,1,54,1" doraHai="134" who="1" fromWho="2" sc="248,0,396,32,36,-32,320,0" /><INIT seed="1,2,0,3,3,39" ten="248,428,4,320" oya="1" hai0="55,12,89,107,104,96,109,26,80,11,70,56,53" hai1="91,13,90,78,134,24,0,66,105,33,76,7,111" hai2="35,4,71,68,52,124,9,51,116,34,125,8,36" hai3="48,132,2,46,127,122,83,114,92,133,94,87,72"/><U1/><E105/><V16/><F36/><W54/><G122/><T18/><D70/><N who="2" m="26666" /><F116/><W10/><G127/><N who="2" m="48713" /><F4/><N who="3" m="1303" /><G114/><T86/><D109/><U63/><E111/><V100/><F100/><W97/><G97/><T77/><D53/><U29/><E134/><N who="3" m="51818" /><G72/><T102/><D26/><U49/><E13/><N who="2" m="7215" /><F8/><W128/><G128/><T82/><D107/><U60/><E7/><V62/><F62/><W5/><G5/><T19/><D19/><U113/><E63/><V58/><AGARI ba="2,0" hai="34,35,51,52,58" m="7215,48713,26666" machi="58" ten="30,4000,0" yaku="18,1,54,2" doraHai="39" who="2" fromWho="2" sc="248,-12,428,-22,4,46,320,-12" /><INIT seed="2,0,0,5,3,129" ten="236,406,50,308" oya="2" hai0="24,125,13,31,26,126,45,96,67,103,135,62,3" hai1="113,109,33,4,110,14,93,21,80,78,131,51,44" hai2="30,73,66,85,111,15,58,41,59,91,115,108,127" hai3="18,65,112,106,95,94,2,79,5,72,22,77,130"/><V16/><F73/><W27/><G106/><T104/><D3/><U89/><E113/><V75/><F75/><W56/><G130/><T48/><D13/><U122/><E131/><V121/><F115/><W38/><G38/><T6/><D6/><U63/><E33/><V34/><F121/><W37/><G37/><T107/><D107/><U25/><E122/><V128/><F128/><W92/><G72/><T36/><D36/><U90/><E63/><V42/><F127/><W82/><G2/><T54/><D135/><U87/><E4/><V53/><F66/><W32/><G32/><T99/><D99/><U40/><E14/><V114/><F114/><W81/><G5/><T17/><D17/><U8/><E8/><N who="2" m="6247" /><F30/><W10/><G10/><T105/><D105/><U118/><E118/><V86/><F34/><W47/><G47/><T46/><D46/><U12/><E12/><V117/><F117/><W98/><G98/><T19/><D19/><N who="1" m="12479" /><E93/><N who="2" m="54511" /><F86/><W39/><G39/><T64/><D64/><U69/><E69/><V132/><F132/><W84/><G112/><T61/><D126/><U28/><E28/><V83/><F83/><N who="3" m="31755" /><G84/><T9/><D125/><U97/><E97/><V23/><F23/><W0/><G0/><T29/><D9/><U134/><E134/><V100/><F100/><W88/><G88/><T7/><D7/><U1/><E1/><V49/><F59/><W55/><G65/><T50/><D103/><U68/><E68/><V11/><F11/><W70/><G70/><T35/><D104/><U76/><E90/><V74/><F74/><W43/><G56/><RYUUKYOKU ba="0,0" sc="236,-15,406,15,50,15,308,-15" hai1="40,44,51,76,78,80,87,89,109,110" hai2="41,42,49,53,58,108,111" /><INIT seed="2,1,0,1,3,50" ten="221,421,65,293" oya="2" hai0="60,124,66,122,104,1,11,102,64,96,117,128,34" hai1="22,127,134,98,16,86,27,25,118,68,44,62,13" hai2="14,23,77,75,54,58,74,19,95,33,51,55,105" hai3="72,114,131,9,52,78,15,61,36,30,28,108,81"/><V47/><F105/><W107/><G107/><T111/><D117/><U65/><E118/><V45/><F33/><W57/><G36/><T116/><D116/><U115/><E115/><V48/><F77/><W76/><G114/><T4/><D122/><U84/><E127/><V82/><F82/><W24/><G131/><T40/><D124/><U99/><E134/><V120/><F120/><W130/><G130/><T59/><D111/><U10/><E27/><V119/><F119/><W49/><G108/><T112/><D128/><U37/><E84/><V29/><F29/><W110/><G110/><T7/><D112/><U113/><E113/><V43/><REACH who="2" step="1"/><F95/><REACH who="2" ten="221,421,55,293" step="2"/><W8/><G78/><T31/><D34/><U129/><E129/><V0/><F0/><W6/><G28/><T93/><D31/><U135/><E135/><V20/><F20/><W26/><G30/><T35/><D35/><U88/><E22/><V100/><F100/><W85/><G72/><T121/><D93/><U41/><E25/><V91/><F91/><W89/><G89/><T109/><D109/><U94/><AGARI ba="1,1" hai="10,13,16,37,41,44,62,65,68,86,88,94,98,99" machi="94" ten="20,5200,0" yaku="0,1,7,1,54,2" doraHai="50" who="1" fromWho="1" sc="221,-14,421,65,55,-27,293,-14" /><INIT seed="3,0,0,4,1,4" ten="207,486,28,279" oya="3" hai0="52,87,12,58,108,115,91,129,32,72,120,17,13" hai1="55,82,79,9,24,37,49,29,45,51,88,53,116" hai2="21,85,110,46,26,28,41,47,63,124,84,96,83" hai3="100,126,38,18,93,71,8,61,67,123,69,117,128"/><W10/><G117/><T97/><D120/><U111/><E111/><V102/><F110/><W50/><G123/><T114/><D108/><U130/><E130/><V60/><F124/><W5/><G38/><T23/><D129/><U119/><E37/><V62/><F41/><W59/><G128/><T40/><D32/><U25/><E88/><V33/><F33/><W1/><G126/><T15/><D72/><U39/><E39/><V81/><F81/><W122/><G122/><T36/><D97/><U30/><E9/><V99/><F85/><W106/><G106/><T103/><D103/><U75/><E29/><V86/><F86/><W34/><G34/><T90/><D90/><U132/><E132/><V109/><F109/><W118/><G118/><N who="1" m="45098" /><E30/><V65/><F65/><W16/><G50/><T43/><D43/><U7/><E7/><V2/><F2/><W27/><G27/><T76/><D76/><U73/><E73/><V112/><F112/><N who="0" m="43050" /><D40/><U68/><E68/><V0/><F0/><W44/><G71/><T11/><D23/><U42/><E42/><V31/><F31/><W113/><G69/><T92/><D36/><U125/><E125/><V19/><F28/><W133/><G113/><T35/><D35/><U135/><E135/><V107/><REACH who="2" step="1"/><F99/><REACH who="2" ten="207,486,18,279" step="2"/><W101/><G133/><T98/><D98/><U78/><E78/><AGARI ba="0,1" hai="19,21,26,46,47,60,62,63,78,83,84,96,102,107" machi="78" ten="40,2600,0" yaku="1,1,2,1,53,0" doraHai="4" doraHaiUra="64" who="2" fromWho="1" sc="207,0,486,-26,18,36,279,0" /><INIT seed="4,0,0,5,2,106" ten="207,460,54,279" oya="0" hai0="95,63,127,90,58,134,61,51,93,40,85,103,122" hai1="25,77,41,99,64,69,39,83,35,13,27,37,113" hai2="42,92,129,115,6,114,78,8,75,18,44,119,53" hai3="79,60,14,118,111,50,123,59,23,128,3,48,49"/><T68/><D122/><U76/><E76/><V10/><F53/><W0/><G111/><T97/><D127/><U94/><E13/><V34/><F34/><W86/><G123/><T12/><D134/><U45/><E37/><N who="2" m="21583" /><F129/><W107/><G118/><T30/><D68/><U104/><E104/><V19/><F92/><W52/><G107/><T20/><D40/><U116/><E116/><V100/><F100/><W105/><G105/><T67/><D63/><U109/><E109/><V117/><F10/><W46/><G128/><T82/><D51/><U57/><E69/><V4/><F19/><N who="3" m="10743" /><G3/><T120/><D120/><U130/><E130/><V38/><F18/><W74/><G74/><T47/><D47/><U96/><E35/><V121/><F38/><W81/><G0/><T102/><D102/><U126/><E126/><V5/><F121/><W56/><G56/><T24/><REACH who="0" step="1"/><D12/><REACH who="0" ten="197,460,54,279" step="2"/><U125/><E125/><V54/><F54/><AGARI ba="0,1" hai="46,48,49,50,52,54,59,60,79,81,86" m="10743" machi="54" ten="30,2000,0" yaku="8,1,54,1" doraHai="106" who="3" fromWho="2" sc="197,0,460,0,54,-20,279,30" /><INIT seed="5,0,0,5,4,45" ten="197,460,34,309" oya="1" hai0="64,4,20,98,73,17,50,26,118,81,61,78,87" hai1="105,58,30,53,74,108,40,38,93,111,106,10,8" hai2="1,129,134,124,56,86,107,16,29,76,27,91,71" hai3="88,116,121,85,36,96,82,37,123,120,9,51,126"/><U69/><E69/><V127/><F71/><W95/><G126/><N who="2" m="48169" /><F1/><W46/><G116/><T132/><D132/><U113/><E74/><V125/><N who="2" m="48177" /><V67/><DORA hai="128" /><F107/><N who="1" m="40969" /><E30/><V18/><F129/><W7/><G7/><T41/><D118/><U72/><E72/><V102/><F102/><W33/><G33/><T3/><D98/><U115/><E93/><N who="2" m="54519" /><F76/><W62/><G62/><T6/><D73/><U75/><E75/><V34/><F134/><W12/><G12/><T23/><D3/><U130/><E130/><V119/><F119/><W5/><G9/><N who="1" m="3690" /><E38/><V90/><F90/><W122/><N who="3" m="30720" /><DORA hai="77" /><W65/><G5/><T59/><REACH who="0" step="1"/><D23/><REACH who="0" ten="187,460,34,309" step="2"/><U55/><E108/><V14/><F14/><W0/><G0/><T60/><D60/><AGARI ba="0,1" hai="16,18,27,29,34,56,60,67" m="54519,48177" machi="60" ten="40,2600,0" yaku="18,1,54,1" doraHai="45,128,77" who="2" fromWho="0" sc="187,-26,460,0,34,36,309,0" /><INIT seed="6,0,0,4,4,37" ten="161,460,70,309" oya="2" hai0="103,75,73,17,132,85,82,33,25,63,113,68,12" hai1="114,117,40,29,5,81,110,99,19,90,38,51,50" hai2="94,65,108,98,53,118,67,1,55,57,111,97,23" hai3="106,2,135,62,30,3,130,48,64,115,34,24,8"/><V83/><F1/><W101/><G135/><T61/><D132/><U7/><E110/><N who="2" m="42027" /><F118/><W4/><G130/><T26/><D113/><U74/><E117/><V77/><F23/><W80/><G80/><T46/><D103/><U59/><E114/><V70/><F70/><N who="3" m="42263" /><G48/><T69/><D33/><U93/><E29/><V10/><F10/><W42/><G42/><T79/><D75/><U60/><E38/><V76/><F76/><W107/><G115/><T22/><D73/><U49/><E40/><V66/><F94/><W15/><G107/><T18/><D46/><U134/><E134/><V32/><F32/><W58/><G58/><T84/><D84/><N who="1" m="50447" /><E74/><N who="2" m="43447" /><F53/><W44/><G3/><T112/><D112/><U43/><E43/><V89/><F89/><W31/><G2/><T119/><D119/><U16/><E5/><V87/><F87/><W28/><G28/><T71/><REACH who="0" step="1"/><D26/><REACH who="0" ten="151,460,70,309" step="2"/><U96/><E96/><V116/><F116/><W27/><G27/><T78/><D78/><U121/><E99/><V125/><F125/><W14/><G24/><T126/><D126/><U54/><E93/><V100/><F100/><W128/><G101/><T123/><D123/><U9/><E121/><V92/><F92/><W47/><G34/><T88/><D88/><U20/><E20/><AGARI ba="0,1" hai="12,17,18,20,22,25,61,63,68,69,71,79,82,85" machi="20" ten="40,2600,0" yaku="1,1,53,1" doraHai="37" doraHaiUra="11" who="0" fromWho="1" sc="151,36,460,-26,70,0,309,0" /><INIT seed="7,0,0,1,3,90" ten="187,434,70,309" oya="3" hai0="89,1,117,119,94,27,51,96,99,70,111,56,132" hai1="106,65,112,52,116,35,31,133,76,34,48,62,21" hai2="3,53,80,26,43,11,103,101,17,33,97,10,64" hai3="102,82,44,47,124,135,115,20,123,2,37,78,23"/><W128/><G2/><T41/><D70/><U118/><E106/><V104/><F101/><W38/><G102/><T129/><D1/><U6/><E112/><V46/><F64/><W113/><G82/><T9/><D129/><U98/><E133/><V49/><F33/><W125/><G78/><T95/><D111/><U120/><E120/><V45/><F3/><W18/><G18/><T39/><D39/><U16/><E6/><V93/><F104/><W72/><G135/><T61/><D132/><U66/><E76/><V14/><F26/><W15/><G15/><T28/><D9/><U110/><E110/><V87/><F10/><W36/><G72/><T7/><D7/><U108/><E108/><V126/><F126/><N who="3" m="48747" /><G128/><T130/><D130/><U69/><E66/><V25/><F25/><W74/><G74/><T58/><D51/><U32/><E98/><V83/><F83/><W92/><G92/><T127/><D41/><U59/><E31/><V109/><F109/><W79/><G79/><T122/><D122/><U81/><E81/><V29/><F29/><W86/><G86/><T13/><D127/><U55/><E55/><V24/><F24/><W40/><G40/><T71/><D71/><U12/><AGARI ba="0,0" hai="12,16,21,32,34,35,48,52,59,62,65,69,116,118" machi="12" ten="40,5200,0" yaku="0,1,54,2" doraHai="90" who="1" fromWho="1" sc="187,-13,434,52,70,-13,309,-26" owari="174,-23.0,486,59.0,57,-44.0,283,8.0" /></mjloggm>