<mjloggm ver="2.3"><GO type="169" lobby="0"/><UN n0="%E3%83%98%E3%82%AF%E3%82%B5%E3%83%BC" n1="%E3%83%99%E3%82%BF%E3%82%AA%E3%83%AA%E3%83%BC%E3%83%81%EF%BC%81" n2="%E3%83%94%E3%83%A7%E3%83%B3%E5%90%89" n3="%68%61%6D%6F%6E" dan="16,16,17,17" rate="2101.41,2086.33,2120.91,2122.47" sx="M,M,F,M"/><TAIKYOKU oya="0"/><INIT seed="0,0,0,4,4,50" ten="250,250,250,250" oya="0" hai0="48,19,5,135,18,58,82,15,67,134,113,116,133" hai1="47,53,33,7,99,8,60,76,1,102,130,45,46" hai2="40,126,121,12,63,93,0,83,51,31,96,88,35" hai3="23,49,3,20,68,85,36,34,127,114,112,90,131"/><T71/><D116/><U70/><E130/><V109/><F0/><W111/><G36/><T61/><D113/><U21/><E33/><V91/><F121/><W27/><G68/><T106/><D106/><U105/><E76/><V4/><F109/><W17/><G3/><T38/><D38/><U122/><E122/><V37/><F37/><W119/><G119/><T104/><D104/><U84/><E84/><N who="2" m="50207" /><F35/><W78/><G34/><T69/><D5/><U73/><E73/><V59/><F31/><W129/><G111/><T16/><D82/><U26/><E70/><N who="0" m="26633" /><D48/><U65/><E65/><V124/><F12/><AGARI ba="0,0" hai="12,15,16,18,19,58,61,67,133,134,135" m="26633" machi="12" ten="40,3900,0" yaku="20,1,54,1" doraHai="50" who="0" fromWho="2" sc="250,39,250,0,250,-39,250,0" /><INIT seed="0,1,0,4,1,126" ten="289,250,211,250" oya="0" hai0="45,118,129,87,99,8,50,44,55,25,123,127,17" hai1="64,105,62,94,18,28,69,58,108,9,66,75,60" hai2="37,77,23,29,79,30,48,1,39,42,104,57,119" hai3="19,124,47,80,51,85,116,125,54,100,26,107,59"/><T86/><D123/><U97/><E108/><V114/><F1/><W101/><G116/><T115/><D118/><U120/><E120/><V16/><F104/><W81/><G81/><T112/><D127/><N who="3" m="48713" /><G107/><T96/><D25/><U76/><E105/><V56/><F119/><W135/><G135/><T67/><D67/><U22/><E28/><N who="2" m="10859" /><F39/><W111/><G111/><T103/><D8/><U0/><E75/><V72/><F37/><W35/><G47/><T93/><D17/><U65/><E76/><V13/><F72/><W3/><G3/><T14/><D14/><U92/><E66/><V131/><F114/><W41/><G41/><T109/><D109/><U34/><E34/><V117/><F117/><W43/><G43/><T49/><D93/><U84/><E84/><V6/><F6/><W61/><G61/><T4/><D4/><U31/><E31/><V89/><F89/><N who="3" m="51367" /><G35/><T91/><D91/><U90/><E92/><V52/><F42/><W10/><G26/><T7/><D7/><U63/><E63/><N who="2" m="36231" /><F131/><W53/><G54/><AGARI ba="1,0" hai="13,16,23,48,54,57,77,79" m="36231,10859" machi="54" ten="30,3900,0" yaku="8,1,54,2" doraHai="126" who="2" fromWho="3" sc="289,0,250,0,211,42,250,-42" /><INIT seed="1,0,0,4,4,6" ten="289,250,253,208" oya="1" hai0="64,104,62,70,100,23,51,89,125,117,129,21,94" hai1="83,128,78,93,130,35,58,97,127,105,76,88,30" hai2="101,103,115,124,119,47,43,131,37,90,106,134,122" hai3="52,80,59,135,29,27,48,69,12,38,26,54,91"/><U46/><E35/><V8/><F119/><W121/><G69/><T65/><D117/><U114/><E30/><V92/><F122/><W81/><G38/><T71/><D129/><N who="1" m="49771" /><E46/><V41/><F41/><W75/><G121/><T133/><D125/><U56/><E114/><V98/><F124/><W50/><G135/><T44/><D133/><U9/><E127/><V118/><F118/><W4/><G75/><T61/><D100/><N who="1" m="62607" /><E78/><V24/><F134/><W74/><G29/><T116/><D104/><U66/><E66/><V3/><F115/><W40/><G40/><T67/><D67/><U55/><E55/><V95/><F131/><W60/><G54/><T45/><D45/><U10/><E58/><V22/><F106/><W19/><G52/><T123/><D123/><U68/><E68/><V17/><REACH who="2" step="1"/><F95/><REACH who="2" ten="289,250,243,208" step="2"/><W15/><G50/><T1/><D116/><U73/><E56/><V7/><AGARI ba="0,1" hai="3,7,8,17,22,24,37,43,47,90,92,98,101,103" machi="7" ten="30,7900,0" yaku="1,1,2,1,0,1,52,1,53,0" doraHai="6" doraHaiUra="113" who="2" fromWho="2" sc="289,-20,250,-39,243,89,208,-20" /><INIT seed="2,0,0,0,1,40" ten="269,211,332,188" oya="2" hai0="127,43,65,91,16,27,92,62,95,3,70,29,117" hai1="90,38,19,41,72,108,94,134,68,93,36,118,5" hai2="83,7,103,2,78,74,13,85,124,122,45,76,25" hai3="112,71,14,1,49,58,131,50,120,87,10,39,37"/><V59/><F2/><W69/><G1/><T54/><D3/><U82/><E118/><V116/><F116/><W9/><G120/><T15/><D117/><U17/><E108/><V31/><F122/><W52/><G131/><T109/><D109/><U96/><E134/><V44/><F103/><W33/><G33/><T55/><D43/><U0/><E68/><V100/><F100/><W98/><G112/><T67/><D127/><U99/><E36/><V133/><F133/><W86/><G98/><T132/><D67/><U48/><E38/><V21/><F124/><W56/><G14/><T24/><D95/><U23/><E23/><V42/><F42/><W126/><G126/><T8/><D132/><U60/><E60/><V111/><F111/><W11/><G11/><T61/><D61/><U104/><E104/><V34/><F34/><W22/><REACH who="3" step="1"/><G52/><REACH who="3" ten="269,211,332,178" step="2"/><T51/><D54/><U89/><E48/><V97/><F97/><W64/><G64/><T79/><D51/><U81/><E41/><V63/><F13/><W125/><G125/><T102/><D55/><U101/><E101/><V46/><F7/><W130/><G130/><T107/><D102/><U84/><E0/><V18/><F63/><W66/><G66/><T28/><D107/><U4/><REACH who="1" step="1"/><E72/><REACH who="1" ten="269,201,332,178" step="2"/><V77/><F74/><W32/><G32/><T20/><D70/><U30/><E30/><V75/><F75/><W135/><G135/><T129/><D29/><U26/><E26/><V80/><F31/><W113/><G113/><T12/><D129/><U115/><E115/><V35/><F25/><W105/><G105/><RYUUKYOKU ba="0,2" sc="269,-15,201,15,332,-15,178,15" hai1="4,5,17,19,81,82,84,89,90,93,94,96,99" hai3="9,10,22,37,39,49,50,56,58,69,71,86,87" /><INIT seed="3,1,2,5,2,5" ten="254,216,317,193" oya="3" hai0="33,29,80,48,1,115,30,22,104,9,76,62,93" hai1="23,78,90,35,75,117,131,130,84,14,16,72,73" hai2="63,4,10,110,18,59,92,37,95,36,2,134,65" hai3="6,38,44,135,122,25,39,53,67,118,91,89,41"/><W127/><G122/><T42/><D104/><U103/><E35/><V105/><F105/><W71/><G118/><T7/><D115/><U133/><E117/><V101/><F110/><W116/><G116/><T19/><D33/><U34/><E34/><V77/><F134/><W46/><G135/><T31/><D62/><U86/><E103/><V43/><F77/><W21/><G127/><T112/><D112/><U114/><E133/><V107/><F18/><W17/><G6/><T64/><D64/><U113/><E84/><V111/><F111/><W49/><REACH who="3" step="1"/><G39/><REACH who="3" ten="254,216,317,183" step="2"/><T15/><D93/><N who="1" m="54487" /><E114/><V32/><F37/><W50/><G50/><T98/><D98/><U120/><E113/><V132/><F132/><W109/><G109/><T102/><D102/><U108/><E120/><V61/><F107/><W40/><G40/><T27/><D42/><U74/><E108/><V12/><F95/><W0/><G0/><T13/><REACH who="0" step="1"/><D48/><REACH who="0" ten="244,216,317,183" step="2"/><U94/><E94/><V119/><F92/><W8/><G8/><T51/><D51/><U88/><E130/><V20/><F119/><W70/><G70/><T58/><D58/><U24/><E131/><V47/><F101/><W56/><G56/><T126/><D126/><U125/><E125/><V82/><F59/><W97/><G97/><T85/><AGARI ba="1,4" hai="1,7,9,13,15,19,22,27,29,30,31,76,80,85" machi="85" ten="30,4000,0" yaku="1,1,0,1,52,1,53,0" doraHai="5" doraHaiUra="28" who="0" fromWho="0" sc="244,83,216,-11,317,-11,183,-21" /><INIT seed="4,0,0,0,5,13" ten="327,205,306,162" oya="0" hai0="16,27,55,130,41,87,46,80,23,122,7,121,108" hai1="1,44,20,96,50,123,54,32,68,126,107,6,124" hai2="8,120,62,85,75,78,59,10,116,30,127,12,112" hai3="17,36,91,125,109,25,0,111,82,48,79,86,47"/><T31/><D130/><U84/><E32/><V92/><F120/><W101/><G0/><T5/><D108/><U132/><E123/><V81/><F127/><N who="1" m="48681" /><E68/><V61/><F112/><W49/><G125/><T28/><D122/><U133/><E84/><V65/><F116/><W67/><G36/><T60/><D121/><U3/><E6/><N who="0" m="2057" /><D41/><U42/><E107/><V73/><F30/><W53/><G101/><T43/><D43/><U52/><E96/><V21/><F62/><W39/><G39/><T98/><D98/><U9/><E9/><V72/><REACH who="2" step="1"/><F92/><REACH who="2" ten="327,205,296,162" step="2"/><W118/><G118/><T15/><D60/><U110/><E110/><V2/><F2/><W104/><G111/><T51/><D27/><U106/><E1/><V64/><F64/><W66/><G66/><T115/><D115/><U134/><E3/><V34/><F34/><W129/><G67/><T57/><D28/><U100/><E133/><V135/><F135/><W119/><G25/><T83/><D31/><U58/><E134/><V70/><F70/><W56/><G109/><T11/><D80/><U114/><E132/><V105/><F105/><W19/><G104/><T22/><D57/><U113/><E114/><V14/><F14/><W93/><G119/><T102/><D102/><U88/><E100/><V89/><F89/><AGARI ba="0,1" hai="11,15,16,22,23,46,51,55,83,87,89" m="2057" machi="89" ten="30,11600,0" yaku="25,1,8,1,52,1,54,1" doraHai="13" who="0" fromWho="2" sc="327,126,205,0,296,-116,162,0" /><INIT seed="4,1,0,1,1,109" ten="453,205,180,162" oya="0" hai0="108,94,2,86,48,121,24,114,122,92,128,53,73" hai1="97,76,96,51,102,103,1,45,81,106,85,115,3" hai2="132,70,41,93,89,36,72,113,105,26,63,77,101" hai3="120,50,15,22,43,28,10,54,17,80,123,133,31"/><T0/><D73/><U59/><E59/><V58/><F70/><W84/><G133/><T127/><D127/><U7/><E7/><V134/><F41/><W98/><G43/><T35/><D128/><U130/><E130/><V83/><F36/><W90/><G98/><T99/><D35/><U79/><E79/><V124/><F26/><W60/><G60/><T66/><D66/><U32/><E32/><V29/><F29/><W68/><G68/><T131/><D131/><U20/><E20/><V18/><F18/><W16/><G123/><T55/><D24/><U13/><E13/><V23/><F23/><W100/><G100/><T8/><D108/><U37/><E37/><V11/><F11/><W38/><G38/><T117/><D86/><U125/><E125/><V21/><F21/><W5/><G120/><T25/><D25/><U69/><E69/><V67/><F124/><W110/><G110/><T135/><D99/><U57/><E57/><V104/><F101/><W27/><REACH who="3" step="1"/><G31/><REACH who="3" ten="453,205,180,152" step="2"/><T49/><D135/><N who="2" m="51754" /><F104/><W119/><G119/><T74/><D117/><U14/><E103/><V46/><F105/><W40/><G40/><T12/><D121/><U111/><E111/><V47/><F63/><W4/><G4/><T82/><D122/><U65/><E97/><V118/><F118/><W62/><G62/><T64/><D64/><U19/><E65/><V78/><F67/><W87/><G87/><T61/><D61/><U6/><E6/><V9/><F72/><W71/><G71/><T88/><D74/><U116/><E116/><V56/><F83/><W34/><G34/><RYUUKYOKU ba="1,1" sc="453,-10,205,-10,180,-10,152,30" hai3="5,10,15,16,17,22,27,28,50,54,80,84,90" /><INIT seed="5,2,1,1,5,15" ten="443,195,170,182" oya="1" hai0="33,98,121,134,120,87,64,7,62,30,126,109,61" hai1="81,24,53,59,100,16,22,84,34,116,99,51,26" hai2="88,110,70,83,42,27,103,6,4,57,105,66,55" hai3="106,13,12,69,44,113,131,115,97,71,0,75,127"/><U102/><E116/><V117/><F110/><W45/><G0/><T40/><D109/><U76/><E34/><V36/><F117/><W2/><G2/><T20/><D33/><U35/><REACH who="1" step="1"/><E99/><REACH who="1" ten="443,185,170,182" step="2"/><V14/><F36/><W125/><G97/><T80/><D98/><U28/><AGARI ba="2,2" hai="16,22,24,26,28,35,51,53,59,76,81,84,100,102" machi="28" ten="30,12000,1" yaku="1,1,2,1,0,1,52,1,54,1,53,0" doraHai="15" doraHaiUra="128" who="1" fromWho="1" sc="443,-42,185,146,170,-42,182,-42" /><INIT seed="5,3,0,3,3,70" ten="401,331,128,140" oya="1" hai0="8,63,76,71,13,55,102,84,2,44,33,53,85" hai1="78,72,29,32,12,103,121,19,34,7,73,97,94" hai2="118,80,50,4,120,82,48,28,126,112,18,25,67" hai3="92,66,49,81,30,26,74,0,115,87,41,62,95"/><U14/><E121/><V56/><F118/><W22/><G0/><T43/><D33/><U128/><E128/><V123/><F126/><W11/><G115/><T54/><D2/><U68/><E68/><V23/><F4/><W46/><G74/><T52/><D102/><U15/><E7/><V106/><F106/><W83/><G11/><T107/><D107/><U99/><E78/><V57/><F112/><W116/><G116/><T5/><D71/><U111/><E111/><V135/><F135/><W21/><G21/><T101/><D101/><U134/><E134/><V132/><F132/><W64/><G83/><N who="2" m="31785" /><F123/><W1/><G1/><T125/><D76/><U69/><E69/><V75/><F75/><W59/><REACH who="3" step="1"/><G66/><REACH who="3" ten="401,331,128,130" step="2"/><T17/><D125/><U39/><E73/><V20/><F120/><W9/><G9/><T10/><D8/><U104/><E72/><V45/><F67/><W79/><AGARI ba="3,1" hai="22,26,30,41,46,49,59,62,64,79,81,87,92,95" machi="79" ten="20,5200,0" yaku="1,1,0,1,7,1,8,1,53,0" doraHai="70" doraHaiUra="31" who="3" fromWho="3" sc="401,-16,331,-29,128,-16,130,71" /><INIT seed="6,0,0,2,3,0" ten="385,302,112,201" oya="2" hai0="111,10,21,131,49,39,130,117,27,16,79,60,63" hai1="14,4,134,133,47,120,85,115,123,11,113,96,29" hai2="101,30,34,99,73,135,105,102,84,103,9,93,71" hai3="92,20,104,23,69,89,100,13,48,36,28,37,119"/><V51/><F71/><W18/><G119/><T129/><D39/><U53/><E47/><V32/><F73/><W68/><G37/><T59/><D111/><U91/><E53/><V52/><F135/><N who="1" m="51721" /><E91/><V74/><F74/><W78/><G36/><T57/><D117/><U67/><E67/><V97/><F102/><W61/><G78/><T24/><D79/><U62/><E62/><N who="0" m="23593" /><D49/><U94/><E94/><V106/><F9/><W15/><G100/><T66/><D66/><U58/><E58/><N who="0" m="22025" /><D10/><N who="1" m="4423" /><E85/><V54/><F30/><W70/><G104/><T98/><D27/><U127/><E96/><AGARI ba="0,0" hai="16,21,24,96,98,129,130,131" m="22025,23593" machi="96" ten="40,2600,0" yaku="19,1,54,1" doraHai="0" who="0" fromWho="1" sc="385,26,302,-26,112,0,201,0" /><INIT seed="7,0,0,3,0,68" ten="411,276,112,201" oya="3" hai0="56,18,58,31,105,132,35,44,61,54,28,38,115" hai1="100,30,90,124,8,43,111,67,123,96,36,65,113" hai2="40,15,29,19,0,127,112,5,48,2,11,83,73" hai3="135,86,79,75,32,110,64,98,102,72,76,77,92"/><W20/><G32/><T91/><D105/><U88/><E123/><V27/><F112/><W49/><G64/><T71/><D35/><U47/><E111/><V42/><F127/><W101/><G20/><T60/><D71/><U107/><E113/><V130/><F130/><W82/><G49/><T9/><D132/><U128/><E124/><V17/><F48/><W69/><G69/><T108/><D108/><U59/><E128/><V57/><F57/><W53/><G53/><T119/><D119/><U10/><E30/><V33/><F42/><W84/><G135/><T85/><D115/><U95/><E90/><V70/><F40/><W109/><G102/><T117/><D117/><U34/><E34/><V7/><F83/><N who="3" m="47231" /><G77/><T118/><D118/><U39/><E67/><V121/><F73/><AGARI ba="0,0" hai="72,73,75,76,82,86,92,98,101,109,110" m="47231" machi="73" ten="30,2900,0" yaku="34,2" doraHai="68" who="3" fromWho="2" sc="411,0,276,0,112,-29,201,29" /><INIT seed="7,1,0,1,1,127" ten="411,276,83,230" oya="3" hai0="8,65,77,97,12,132,121,23,67,79,54,44,133" hai1="119,5,47,28,88,39,9,75,31,120,87,60,11" hai2="116,129,16,110,84,107,115,74,18,1,71,40,2" hai3="6,126,63,106,0,131,64,91,50,112,94,108,130"/><W117/><G106/><T51/><D121/><U53/><E120/><V86/><F40/><W59/><G117/><T55/><D97/><U34/><E75/><V38/><F107/><W125/><G112/><T85/><D23/><U62/><E119/><V124/><F116/><W52/><G108/><T35/><D35/><U105/><E105/><V73/><F115/><W100/><G100/><T29/><D29/><N who="1" m="11339" /><E39/><V26/><F124/><N who="3" m="47723" /><G6/><T70/><D55/><U32/><E32/><V78/><F38/><W104/><G0/><T3/><D3/><U96/><E34/><V113/><F113/><W102/><G102/><T89/><D70/><U135/><E96/><V134/><F71/><N who="3" m="42399" /><G104/><T76/><D132/><U109/><E109/><V46/><F110/><W90/><G90/><T27/><D27/><U98/><E98/><AGARI ba="1,0" hai="50,52,59,91,94,98,130,131" m="42399,47723" machi="98" ten="30,11600,0" yaku="18,1,52,2,54,1" doraHai="127" who="3" fromWho="1" sc="411,0,276,-119,83,0,230,119" /><INIT seed="7,2,0,2,4,78" ten="411,157,83,349" oya="3" hai0="41,98,7,109,13,90,100,60,93,29,43,75,53" hai1="51,25,74,84,86,71,105,67,54,88,103,87,66" hai2="122,121,76,77,2,4,5,114,104,115,0,120,22" hai3="26,132,129,47,1,81,48,64,72,34,133,27,63"/><W65/><G1/><N who="2" m="617" /><F104/><W19/><G129/><T131/><D109/><U117/><E74/><V127/><F127/><W55/><G65/><N who="1" m="24586" /><E105/><V12/><F77/><N who="3" m="44199" /><G19/><T83/><D29/><U15/><E117/><V130/><F76/><W80/><G34/><T37/><D37/><U50/><E71/><V6/><F130/><W102/><G102/><T99/><D75/><U82/><E103/><V107/><F107/><W111/><G111/><T124/><D124/><U119/><E119/><V21/><F12/><W125/><G125/><T33/><D33/><U96/><E15/><V58/><F58/><N who="3" m="36983" /><G80/><T16/><D7/><U123/><E96/><V69/><F69/><W28/><G28/><T92/><D83/><U20/><E123/><V23/><AGARI ba="2,0" hai="4,5,6,21,22,23,114,115,120,121,122" m="617" machi="23" ten="50,12000,2" yaku="29,2,28,2,13,1,34,2" doraHai="78" who="2" fromWho="2" sc="411,-32,157,-32,83,126,349,-62" owari="379,47.0,125,-37.0,209,-19.0,287,9.0" /></mjloggm>