<mjloggm ver="2.3"><GO type="169" lobby="0"/><UN n0="%E3%82%A4%E3%83%8B%E3%82%A8%E3%82%B9%E3%82%BF" n1="%66%67%67%68%68%64%66" n2="%70%69%2D%70%6F" n3="%E5%B1%B1%E5%B9%B8%E5%95%86%E5%BA%97" dan="17,16,16,16" rate="2201.53,2088.94,2078.40,2151.24" sx="M,M,M,M"/><TAIKYOKU oya="0"/><INIT seed="0,0,0,4,4,84" ten="250,250,250,250" oya="0" hai0="102,45,17,104,123,9,86,95,4,110,56,62,66" hai1="36,44,23,128,1,91,118,41,27,79,55,92,80" hai2="93,85,48,71,103,52,47,129,8,50,19,75,119" hai3="31,76,69,67,130,108,26,78,46,33,96,37,64"/><T116/><D116/><U98/><E118/><V120/><F119/><W89/><G67/><T10/><D123/><U22/><E128/><V12/><F120/><W30/><G130/><T63/><D104/><U25/><E1/><V100/><F129/><W18/><G31/><T105/><D105/><U53/><E23/><V87/><F75/><W122/><G122/><T14/><D110/><U127/><E127/><V81/><F71/><W107/><G18/><T125/><D125/><U54/><REACH who="1" step="1"/><E22/><REACH who="1" ten="250,240,250,250" step="2"/><V38/><F38/><W77/><G108/><T99/><D62/><U124/><E124/><V11/><F11/><W132/><G37/><T7/><D10/><U83/><E83/><V5/><F5/><W68/><G132/><T35/><D35/><U94/><E94/><V34/><F34/><W57/><G107/><T121/><D121/><U58/><E58/><V32/><F32/><W28/><G46/><T113/><D113/><U2/><E2/><V133/><F133/><W16/><G33/><T88/><REACH who="0" step="1"/><D45/><REACH who="0" ten="240,240,250,250" step="2"/><U6/><E6/><V0/><F47/><W24/><G69/><T65/><D65/><U114/><E114/><V134/><F8/><W135/><G68/><T43/><D43/><U109/><E109/><V42/><F42/><W29/><G135/><T126/><D126/><U51/><E51/><V106/><F50/><W117/><G64/><T13/><D13/><U40/><E40/><V15/><F48/><W111/><G117/><T97/><D97/><U131/><E131/><V72/><F134/><W21/><G111/><T39/><D39/><U101/><E101/><RYUUKYOKU ba="0,2" sc="240,15,240,15,250,-15,250,-15" hai0="4,7,9,14,17,56,63,66,86,88,95,99,102" hai1="25,27,36,41,44,53,54,55,79,80,91,92,98" /><INIT seed="0,1,2,5,0,7" ten="255,255,235,235" oya="0" hai0="18,10,54,135,103,66,30,78,105,72,97,53,84" hai1="87,114,20,69,106,74,123,8,125,102,130,61,81" hai2="24,83,2,29,111,6,65,76,68,63,0,67,40" hai3="99,79,9,62,41,12,82,107,44,134,95,27,98"/><T39/><D39/><U50/><E123/><V100/><F111/><W1/><G134/><T86/><D135/><U119/><E119/><V38/><F67/><W110/><G110/><T128/><D30/><U70/><E74/><V23/><F100/><W120/><G62/><T49/><D66/><U115/><E130/><V112/><F112/><N who="1" m="43049" /><E125/><V51/><F51/><N who="3" m="27023" /><G1/><T121/><D121/><U118/><E118/><V31/><F31/><W11/><G107/><T55/><D128/><U101/><E20/><V71/><F71/><N who="1" m="27145" /><E106/><V5/><F0/><W90/><G27/><T25/><D49/><U131/><E61/><V21/><F21/><W104/><G104/><T3/><D25/><U89/><E131/><V122/><F122/><W92/><G12/><T46/><D46/><U85/><E50/><V28/><F2/><W34/><G34/><T33/><D33/><U60/><E60/><V117/><F117/><W88/><G120/><T16/><D72/><U22/><E22/><V26/><F26/><W75/><G75/><T43/><D43/><U42/><E42/><V127/><F127/><W77/><G82/><T48/><D48/><U35/><E35/><V80/><F28/><W37/><G37/><T19/><REACH who="0" step="1"/><D78/><AGARI ba="1,2" hai="9,11,77,78,79,88,90,92,95,98,99" m="27023" machi="78" ten="30,7700,0" yaku="8,1,52,2,54,1" doraHai="7" who="3" fromWho="0" sc="255,-80,255,0,235,0,235,100" /><INIT seed="1,0,0,0,4,133" ten="175,255,235,335" oya="1" hai0="64,72,120,91,36,102,1,24,75,104,38,23,95" hai1="110,56,51,100,0,40,5,108,33,85,58,53,20" hai2="134,96,57,9,68,88,132,2,32,16,65,60,93" hai3="124,82,87,69,105,48,49,107,42,90,29,11,77"/><U46/><E33/><V55/><F32/><W78/><G69/><T6/><D120/><U44/><E100/><V71/><F2/><W26/><G124/><T22/><D64/><U76/><E20/><V7/><F7/><W80/><G11/><T18/><D104/><U117/><E117/><V86/><F86/><N who="3" m="48399" /><G107/><T131/><D102/><U79/><E5/><V34/><F34/><W43/><G105/><T83/><D131/><U45/><E0/><V94/><F94/><W21/><G78/><N who="1" m="29738" /><E85/><V70/><REACH who="2" step="1"/><F65/><REACH who="2" ten="175,255,225,335" step="2"/><W28/><G28/><N who="0" m="17431" /><D6/><U17/><E17/><V66/><F66/><W84/><G84/><N who="0" m="50591" /><D1/><U112/><E110/><V30/><F30/><W113/><G113/><T97/><D75/><U61/><E112/><V52/><F52/><W130/><G130/><T74/><D74/><U89/><E108/><V106/><F106/><W15/><G15/><AGARI ba="0,1" hai="9,15,16,55,57,60,68,70,71,88,93,96,132,134" machi="15" ten="50,6400,0" yaku="1,1,54,2,53,0" doraHai="133" doraHaiUra="121" who="2" fromWho="3" sc="175,0,255,0,225,74,335,-64" /><INIT seed="2,0,0,3,2,131" ten="175,255,299,271" oya="2" hai0="116,119,67,90,112,51,63,84,82,132,134,107,6" hai1="76,118,12,10,35,83,93,34,73,105,33,40,95" hai2="7,128,21,45,91,3,69,114,5,4,60,94,65" hai3="100,110,53,1,86,101,16,113,129,47,11,46,14"/><V29/><F114/><W106/><G129/><T19/><D112/><U74/><E118/><N who="0" m="45097" /><D107/><U27/><E105/><V98/><F128/><W52/><G113/><T126/><D6/><U125/><E125/><V89/><F45/><N who="3" m="16907" /><G106/><T62/><D126/><U103/><E40/><V24/><REACH who="2" step="1"/><F91/><REACH who="2" ten="175,255,289,271" step="2"/><W23/><G110/><T15/><D51/><U121/><E121/><V44/><F44/><W20/><G1/><AGARI ba="0,1" hai="1,3,4,5,7,21,24,29,60,65,69,89,94,98" machi="1" ten="40,3900,0" yaku="1,1,53,1" doraHai="131" doraHaiUra="25" who="2" fromWho="3" sc="175,0,255,0,289,49,271,-39" /><INIT seed="2,1,0,0,4,129" ten="175,255,338,232" oya="2" hai0="49,9,29,86,53,111,18,97,105,78,35,84,11" hai1="103,106,85,73,20,55,110,39,37,92,57,101,127" hai2="28,10,75,27,123,108,95,47,36,52,46,81,51" hai3="116,67,126,8,91,77,15,5,41,122,107,7,60"/><V70/><F123/><W13/><G122/><T32/><D111/><U40/><E110/><V24/><F108/><W130/><G107/><T19/><D105/><U4/><E73/><V0/><F70/><W64/><G116/><T133/><D97/><U120/><E120/><V100/><F100/><W76/><G77/><T94/><D94/><U87/><E127/><V54/><F95/><W26/><G76/><T1/><D78/><U121/><E121/><V25/><F75/><W63/><G41/><T22/><D53/><U62/><E106/><V98/><F98/><W93/><G26/><N who="0" m="16599" /><D49/><U79/><E4/><N who="3" m="1610" /><G130/><T132/><D86/><U96/><E40/><V56/><F81/><W113/><G126/><T6/><D84/><U124/><E124/><V80/><F80/><W131/><G131/><T72/><D72/><U16/><E39/><V12/><F0/><W99/><G113/><T48/><D48/><U71/><E71/><V61/><F36/><W102/><G102/><T38/><D38/><U33/><E33/><N who="0" m="12873" /><D11/><U89/><E37/><V42/><F42/><W43/><G8/><T23/><D19/><U109/><E109/><V3/><F47/><W135/><G43/><T66/><D66/><N who="3" m="25129" /><G135/><T58/><D58/><U50/><E79/><V2/><F28/><W69/><G69/><T88/><D88/><U90/><E90/><V114/><F114/><W119/><G119/><T68/><D68/><U83/><E89/><V115/><F115/><W34/><G34/><T21/><D18/><U128/><E128/><V14/><F10/><W74/><G74/><T65/><D65/><RYUUKYOKU ba="1,0" sc="175,10,255,-30,338,10,232,10" hai0="1,6,9,21,23,132,133" hai2="2,3,12,14,24,25,27,46,51,52,54,56,61" hai3="13,15,60,63,91,93,99" /><INIT seed="2,2,0,0,4,112" ten="185,225,348,242" oya="2" hai0="52,65,57,0,107,98,129,3,15,47,114,40,12" hai1="118,61,19,37,48,68,43,42,75,18,6,101,121" hai2="54,70,102,41,39,130,85,81,122,128,44,95,26" hai3="9,87,33,82,45,132,134,25,23,14,35,66,125"/><V60/><F122/><W22/><G66/><T79/><D65/><U55/><E37/><V59/><F70/><W117/><G45/><T69/><D69/><U17/><E121/><V31/><F95/><W77/><G125/><T10/><D79/><U11/><E75/><V113/><F102/><W80/><G25/><T115/><D129/><N who="2" m="49770" /><F113/><W86/><G9/><T133/><D133/><N who="3" m="51305" /><G117/><T90/><D114/><U100/><E118/><V21/><F85/><W92/><G92/><T53/><D115/><U5/><E61/><V89/><F81/><W4/><G4/><N who="1" m="1642" /><E11/><V49/><F89/><N who="3" m="51399" /><G14/><T73/><D15/><U135/><E68/><V109/><F109/><W71/><G71/><T38/><D73/><U7/><E135/><V13/><F13/><W120/><G120/><T116/><D116/><U119/><E119/><V110/><F110/><W8/><G8/><T103/><D90/><U96/><N who="1" m="1650" /><U74/><DORA hai="104" /><E74/><V67/><F39/><W50/><G50/><T63/><REACH who="0" step="1"/><D53/><AGARI ba="2,0" hai="21,26,31,41,44,49,53,54,59,60,67" m="49770" machi="53" ten="30,1500,0" yaku="19,1" doraHai="112,104" who="2" fromWho="0" sc="185,-21,225,0,348,21,242,0" /><INIT seed="2,3,0,4,5,5" ten="164,225,369,242" oya="2" hai0="59,45,97,94,122,103,14,108,109,57,116,75,2" hai1="131,13,39,98,30,54,79,21,90,25,58,49,104" hai2="112,129,4,107,114,26,43,10,84,89,19,88,87" hai3="124,78,1,63,77,74,44,46,133,33,81,51,12"/><V102/><F43/><W121/><G33/><T24/><D2/><U85/><E131/><V50/><F129/><W23/><G121/><T47/><D122/><U93/><E39/><V32/><F50/><W132/><G1/><T113/><D75/><U80/><E104/><V27/><F107/><W91/><G78/><T96/><D113/><U68/><E68/><V7/><F102/><W38/><G63/><T111/><D24/><U9/><E13/><V76/><F76/><W15/><G91/><T128/><D128/><U20/><REACH who="1" step="1"/><E9/><REACH who="1" ten="164,215,369,242" step="2"/><V127/><F10/><W17/><G15/><T3/><D3/><U134/><E134/><V100/><F114/><W16/><G124/><T6/><D116/><U56/><E56/><N who="0" m="21577" /><D97/><U61/><E61/><V82/><F127/><W60/><G60/><T73/><D14/><U86/><E86/><V11/><F112/><W118/><G118/><T120/><D120/><U67/><E67/><V69/><F69/><W8/><G38/><T66/><D66/><U0/><E0/><V53/><F87/><W40/><G46/><N who="0" m="17419" /><D73/><U64/><E64/><V126/><F126/><W48/><G48/><T18/><D109/><U31/><E31/><V83/><F84/><W37/><G37/><T42/><D111/><U119/><E119/><V95/><F11/><W22/><G8/><T28/><D108/><U55/><E55/><V52/><F52/><W70/><G70/><T130/><D130/><U105/><E105/><V62/><F53/><W125/><G125/><T99/><D42/><U101/><E101/><V72/><F62/><W41/><G41/><RYUUKYOKU ba="3,1" sc="164,-15,215,15,369,-15,242,15" hai1="20,21,25,30,49,54,58,79,80,85,90,93,98" hai3="12,16,17,22,23,40,44,51,74,77,81,132,133" /><INIT seed="3,4,1,2,4,10" ten="149,230,354,257" oya="3" hai0="34,49,5,132,17,42,105,81,59,108,45,23,58" hai1="92,121,73,56,113,30,96,76,29,130,99,75,21" hai2="15,97,67,129,106,109,66,26,110,44,63,87,114" hai3="77,28,11,9,55,8,131,102,54,91,53,107,82"/><W88/><G28/><T38/><D105/><U1/><E121/><V119/><F114/><W86/><REACH who="3" step="1"/><G131/><REACH who="3" ten="149,230,354,247" step="2"/><T61/><D34/><U35/><E35/><V22/><F129/><W13/><G13/><T51/><D132/><U60/><E30/><V46/><F15/><W50/><G50/><T68/><D51/><U117/><E29/><V134/><F134/><W103/><G103/><T16/><D49/><U95/><E130/><V123/><F123/><W19/><G19/><T112/><D16/><U2/><E2/><V133/><F133/><W41/><G41/><T57/><D17/><U79/><E1/><V0/><F0/><W101/><G101/><T48/><D48/><U14/><E14/><V31/><F31/><W47/><G47/><T74/><D45/><U98/><E113/><V93/><F44/><W122/><G122/><T33/><D42/><U72/><E117/><V18/><F46/><W52/><N who="3" m="13824" /><DORA hai="39" /><W126/><G126/><T115/><D33/><U7/><E7/><V6/><F18/><W78/><G78/><T118/><D5/><U20/><E79/><V37/><F6/><W64/><G64/><T127/><D118/><U128/><E76/><V36/><F66/><W24/><G24/><T27/><D127/><U89/><E128/><V12/><F67/><W43/><G43/><T94/><D27/><U25/><E25/><V40/><F26/><W83/><G83/><T69/><D81/><U84/><E95/><V71/><F93/><W111/><G111/><T125/><D108/><U62/><E62/><V124/><F109/><W4/><G4/><RYUUKYOKU ba="4,2" sc="149,-15,230,15,354,-15,247,15" hai1="20,21,56,60,72,73,75,84,89,92,96,98,99" hai3="8,9,11,77,82,86,88,91,102,107" /><INIT seed="3,5,2,0,2,36" ten="134,245,339,262" oya="3" hai0="122,54,97,125,114,9,96,50,95,23,129,131,46" hai1="76,89,85,60,102,24,91,67,35,56,79,25,10" hai2="92,66,5,40,130,112,83,48,72,4,109,22,17" hai3="134,27,51,119,29,133,78,98,105,127,123,3,15"/><W37/><G37/><T87/><D122/><U118/><E118/><V82/><F112/><W58/><G3/><T53/><D125/><U2/><E102/><V113/><F113/><W62/><G123/><T99/><D114/><U69/><E69/><V57/><F72/><W43/><G119/><T108/><D108/><U18/><E35/><V61/><F109/><W59/><G78/><N who="1" m="29738" /><E2/><V11/><F130/><N who="0" m="49674" /><D9/><U44/><E44/><N who="2" m="25607" /><F92/><W80/><G80/><N who="2" m="30761" /><F11/><W65/><G15/><AGARI ba="5,2" hai="4,5,15,17,22,57,61,66" m="30761,25607" machi="15" ten="30,2000,0" yaku="8,1,52,1" doraHai="36" who="2" fromWho="3" sc="134,0,245,0,339,55,262,-35" /><INIT seed="4,0,0,2,5,90" ten="134,245,394,227" oya="0" hai0="56,98,62,117,35,47,38,109,106,122,34,32,80" hai1="131,102,135,104,22,84,29,17,42,43,81,130,49" hai2="53,129,20,134,19,79,123,73,75,18,8,54,44" hai3="5,70,16,92,68,31,111,3,2,57,67,96,95"/><T119/><D122/><U51/><E29/><V30/><F30/><W12/><G31/><T55/><D109/><U40/><E135/><V132/><F129/><N who="1" m="49161" /><E102/><V72/><F79/><W89/><G111/><T4/><D4/><U65/><E65/><V21/><F8/><W114/><G114/><T112/><D112/><U116/><E104/><V121/><F73/><W60/><G5/><T13/><D13/><N who="1" m="9519" /><E116/><V88/><F44/><W101/><G68/><T26/><D26/><U11/><E11/><V61/><F61/><W37/><G37/><T50/><D38/><U85/><E85/><V58/><F58/><W25/><G25/><T69/><D80/><U41/><N who="1" m="10240" /><DORA hai="118" /><U0/><E0/><V36/><F36/><W107/><G70/><T108/><D69/><U64/><E64/><V120/><F120/><W52/><G67/><T23/><D23/><U76/><AGARI ba="0,0" hai="49,51,76,81,84" m="10240,9519,49161" machi="76" ten="50,1600,0" yaku="19,1" doraHai="90,118" who="1" fromWho="1" sc="134,-8,245,16,394,-4,227,-4" /><INIT seed="5,0,0,2,4,40" ten="126,261,390,223" oya="1" hai0="95,11,12,17,87,98,31,81,56,83,132,133,127" hai1="36,61,20,16,69,9,128,77,121,4,97,92,35" hai2="24,27,113,53,71,63,120,65,7,49,0,123,79" hai3="109,64,73,114,116,51,59,91,37,42,84,96,129"/><U32/><E121/><V94/><F79/><W88/><G109/><T33/><D127/><U38/><E77/><V62/><F62/><W52/><G73/><T58/><D33/><U13/><E128/><V107/><F107/><W34/><G34/><T100/><D31/><U74/><E74/><V45/><F113/><W21/><G129/><T5/><D5/><U131/><E131/><V105/><F105/><W135/><G114/><T86/><D133/><U6/><E35/><V30/><F27/><W60/><G135/><T19/><D132/><U15/><E32/><V119/><F119/><W39/><G116/><T70/><D70/><U3/><E3/><V23/><REACH who="2" step="1"/><F94/><REACH who="2" ten="126,261,380,223" step="2"/><W68/><G42/><T50/><D81/><U25/><E61/><V124/><F124/><W76/><G76/><T67/><D83/><U115/><E92/><V117/><F117/><W101/><G21/><T44/><D67/><U1/><E25/><V110/><F110/><W85/><G101/><T82/><D19/><U112/><E16/><V102/><F102/><W14/><G14/><T10/><D10/><AGARI ba="0,1" hai="0,7,10,23,24,30,45,49,53,63,65,71,120,123" machi="10" ten="40,2600,0" yaku="1,1,52,1,53,0" doraHai="40" doraHaiUra="90" who="2" fromWho="0" sc="126,-26,261,0,380,36,223,0" /><INIT seed="6,0,0,3,1,95" ten="100,261,416,223" oya="2" hai0="17,74,126,41,60,115,28,36,30,93,8,40,7" hai1="133,102,3,109,114,68,112,100,19,61,94,127,108" hai2="75,91,59,70,134,16,13,111,84,15,14,45,52" hai3="125,42,37,76,113,97,5,85,118,55,31,58,39"/><V26/><F75/><W130/><G118/><T89/><D74/><U20/><E3/><V25/><F70/><W124/><G31/><T54/><D115/><N who="1" m="44075" /><E133/><V57/><F134/><W22/><G5/><T92/><D126/><U27/><E127/><N who="3" m="48714" /><G22/><T120/><D120/><U117/><E117/><V119/><F119/><W51/><G113/><T6/><D36/><U64/><E94/><N who="2" m="54631" /><F111/><AGARI ba="0,0" hai="19,20,27,61,64,68,100,102,108,109,111" m="44075" machi="111" ten="30,1000,0" yaku="15,1" doraHai="95" who="1" fromWho="2" sc="100,0,261,10,416,-10,223,0" /><INIT seed="7,0,0,5,0,4" ten="100,271,406,223" oya="3" hai0="65,131,91,134,22,8,122,72,23,68,45,74,80" hai1="64,30,10,101,112,11,70,62,130,105,129,111,102" hai2="110,20,27,77,40,83,54,88,115,47,71,63,26" hai3="108,67,125,132,9,44,95,7,38,2,97,16,93"/><W92/><G132/><T78/><D122/><U48/><E111/><V41/><F110/><W19/><G108/><T58/><D134/><U133/><E133/><V13/><F71/><W89/><G125/><T3/><D68/><U39/><E39/><V94/><F13/><W36/><G67/><T52/><D74/><U57/><E112/><V79/><F83/><W76/><G76/><T37/><D65/><U123/><E123/><V90/><F63/><W15/><G19/><T73/><D91/><U43/><E30/><V85/><F90/><W121/><G121/><T109/><D73/><U24/><E24/><V1/><F1/><W42/><G38/><T117/><D131/><N who="1" m="50187" /><E105/><V12/><F79/><W51/><G36/><T113/><D117/><U135/><E135/><V33/><F33/><W118/><G118/><T17/><D113/><U53/><E43/><V32/><F41/><W103/><G103/><AGARI ba="0,0" hai="10,11,48,53,57,62,64,70,101,102,103" m="50187" machi="103" ten="30,3900,0" yaku="19,1,52,2" doraHai="4" who="1" fromWho="3" sc="100,0,271,39,406,0,223,-39" owari="100,-40.0,310,11.0,406,51.0,184,-22.0" /></mjloggm>