<mjloggm ver="2.3"><GO type="169" lobby="0"/><UN n0="%E3%82%A8%E3%83%88%E3%81%BA%E3%83%B3" n1="%E3%83%95%E3%83%AB%E3%82%BC%E3%83%B3%E3%83%84" n2="%E3%83%A9%E3%83%A0%E3%83%80%E3%81%95%E3%82%93" n3="%63%6F%76%61%79%61%2B%2B" dan="16,17,16,16" rate="2082.18,2174.54,2109.64,2173.84" sx="F,M,M,M"/><TAIKYOKU oya="0"/><INIT seed="0,0,0,3,0,56" ten="250,250,250,250" oya="0" hai0="88,90,30,103,92,61,98,86,128,49,2,8,131" hai1="69,17,111,47,9,124,18,35,11,15,51,135,10" hai2="96,94,109,97,34,104,85,7,32,65,19,52,68" hai3="127,23,112,116,62,12,24,44,110,84,25,37,120"/><T100/><D30/><U64/><E35/><V45/><F109/><W101/><G110/><T53/><D2/><U54/><E111/><V27/><F7/><W28/><G112/><T43/><D8/><U80/><E124/><V40/><F85/><W60/><G116/><T1/><D1/><U118/><E118/><V74/><F74/><W57/><G127/><T14/><D14/><U115/><E115/><V33/><F104/><W79/><G101/><T132/><D132/><U22/><E135/><V67/><F68/><W13/><G120/><T133/><D133/><U121/><E121/><V59/><F27/><W102/><G102/><T38/><D38/><U130/><E130/><N who="0" m="49705" /><D43/><U20/><E80/><V129/><F19/><W16/><G37/><T89/><D100/><U123/><E123/><V106/><F129/><W114/><G114/><T70/><D70/><U119/><E119/><V105/><F40/><W26/><G28/><T5/><D5/><U41/><E41/><V29/><F29/><W107/><G12/><T58/><D49/><U50/><E51/><V78/><F33/><W77/><G13/><T125/><D125/><U72/><E69/><V36/><F32/><W46/><G26/><T39/><D39/><U108/><E15/><V42/><F34/><W3/><G3/><T99/><D99/><U134/><E134/><V75/><F97/><W93/><G25/><T113/><D113/><U87/><E108/><V63/><F96/><W4/><G24/><T73/><D73/><U6/><E72/><V0/><F0/><W91/><G4/><T82/><AGARI ba="0,0" hai="53,58,61,82,86,88,89,90,92,98,103" m="49705" machi="82" ten="30,11700,0" yaku="5,1,19,1,52,1,54,1" doraHai="56" who="0" fromWho="0" sc="250,117,250,-39,250,-39,250,-39" /><INIT seed="0,1,0,5,2,33" ten="367,211,211,211" oya="0" hai0="3,26,111,123,100,125,70,52,90,20,72,25,24" hai1="130,21,38,71,128,37,34,106,59,112,92,79,65" hai2="85,46,74,5,122,89,75,91,41,127,9,2,32" hai3="36,15,124,93,134,63,97,78,77,131,4,129,35"/><T114/><D114/><U19/><E106/><V103/><F122/><W105/><G35/><T14/><D123/><U8/><E34/><V11/><F32/><W42/><G105/><T80/><D70/><U55/><E112/><V94/><F127/><W87/><G124/><T1/><D100/><U133/><E133/><V43/><F103/><W58/><G134/><T62/><D125/><U135/><E135/><V0/><F43/><W49/><G36/><T86/><D72/><U118/><E118/><V6/><REACH who="2" step="1"/><F91/><REACH who="2" ten="367,211,201,211" step="2"/><W50/><G42/><T95/><D111/><U27/><E128/><V39/><AGARI ba="1,1" hai="0,2,5,6,9,11,39,41,46,74,75,85,89,94" machi="39" ten="20,12000,2" yaku="1,1,2,1,0,1,7,1,9,1,52,2,53,0" doraHai="33" doraHaiUra="23" who="2" fromWho="2" sc="367,-61,211,-31,201,133,211,-31" /><INIT seed="1,0,0,0,1,1" ten="306,180,334,180" oya="1" hai0="103,117,104,125,34,22,53,123,133,82,12,97,131" hai1="40,7,83,33,3,71,116,23,127,31,29,13,88" hai2="70,2,56,122,119,124,66,25,67,134,57,110,15" hai3="61,91,94,45,62,9,135,0,90,43,35,52,64"/><U38/><E71/><V106/><F122/><W60/><G35/><T74/><D34/><U118/><E40/><V32/><F119/><N who="1" m="45609" /><E38/><V42/><F2/><W28/><G28/><N who="1" m="10826" /><E88/><V99/><F42/><W55/><G135/><T20/><D133/><U24/><E83/><V50/><F134/><W113/><G113/><T65/><D123/><U47/><E47/><V130/><F70/><W105/><G105/><T108/><D65/><U48/><E48/><V39/><F50/><N who="3" m="26943" /><G0/><T78/><D53/><N who="3" m="20553" /><G9/><T79/><D79/><U80/><E80/><V44/><F39/><W54/><G64/><T51/><D51/><U96/><E33/><V129/><F44/><W19/><G54/><T76/><D76/><U93/><E3/><V5/><F32/><W85/><G91/><T102/><D102/><U77/><E77/><V109/><F106/><W16/><AGARI ba="0,0" hai="16,19,60,61,62,85,90,94" m="20553,26943" machi="16" ten="30,4000,0" yaku="8,1,54,2" doraHai="1" who="3" fromWho="3" sc="306,-10,180,-20,334,-10,180,40" /><INIT seed="2,0,0,5,5,11" ten="296,160,324,220" oya="2" hai0="81,61,48,3,2,37,114,14,133,6,25,54,83" hai1="82,78,134,67,87,16,103,65,126,57,108,0,129" hai2="9,68,93,121,4,106,86,66,74,56,47,88,60" hai3="120,109,31,40,35,98,72,7,80,110,92,8,27"/><V26/><F121/><W118/><G120/><T15/><D37/><U113/><E0/><V130/><F130/><W50/><G118/><T119/><D114/><U62/><E113/><V1/><F106/><W38/><G38/><T69/><D25/><U29/><E129/><V132/><F132/><W58/><G72/><T22/><D22/><U70/><E134/><V51/><F74/><W43/><G80/><T116/><D133/><U107/><E108/><N who="3" m="41578" /><G58/><T125/><D125/><U36/><E36/><V19/><F26/><W59/><G59/><T5/><D48/><U99/><E126/><V63/><F19/><W64/><G64/><T112/><D112/><U104/><E29/><V20/><F20/><W41/><G50/><T23/><D23/><U124/><E124/><V79/><F79/><W84/><G84/><T32/><D54/><U12/><E104/><V135/><F135/><W122/><G122/><T131/><D131/><U28/><E28/><V91/><F91/><N who="3" m="55583" /><G43/><T105/><D105/><U34/><E34/><V55/><REACH who="2" step="1"/><F63/><REACH who="2" ten="296,160,314,220" step="2"/><W123/><G123/><T111/><D61/><U73/><E73/><V18/><F18/><W33/><G33/><T101/><D111/><U46/><E16/><V52/><F52/><W45/><G35/><T85/><D32/><U96/><E62/><V76/><F76/><W100/><G27/><T90/><D90/><U21/><E78/><V71/><AGARI ba="0,1" hai="1,4,9,47,51,55,56,60,66,68,71,86,88,93" machi="71" ten="30,11700,0" yaku="1,1,0,1,54,1,53,1" doraHai="11" doraHaiUra="89" who="2" fromWho="2" sc="296,-39,160,-39,314,127,220,-39" /><INIT seed="2,1,0,2,2,117" ten="257,121,441,181" oya="2" hai0="84,6,105,39,25,67,83,29,85,63,70,34,96" hai1="54,66,19,53,107,100,44,46,81,98,80,51,41" hai2="116,33,114,123,18,122,59,2,135,31,55,118,92" hai3="88,121,57,126,49,87,15,24,113,20,124,36,99"/><V103/><F114/><W14/><G36/><T134/><D39/><U23/><E66/><V22/><F2/><W58/><G113/><T52/><D134/><U4/><E4/><V101/><F135/><W47/><G99/><T27/><D6/><U128/><E128/><V110/><F33/><W45/><G121/><T56/><D25/><U16/><E19/><V40/><F31/><W17/><G57/><T50/><D83/><U12/><REACH who="1" step="1"/><E54/><REACH who="1" ten="257,111,441,181" step="2"/><V72/><F55/><N who="3" m="32111" /><G126/><T42/><D42/><U93/><E93/><V109/><F92/><N who="3" m="54303" /><G124/><T30/><D29/><U5/><E5/><V28/><F18/><N who="3" m="12311" /><G14/><T125/><D125/><U3/><E3/><V78/><F116/><W60/><G60/><T86/><D105/><U13/><E13/><V0/><F118/><W43/><G43/><T9/><D30/><U115/><E115/><V62/><F40/><W38/><G38/><AGARI ba="1,1" hai="12,16,23,38,41,44,46,51,53,80,81,98,100,107" machi="38" ten="30,3900,0" yaku="1,1,7,1,54,1,53,0" doraHai="117" doraHaiUra="61" who="1" fromWho="3" sc="257,0,111,52,441,0,181,-42" /><INIT seed="3,0,0,2,0,59" ten="257,163,441,139" oya="3" hai0="63,67,58,38,10,0,126,13,80,118,34,95,5" hai1="46,97,104,77,82,8,68,60,51,133,40,71,17" hai2="129,119,134,7,70,102,94,114,131,89,122,72,127" hai3="21,132,112,33,52,36,20,47,103,31,19,43,64"/><W35/><G112/><T62/><D118/><U99/><E133/><V92/><F7/><W4/><G64/><T78/><D126/><U53/><E104/><V65/><F72/><W50/><G4/><T30/><D38/><U83/><E83/><V110/><F114/><W23/><G103/><T79/><D95/><U28/><E28/><V91/><F119/><W42/><G132/><T76/><D34/><U121/><E121/><V105/><F134/><W45/><G31/><T90/><D30/><U27/><E71/><V61/><F127/><W32/><REACH who="3" step="1"/><G42/><REACH who="3" ten="257,163,441,129" step="2"/><T55/><D0/><U37/><E40/><V25/><F102/><W11/><G11/><T135/><D135/><U69/><E8/><V3/><F65/><W117/><G117/><T15/><D10/><U88/><E17/><AGARI ba="0,1" hai="17,19,20,21,23,32,33,35,36,43,45,47,50,52" machi="17" ten="50,4800,0" yaku="1,1,54,1,53,0" doraHai="59" doraHaiUra="115" who="3" fromWho="1" sc="257,0,163,-48,441,0,129,58" /><INIT seed="3,1,0,1,3,98" ten="257,115,441,187" oya="3" hai0="29,45,70,127,36,109,53,100,13,90,28,64,58" hai1="20,6,113,92,41,101,76,80,81,1,15,85,16" hai2="55,77,123,88,94,91,48,7,125,120,87,131,116" hai3="119,83,11,79,34,93,111,89,40,54,69,99,30"/><W112/><G112/><T110/><D127/><U44/><E113/><V63/><F116/><W4/><G119/><T74/><D74/><U71/><E71/><V115/><F115/><W3/><G69/><T106/><D90/><U96/><E81/><V122/><F125/><W17/><G111/><N who="0" m="42507" /><D13/><U9/><E44/><V118/><F118/><W12/><G40/><N who="0" m="22663" /><D106/><U43/><AGARI ba="1,0" hai="1,6,9,15,16,20,41,43,76,80,85,92,96,101" machi="43" ten="30,4000,0" yaku="0,1,52,1,54,1" doraHai="98" who="1" fromWho="1" sc="257,-11,115,43,441,-11,187,-21" /><INIT seed="4,0,0,2,4,56" ten="246,158,430,166" oya="0" hai0="31,115,85,112,20,46,21,42,17,132,83,116,110" hai1="6,84,121,29,73,133,75,35,129,19,126,135,54" hai2="39,76,18,4,9,119,100,91,88,77,131,78,50" hai3="37,127,30,53,124,90,109,69,34,3,26,15,16"/><T13/><D116/><U101/><E121/><V103/><F119/><W106/><G106/><T93/><D110/><U57/><E129/><V82/><F39/><W107/><G37/><T99/><D132/><U11/><E126/><N who="3" m="48170" /><G107/><T128/><D128/><U87/><E19/><V97/><F131/><W7/><G69/><T22/><D31/><U38/><E38/><V8/><F4/><W72/><G72/><T40/><D115/><U51/><E101/><N who="2" m="38987" /><F50/><W108/><G53/><T44/><D112/><U5/><E75/><V118/><F118/><W94/><G90/><N who="2" m="34345" /><F97/><W28/><G94/><T27/><D93/><U33/><E73/><V24/><F82/><W43/><G43/><N who="0" m="16427" /><D99/><U32/><E133/><V12/><F24/><W65/><G65/><T117/><D27/><U10/><E135/><V98/><F98/><W125/><N who="3" m="48178" /><W102/><DORA hai="105" /><G102/><T111/><D111/><N who="3" m="42569" /><G30/><T114/><D114/><U130/><E29/><V120/><F120/><W86/><G86/><T74/><D74/><U36/><E36/><V45/><F45/><N who="0" m="17514" /><D117/><U62/><E130/><V41/><F41/><W0/><G7/><T23/><D85/><U92/><E87/><V55/><F55/><W2/><G2/><T58/><D83/><U71/><E84/><V63/><F63/><W48/><G48/><T96/><D96/><U81/><E81/><V66/><F66/><W64/><G64/><T67/><D67/><N who="1" m="41463" /><E92/><V104/><F104/><W60/><G60/><T25/><D58/><U61/><E51/><V113/><F113/><W68/><G68/><T79/><D79/><U1/><E1/><RYUUKYOKU ba="0,0" sc="246,0,158,0,430,0,166,0" hai0="13,17,20,21,22,23,25" hai1="5,6,10,11,32,33,35,54,57,61" hai2="8,9,12,18,76,77,78" hai3="0,3,15,16,26,28,34" /><INIT seed="4,1,0,2,5,21" ten="246,158,430,166" oya="0" hai0="35,12,76,24,77,53,34,15,86,129,51,23,71" hai1="82,29,73,57,25,9,118,117,96,79,83,94,121" hai2="20,46,93,60,39,58,3,98,59,63,101,44,123" hai3="127,19,50,87,108,107,13,36,8,37,114,130,7"/><T132/><D71/><U22/><E121/><V64/><F123/><W16/><G108/><T97/><D129/><U14/><E82/><V113/><F113/><W126/><G107/><T67/><D67/><U27/><E57/><V6/><F39/><W92/><G114/><T62/><D62/><U100/><REACH who="1" step="1"/><E27/><REACH who="1" ten="246,148,430,166" step="2"/><V43/><F59/><W125/><G130/><T119/><D119/><U32/><E32/><V28/><F58/><W103/><G50/><T89/><D35/><U49/><E49/><V116/><F116/><W78/><G37/><T31/><D34/><U106/><E106/><V75/><F63/><W131/><G36/><T115/><D115/><U122/><E122/><V66/><F60/><W18/><G131/><T38/><D38/><U68/><E68/><V91/><F66/><W55/><G126/><T105/><D105/><U95/><E95/><V112/><F93/><W134/><G92/><T45/><D51/><U128/><E128/><V84/><F64/><W81/><G125/><T111/><D24/><U104/><E104/><V41/><F112/><W52/><G127/><T56/><D56/><U99/><E99/><V70/><F70/><W33/><G33/><T26/><D97/><U10/><E10/><V11/><F11/><W72/><G8/><T47/><D26/><U124/><E124/><V48/><F48/><W30/><G81/><T102/><D47/><U65/><E65/><V120/><F46/><W17/><G134/><T135/><D135/><U133/><E133/><V74/><F44/><W54/><G54/><T69/><D132/><U85/><E85/><RYUUKYOKU ba="1,1" sc="246,-10,148,30,430,-10,166,-10" hai1="9,14,22,25,29,73,79,83,94,96,100,117,118" /><INIT seed="5,2,1,0,4,98" ten="236,178,420,156" oya="1" hai0="120,59,52,26,71,96,14,122,25,42,48,79,110" hai1="87,32,55,73,109,75,70,12,30,28,31,4,74" hai2="124,24,131,92,117,72,36,77,105,80,57,62,78" hai3="21,76,40,108,100,23,56,39,130,46,6,133,8"/><U3/><E3/><V13/><F105/><W94/><G108/><T53/><D110/><U43/><E109/><V19/><F36/><W64/><G133/><T103/><D79/><U27/><E70/><V58/><F117/><W88/><G76/><T134/><D134/><U69/><E69/><V7/><F7/><W90/><G130/><T49/><D42/><U107/><E43/><V1/><F1/><W85/><G100/><T116/><D116/><U2/><E2/><V121/><F121/><N who="0" m="46698" /><D14/><U101/><E87/><V128/><F124/><W5/><G5/><T118/><D71/><U22/><E55/><V112/><F112/><W15/><REACH who="3" step="1"/><G90/><REACH who="3" ten="236,178,420,146" step="2"/><T93/><D118/><U95/><E4/><V119/><F119/><W97/><G97/><T37/><D37/><U60/><E101/><V9/><F78/><W99/><G99/><T44/><AGARI ba="2,2" hai="25,26,44,48,49,52,53,59,93,96,103" m="46698" machi="44" ten="30,4000,0" yaku="13,1,52,1,54,1" doraHai="98" who="0" fromWho="0" sc="236,66,178,-22,420,-12,146,-12" /><INIT seed="6,0,0,5,1,22" ten="302,156,408,134" oya="2" hai0="99,28,5,83,112,60,7,8,101,41,20,26,120" hai1="0,43,126,124,30,9,100,63,25,135,74,49,16" hai2="55,106,29,129,10,86,59,35,114,79,64,73,92" hai3="65,44,87,34,109,132,97,93,115,52,82,37,85"/><V125/><F114/><W33/><G109/><T36/><D112/><U57/><E74/><V18/><F106/><W51/><G115/><T46/><D120/><U56/><E100/><V11/><F125/><N who="1" m="48233" /><E135/><V110/><F129/><W68/><G132/><T2/><D83/><U40/><E49/><V103/><F64/><W94/><G37/><T96/><D7/><N who="1" m="1255" /><E16/><V3/><F18/><W31/><G85/><T105/><D99/><U53/><E57/><V90/><F103/><W117/><G117/><T27/><D60/><U24/><E24/><V102/><F102/><W58/><G68/><T81/><D81/><U13/><E13/><V70/><F70/><W104/><G104/><T111/><REACH who="0" step="1"/><D27/><REACH who="0" ten="292,156,408,134" step="2"/><U77/><E77/><V78/><F79/><W89/><G97/><T1/><D1/><U69/><E69/><V119/><F3/><W130/><G130/><T121/><D121/><U48/><E63/><V128/><F128/><W45/><G82/><T71/><D71/><U116/><E116/><V6/><F119/><W108/><G108/><AGARI ba="0,1" hai="2,5,8,20,26,28,36,41,46,96,101,105,108,111" machi="108" ten="40,2600,0" yaku="1,1,52,1,53,0" doraHai="22" doraHaiUra="88" who="0" fromWho="3" sc="292,36,156,0,408,0,134,-26" /><INIT seed="7,0,0,0,0,42" ten="328,156,408,108" oya="3" hai0="102,8,92,91,118,63,101,64,65,82,116,128,30" hai1="31,26,115,47,50,60,55,38,16,96,81,111,122" hai2="35,19,119,121,107,44,40,52,126,72,125,37,117" hai3="1,17,27,22,48,114,53,7,78,99,45,67,74"/><W100/><G114/><T2/><D128/><U76/><E111/><V89/><F107/><W135/><G135/><T69/><D65/><U34/><E115/><V123/><F72/><W90/><G67/><T29/><D82/><U105/><E122/><N who="2" m="46603" /><F35/><W95/><G74/><T49/><D30/><U134/><E16/><V13/><F52/><W73/><G73/><T25/><D101/><U46/><E60/><V80/><F89/><W36/><G78/><T120/><D102/><U6/><E38/><V32/><F32/><W66/><G66/><T108/><D108/><U83/><E96/><V71/><F71/><W87/><G36/><T104/><D104/><U41/><E81/><V15/><F80/><W77/><G77/><T103/><D103/><U9/><E9/><N who="2" m="6575" /><F15/><W70/><G70/><T106/><D106/><U130/><E31/><V109/><F109/><W43/><G1/><T18/><D120/><U62/><E50/><V3/><F3/><W112/><G112/><T59/><D2/><U85/><E6/><V23/><F23/><W5/><REACH who="3" step="1"/><G53/><REACH who="3" ten="328,156,408,98" step="2"/><T86/><D69/><U129/><E76/><V51/><F37/><W124/><G124/><AGARI ba="0,1" hai="40,44,51,117,119,124,125,126" m="6575,46603" machi="124" ten="30,3900,0" yaku="18,1,13,1,52,1" doraHai="42" who="2" fromWho="3" sc="328,0,156,0,408,49,98,-39" owari="328,13.0,156,-24.0,457,55.0,59,-44.0" /></mjloggm>