<mjloggm ver="2.3"><GO type="169" lobby="0"/><UN n0="%E3%83%97%E3%83%AD%E3%82%B8%E3%83%A3%E3%83%B3%E6%B0%8F" n1="%49%68%63%63%6F%74" n2="%EF%BC%88%E2%89%A7%E2%96%BD%E2%89%A6%EF%BC%89" n3="%E7%AB%8B%E8%8F%AF%E5%A5%8F" dan="17,16,20,16" rate="2203.84,2085.93,2161.33,2076.30" sx="M,M,M,F"/><TAIKYOKU oya="0"/><INIT seed="0,0,0,4,0,40" ten="250,250,250,250" oya="0" hai0="3,37,87,73,53,41,0,83,88,111,126,48,75" hai1="29,12,9,120,112,130,101,26,132,11,133,27,135" hai2="106,58,98,36,13,59,78,54,20,66,60,125,119" hai3="95,131,128,70,42,47,69,57,90,113,99,134,124"/><T46/><D126/><U1/><E101/><V44/><F125/><W71/><G124/><T110/><D3/><U39/><E39/><V100/><F119/><W32/><G32/><T93/><D0/><U81/><E81/><V30/><F78/><W5/><G113/><T115/><D115/><U21/><E120/><V121/><F121/><W8/><G57/><N who="0" m="32935" /><D83/><U22/><E112/><V105/><F105/><W114/><G114/><T52/><D52/><U16/><E130/><V14/><F30/><W116/><G116/><T77/><D77/><U117/><E117/><V80/><F80/><W23/><G23/><T35/><D35/><N who="1" m="20919" /><E1/><V72/><F72/><W104/><G104/><T68/><D68/><U51/><E51/><V56/><F20/><W91/><G91/><T10/><D10/><U127/><E127/><V107/><F107/><W67/><G67/><T15/><D15/><U61/><E61/><V84/><F14/><W33/><G33/><T122/><D122/><U96/><E96/><V102/><F13/><W76/><G76/><T63/><D63/><U43/><E43/><V86/><F98/><W38/><G8/><T19/><D19/><AGARI ba="0,0" hai="9,11,12,16,19,21,22,27,132,133,135" m="20919" machi="19" ten="30,7700,0" yaku="20,1,34,2,54,1" doraHai="40" who="1" fromWho="0" sc="250,-77,250,77,250,0,250,0" /><INIT seed="1,0,0,4,3,70" ten="173,327,250,250" oya="1" hai0="28,92,27,87,85,33,49,29,46,11,74,39,81" hai1="97,133,31,9,4,91,53,24,7,111,104,101,67" hai2="65,69,50,77,88,96,115,95,75,109,64,37,127" hai3="72,57,121,110,45,118,71,117,55,107,60,16,129"/><U132/><E111/><V32/><F32/><W44/><G110/><T134/><D134/><N who="1" m="51819" /><E67/><V108/><F65/><W58/><G72/><T15/><D29/><U54/><E91/><V80/><F127/><W123/><G107/><T51/><D74/><U0/><E7/><V99/><F115/><W35/><G35/><AGARI ba="0,0" hai="0,4,9,24,31,35,53,54,97,101,104" m="51819" machi="35" ten="30,1500,0" yaku="20,1" doraHai="70" who="1" fromWho="3" sc="173,0,327,15,250,0,250,-15" /><INIT seed="1,1,0,4,2,85" ten="173,342,250,235" oya="1" hai0="121,35,114,34,123,39,110,54,77,73,52,59,130" hai1="31,99,134,131,36,117,65,8,78,13,48,105,0" hai2="62,38,120,128,28,106,129,92,1,46,58,40,29" hai3="55,79,86,15,56,25,14,53,63,126,127,91,103"/><U26/><E0/><V124/><F106/><W27/><G79/><T98/><D110/><U66/><E36/><V10/><F120/><N who="0" m="46154" /><D114/><U109/><E117/><V18/><F124/><N who="3" m="47659" /><G103/><T23/><D39/><U57/><E131/><N who="2" m="50251" /><F92/><N who="3" m="54391" /><G53/><N who="0" m="20587" /><D59/><U16/><E48/><V7/><F18/><W21/><G25/><T111/><D111/><U47/><E47/><V80/><F80/><W22/><G22/><T88/><D130/><U95/><E105/><V87/><F87/><W19/><AGARI ba="1,0" hai="14,15,19,21,27,55,56,63" m="54391,47659" machi="19" ten="30,2000,0" yaku="18,1,52,1" doraHai="85" who="3" fromWho="3" sc="173,-6,342,-11,250,-6,235,23" /><INIT seed="2,0,0,2,5,46" ten="167,331,244,258" oya="2" hai0="78,98,3,30,117,13,112,39,135,108,49,130,97" hai1="111,41,83,96,54,129,68,27,8,38,126,15,107" hai2="29,74,1,55,91,48,71,89,113,47,90,95,87" hai3="22,128,94,33,93,86,100,34,10,57,118,59,18"/><V50/><F113/><W5/><G118/><T0/><D39/><U7/><E126/><V109/><F1/><W64/><G128/><T133/><D108/><U17/><E111/><V115/><F109/><W105/><G105/><T21/><D112/><U60/><E129/><V19/><F115/><W127/><G127/><T51/><D130/><U16/><E38/><V81/><F71/><W12/><G100/><T123/><D123/><U125/><E125/><V56/><F29/><W72/><G72/><T121/><D121/><U101/><E41/><N who="2" m="24687" /><F74/><W20/><G64/><T70/><D70/><U122/><E122/><V61/><F19/><W62/><G62/><T31/><D78/><U40/><E40/><V67/><F67/><W132/><G132/><N who="0" m="50763" /><D117/><U102/><E68/><V119/><F119/><W124/><G124/><T11/><D3/><U120/><E120/><V9/><F9/><W4/><G10/><T73/><D0/><U77/><E27/><V2/><F2/><W134/><G134/><T116/><D73/><U69/><E69/><V58/><F95/><W88/><G12/><T36/><D36/><U63/><E17/><V44/><F61/><W14/><G14/><T24/><D30/><U82/><E63/><V32/><F32/><W53/><G18/><N who="0" m="8511" /><D116/><U35/><E35/><V80/><F80/><W114/><G114/><T28/><D28/><U76/><E16/><V106/><F106/><W99/><G34/><T37/><D37/><U131/><E131/><V43/><F43/><W25/><G33/><T85/><D85/><U104/><E104/><V110/><F110/><RYUUKYOKU ba="0,0" sc="167,15,331,-15,244,15,258,-15" hai0="21,24,31,49,51,97,98" hai2="44,50,55,56,58,81,87,89,90,91" /><INIT seed="2,1,0,2,5,119" ten="182,316,259,243" oya="2" hai0="40,135,24,36,105,25,81,84,7,1,62,97,54" hai1="100,71,38,33,106,82,49,93,59,92,103,50,124" hai2="98,74,0,72,21,46,37,15,31,26,107,29,16" hai3="3,35,65,118,42,126,113,27,23,104,2,19,78"/><V73/><F0/><W110/><G118/><T94/><D105/><U64/><E38/><V11/><F107/><W77/><G104/><T127/><D135/><U6/><E33/><V102/><F102/><W86/><G113/><T39/><D127/><U5/><E71/><V85/><F98/><W80/><G126/><T53/><D1/><U75/><E106/><V70/><F70/><W52/><G35/><T67/><D7/><U116/><E124/><V20/><F85/><W96/><G65/><T63/><D39/><U45/><E116/><V125/><F125/><W134/><G134/><T132/><D36/><U117/><E117/><V32/><REACH who="2" step="1"/><F31/><REACH who="2" ten="182,316,249,243" step="2"/><W10/><G96/><T17/><D132/><U108/><E103/><V66/><F66/><W133/><G86/><T18/><D84/><U76/><E100/><V47/><F47/><W44/><G44/><T83/><D97/><U109/><E64/><V4/><F4/><W69/><G3/><T34/><D67/><U58/><E45/><V48/><F48/><W13/><G2/><T8/><D40/><AGARI ba="1,1" hai="11,15,16,20,21,26,29,32,37,40,46,72,73,74" machi="40" ten="40,7700,0" yaku="1,1,54,1,53,1" doraHai="119" doraHaiUra="22" who="2" fromWho="0" sc="182,-80,316,0,249,90,243,0" /><INIT seed="2,2,0,5,2,118" ten="102,316,339,243" oya="2" hai0="48,79,57,21,22,116,106,96,28,3,125,14,54" hai1="80,44,78,18,60,93,73,135,109,69,20,68,105" hai2="88,70,134,107,76,4,112,74,122,38,40,95,31" hai3="41,51,59,103,52,119,23,98,24,45,37,71,120"/><V133/><F70/><W13/><G119/><T34/><D116/><U101/><E105/><V89/><F112/><W33/><G33/><T17/><D3/><U81/><E135/><N who="2" m="51723" /><F107/><W130/><G130/><T5/><D125/><U117/><E117/><V75/><F31/><W32/><G32/><T102/><D79/><U111/><E80/><N who="2" m="45079" /><F75/><W83/><G13/><T30/><D34/><U108/><E44/><N who="2" m="23575" /><F4/><W84/><G71/><T121/><D5/><U11/><E60/><V85/><F89/><W90/><G98/><T47/><D57/><U36/><E36/><V0/><F0/><W115/><G103/><T126/><D126/><U110/><E110/><V50/><F50/><W15/><G15/><T29/><REACH who="0" step="1"/><D21/><REACH who="0" ten="92,316,339,243" step="2"/><U92/><E68/><V72/><F72/><W49/><G115/><T86/><D86/><U1/><E69/><V9/><F9/><W35/><G35/><T6/><D6/><N who="1" m="1487" /><E101/><V97/><F85/><W2/><G2/><T46/><D46/><U66/><E66/><V63/><F63/><W25/><G23/><T61/><D61/><U12/><AGARI ba="2,1" hai="12,18,20,73,78,81,92,93,108,109,111" m="1487" machi="12" ten="30,1100,0" yaku="14,1" doraHai="118" who="1" fromWho="1" sc="92,-5,316,27,339,-7,243,-5" /><INIT seed="3,0,0,0,2,14" ten="87,343,332,238" oya="3" hai0="132,113,44,134,94,68,109,82,19,108,95,72,89" hai1="84,21,81,56,112,6,115,63,114,78,117,99,110" hai2="55,40,73,11,54,111,121,42,7,101,83,3,41" hai3="26,127,96,75,128,47,120,2,52,124,107,24,53"/><W69/><G120/><T58/><D68/><U30/><E117/><V57/><F121/><W12/><G2/><T8/><D58/><U35/><E110/><N who="0" m="42601" /><D44/><U9/><E35/><V106/><F111/><W129/><G69/><T34/><D34/><U67/><E99/><V39/><F39/><W27/><G75/><T16/><D113/><U122/><E122/><V20/><F106/><W133/><G133/><N who="0" m="51307" /><D8/><U43/><E43/><V123/><F123/><W61/><G12/><T5/><D5/><U74/><E74/><V64/><F64/><W90/><G61/><T98/><D94/><U17/><E30/><V37/><F37/><W32/><G32/><T93/><D93/><U65/><E65/><V92/><F57/><W103/><G90/><T4/><D4/><U119/><E119/><V51/><F92/><W131/><REACH who="3" step="1"/><G47/><REACH who="3" ten="87,343,332,228" step="2"/><T50/><D50/><U126/><E115/><V80/><F51/><W79/><G79/><AGARI ba="0,1" hai="16,19,72,79,82,89,95,98" m="51307,42601" machi="79" ten="30,8000,1" yaku="14,1,20,1,52,2,54,1" doraHai="14" who="0" fromWho="3" sc="87,90,343,0,332,0,228,-80" /><INIT seed="4,0,0,0,4,118" ten="177,343,332,148" oya="0" hai0="23,107,85,98,3,90,131,129,125,88,30,87,50" hai1="28,35,122,1,58,12,96,36,74,38,106,32,84" hai2="8,95,72,109,21,81,71,42,37,62,25,52,15" hai3="102,44,67,127,10,92,110,86,104,80,49,13,119"/><T82/><D3/><U101/><E84/><V105/><F105/><W65/><G104/><T14/><D50/><U111/><E12/><V108/><F72/><W6/><G119/><T48/><D48/><U124/><E58/><N who="2" m="35143" /><F37/><N who="1" m="14441" /><E111/><V51/><F71/><W79/><G110/><T100/><D125/><U17/><E17/><N who="2" m="12463" /><F108/><W133/><G127/><T18/><REACH who="0" step="1"/><D30/><REACH who="0" ten="167,343,332,148" step="2"/><U114/><E1/><V31/><F109/><W123/><G133/><T54/><D54/><U121/><E28/><V33/><F31/><W113/><G113/><T20/><D20/><U135/><E114/><V70/><F51/><W91/><G102/><T78/><D78/><U45/><E124/><V43/><F43/><W5/><G5/><T89/><D89/><U68/><E135/><V47/><F42/><W61/><G49/><T97/><D97/><U26/><E45/><V130/><F47/><W132/><G44/><T27/><D27/><U115/><E115/><V2/><F2/><W75/><G132/><T9/><D9/><U99/><E99/><V56/><F8/><W117/><G117/><T116/><D116/><U59/><E26/><V126/><F126/><W53/><G53/><T134/><D134/><U39/><E39/><V83/><F15/><W4/><G4/><T11/><D11/><U40/><E40/><V103/><F103/><W128/><G128/><T112/><D112/><U73/><E32/><V66/><F130/><W19/><G6/><T77/><D77/><U63/><E35/><V64/><F33/><W22/><G10/><T55/><D55/><N who="1" m="34303" /><E68/><V7/><F70/><N who="3" m="42287" /><G67/><N who="2" m="25641" /><F7/><W93/><G79/><RYUUKYOKU ba="0,1" sc="167,15,343,15,332,-15,148,-15" hai0="14,18,23,82,85,87,88,90,98,100,107,129,131" hai1="73,74,96,101,106,121,122" /><INIT seed="4,1,1,5,0,55" ten="182,358,317,133" oya="0" hai0="122,100,20,32,72,106,35,18,121,96,74,112,119" hai1="92,129,13,120,37,76,84,6,69,123,1,42,28" hai2="133,30,14,132,108,58,117,44,10,124,93,66,99" hai3="75,57,110,118,16,49,38,50,126,12,31,5,113"/><T2/><D119/><U82/><E69/><V80/><F108/><W17/><G118/><T68/><D112/><U48/><E37/><V33/><F117/><W67/><G38/><T90/><D68/><U88/><E1/><V127/><F44/><W23/><G75/><T3/><D90/><U103/><E103/><N who="2" m="60911" /><F80/><W47/><G113/><T19/><D96/><U45/><E28/><V21/><F33/><W78/><G78/><T87/><D87/><N who="1" m="52255" /><E129/><V102/><F102/><W81/><G81/><T43/><D100/><U70/><E70/><V61/><F21/><W105/><G105/><T0/><D20/><U56/><E56/><V65/><F65/><W109/><G31/><T131/><D43/><U97/><E97/><V8/><F30/><W46/><G5/><T107/><REACH who="0" step="1"/><D0/><REACH who="0" ten="172,358,317,133" step="2"/><U77/><E77/><V104/><F104/><W111/><G111/><T24/><D24/><U98/><E98/><V41/><F41/><W135/><G110/><T60/><D60/><U134/><E120/><V115/><F115/><W95/><G109/><T63/><D63/><U59/><E42/><V116/><F116/><W27/><G27/><T83/><D83/><U51/><E82/><V7/><F8/><W54/><G23/><T40/><D40/><U85/><E76/><V71/><F71/><W22/><G22/><T73/><D73/><U79/><E79/><V64/><F64/><W94/><G67/><T52/><D52/><N who="1" m="32159" /><E123/><V86/><F86/><W26/><G26/><T128/><AGARI ba="1,2" hai="2,3,18,19,32,35,72,74,106,107,121,122,128,131" machi="128" ten="25,9600,0" yaku="1,1,0,1,22,2,53,0" doraHai="55" doraHaiUra="9" who="0" fromWho="0" sc="172,119,358,-33,317,-33,133,-33" /><INIT seed="4,2,0,2,0,105" ten="291,325,284,100" oya="0" hai0="99,75,124,51,81,115,29,128,134,76,38,12,125" hai1="7,127,24,87,129,3,18,118,31,130,66,60,131" hai2="56,110,35,43,79,4,5,121,126,22,98,17,34" hai3="89,80,63,112,83,0,53,50,48,64,135,45,82"/><T109/><D38/><U10/><E118/><V54/><F121/><W78/><G0/><T106/><D115/><U55/><E127/><N who="0" m="48713" /><D29/><U65/><E87/><V73/><F110/><W84/><G112/><T25/><D25/><U11/><E55/><V47/><F126/><W74/><G135/><T32/><D32/><N who="1" m="20583" /><E60/><V39/><F98/><W94/><REACH who="3" step="1"/><G48/><REACH who="3" ten="291,325,284,90" step="2"/><T120/><D51/><U91/><E131/><V104/><F39/><W15/><G15/><T117/><D12/><U119/><E3/><V95/><F43/><W59/><AGARI ba="2,1" hai="45,50,53,59,63,64,74,78,80,82,83,84,89,94" machi="59" ten="20,8000,1" yaku="1,1,0,1,7,1,52,1,53,1" doraHai="105" doraHaiUra="62" who="3" fromWho="3" sc="291,-42,325,-22,284,-22,90,96" /><INIT seed="5,0,0,3,4,48" ten="249,303,262,186" oya="1" hai0="33,28,13,96,116,128,8,6,82,55,114,1,60" hai1="130,44,58,2,43,72,52,68,104,119,11,38,59" hai2="70,19,37,27,86,46,102,110,29,7,112,101,111" hai3="0,78,56,84,81,103,132,14,79,90,124,26,99"/><U3/><E119/><V32/><F70/><W49/><G0/><T125/><D116/><U133/><E104/><V87/><F7/><W91/><G124/><T100/><D125/><U76/><E68/><V5/><F5/><W118/><G118/><T123/><D114/><U74/><E133/><V22/><F112/><W16/><G132/><T30/><D128/><U127/><E59/><V40/><F87/><W77/><G26/><T53/><D33/><U98/><E130/><V117/><F117/><W66/><G91/><T34/><D34/><U73/><E127/><V95/><F86/><W36/><G36/><T120/><D82/><N who="1" m="45319" /><E98/><V109/><REACH who="2" step="1"/><F95/><REACH who="2" ten="249,303,252,186" step="2"/><W18/><G14/><AGARI ba="0,1" hai="14,19,22,27,29,32,37,40,46,101,102,109,110,111" machi="14" ten="40,2600,0" yaku="1,1,2,1,53,0" doraHai="48" doraHaiUra="85" who="2" fromWho="3" sc="249,0,303,0,252,36,186,-26" /><INIT seed="6,0,0,0,0,48" ten="249,303,288,160" oya="2" hai0="128,29,132,2,39,119,124,89,120,60,15,109,12" hai1="126,135,8,66,95,20,102,18,110,125,90,98,71" hai2="92,40,100,27,70,129,6,104,106,14,45,78,79" hai3="101,53,69,23,50,121,25,99,88,59,38,83,61"/><V49/><F70/><W86/><G38/><T105/><RYUUKYOKU type="yao9" ba="0,0" sc="249,0,303,0,288,0,160,0" hai0="2,12,15,29,39,60,89,105,109,119,120,124,128,132" /><INIT seed="6,1,0,5,2,115" ten="249,303,288,160" oya="2" hai0="12,48,14,100,57,98,50,118,76,23,111,63,56" hai1="6,95,83,124,19,65,5,45,93,114,10,44,13" hai2="8,126,117,129,77,78,104,31,133,49,84,113,103" hai3="134,119,108,106,127,37,99,121,96,53,131,62,79"/><V34/><F34/><W54/><G121/><T36/><D36/><U82/><E114/><V1/><F31/><W69/><G108/><T128/><D111/><U120/><E65/><V71/><F71/><W40/><G127/><T7/><D128/><U91/><E120/><V85/><F113/><W17/><G131/><T80/><D118/><U72/><E95/><V27/><F27/><W58/><G134/><T15/><D7/><N who="1" m="2571" /><E72/><V109/><F8/><W66/><G119/><T3/><D3/><U60/><E60/><V73/><F1/><W18/><G79/><T68/><D68/><U122/><E124/><V107/><F126/><W42/><G54/><T30/><D80/><N who="1" m="30763" /><E122/><V41/><F73/><W81/><G81/><T16/><D76/><N who="2" m="29290" /><F117/><W35/><G35/><T130/><D30/><U105/><E105/><V75/><F75/><W2/><G2/><T90/><D90/><U4/><N who="1" m="2579" /><U29/><DORA hai="26" /><E29/><V132/><F104/><W22/><G17/><T101/><D130/><U11/><E11/><V9/><F9/><W87/><G87/><AGARI ba="1,0" hai="10,13,19,44,45,87,91,93" m="30763,2579" machi="87" ten="30,1000,0" yaku="8,1" doraHai="115,26" who="1" fromWho="3" sc="249,0,303,13,288,0,160,-13" /><INIT seed="7,0,0,3,1,13" ten="249,316,288,147" oya="3" hai0="8,107,81,65,52,109,84,96,32,34,55,71,90" hai1="33,60,111,126,59,36,66,40,49,93,72,35,117" hai2="77,43,100,29,98,121,23,76,128,6,114,124,127" hai3="10,103,74,44,27,30,31,79,78,54,5,83,58"/><W21/><G103/><T131/><D109/><U63/><E111/><V120/><F6/><W101/><G101/><T51/><D107/><U92/><E72/><V125/><F43/><W56/><G78/><N who="2" m="30313" /><F114/><W94/><G94/><N who="1" m="36458" /><E63/><V64/><F64/><W87/><G74/><T17/><D131/><U88/><E88/><V80/><F80/><W116/><G116/><T95/><D55/><N who="1" m="32239" /><E126/><V106/><F128/><W133/><G133/><T19/><D65/><U41/><E41/><V50/><F50/><W37/><G30/><T48/><D48/><U0/><E0/><V69/><F69/><W2/><REACH who="3" step="1"/><G37/><REACH who="3" ten="249,316,288,137" step="2"/><T61/><D95/><U16/><E117/><V108/><F108/><W99/><G99/><T134/><D96/><U12/><E36/><V28/><F28/><W62/><G62/><T113/><D61/><U39/><E39/><V3/><F125/><W119/><G119/><T135/><D135/><U4/><E60/><V123/><F127/><W129/><G129/><T22/><D134/><U1/><E66/><V11/><F124/><W85/><G85/><T91/><D84/><U130/><E130/><V14/><F29/><W42/><G42/><T9/><D91/><U102/><E40/><V47/><F98/><W7/><G7/><T20/><D90/><U118/><E102/><V57/><F100/><W68/><G68/><T38/><D71/><U67/><E67/><V89/><F89/><W73/><G73/><T97/><D38/><U18/><E118/><V15/><F121/><W112/><G112/><T105/><D113/><U70/><E70/><V75/><F123/><RYUUKYOKU ba="0,1" sc="249,-10,316,-10,288,-10,137,30" hai3="2,5,10,21,27,31,44,54,56,58,79,83,87" /><INIT seed="7,1,1,0,1,135" ten="239,306,278,167" oya="3" hai0="107,80,49,90,99,52,3,118,120,119,110,132,23" hai1="40,25,35,98,76,0,131,85,105,9,24,59,133" hai2="81,58,73,92,77,51,43,126,53,94,100,65,124" hai3="68,115,114,89,19,72,15,84,61,38,96,71,45"/><W6/><G72/><T27/><D110/><U60/><E133/><V22/><F43/><N who="3" m="22775" /><G6/><T95/><D132/><U75/><E131/><V29/><F65/><W17/><G96/><T82/><D3/><U117/><E117/><V113/><F113/><N who="3" m="43019" /><G61/><T103/><D120/><U63/><E85/><V108/><F108/><W122/><G122/><T54/><D118/><U50/><E0/><V47/><F47/><W69/><G15/><T121/><D121/><U91/><E105/><V18/><F29/><W97/><G97/><T4/><D4/><U123/><E98/><V88/><F100/><W46/><G46/><N who="0" m="27703" /><D107/><U116/><E63/><V42/><F42/><W20/><G20/><T127/><D119/><U2/><E60/><V13/><F94/><AGARI ba="1,1" hai="17,19,68,69,71,84,89,94" m="43019,22775" machi="94" ten="40,2000,0" yaku="15,1" doraHai="135" who="3" fromWho="2" sc="239,0,306,0,278,-23,167,33" /><INIT seed="7,2,0,0,0,98" ten="239,306,255,200" oya="3" hai0="95,59,40,34,84,10,24,23,119,73,121,61,36" hai1="56,109,54,107,124,90,79,43,29,104,101,0,128" hai2="12,22,112,58,120,37,88,94,71,20,122,92,86" hai3="99,75,78,116,7,5,97,28,57,80,8,127,111"/><W51/><G116/><T91/><D119/><U50/><E0/><V26/><F71/><W105/><G111/><T18/><D121/><N who="2" m="46698" /><F112/><W14/><G127/><T132/><D132/><U129/><E124/><V125/><F37/><W134/><G134/><T131/><D131/><N who="1" m="50251" /><E109/><V31/><F125/><W53/><G28/><T103/><D73/><U15/><E79/><V65/><F94/><W49/><G5/><T55/><D34/><U117/><E117/><V67/><F58/><W64/><G64/><N who="2" m="24649" /><F12/><W135/><G135/><T76/><D36/><U21/><E101/><V42/><F42/><W62/><REACH who="3" step="1"/><G97/><REACH who="3" ten="239,306,255,190" step="2"/><N who="0" m="59839" /><D40/><U38/><E29/><V2/><F2/><W17/><G17/><T77/><D10/><U60/><E38/><V33/><AGARI ba="2,1" hai="20,22,26,31,33,86,88,92" m="24649,46698" machi="33" ten="30,2000,0" yaku="13,1,54,1" doraHai="98" who="2" fromWho="2" sc="239,-7,306,-7,255,36,190,-12" /><INIT seed="8,0,0,1,2,35" ten="232,299,291,178" oya="0" hai0="111,133,14,31,67,78,122,101,24,77,97,4,117" hai1="105,50,114,63,118,59,53,124,86,134,44,103,102" hai2="98,21,106,69,60,107,83,13,22,73,56,48,82" hai3="54,74,132,123,91,8,104,64,51,128,46,89,49"/><T92/><D117/><U17/><E118/><V12/><F69/><W34/><G34/><T33/><D122/><U16/><E114/><V27/><F73/><W71/><G74/><T43/><D133/><U65/><E134/><V0/><F0/><W52/><G132/><T37/><D111/><U93/><E105/><V6/><F107/><W115/><G115/><T126/><D126/><U9/><E124/><V7/><F106/><W80/><G104/><T62/><D43/><U108/><E108/><V2/><F98/><W112/><G112/><T135/><D37/><U42/><E9/><N who="2" m="4159" /><F2/><W95/><G123/><T58/><D135/><U129/><E129/><V39/><F48/><W84/><G128/><T79/><D14/><U3/><E3/><V85/><F85/><W130/><G130/><T55/><REACH who="0" step="1"/><D4/><REACH who="0" ten="222,299,291,178" step="2"/><U18/><E42/><V75/><F39/><W110/><G110/><T121/><D121/><U29/><E29/><N who="2" m="17647" /><F6/><W5/><G5/><T41/><D41/><U11/><E11/><V109/><F109/><W125/><G8/><T47/><D47/><U120/><E120/><V116/><F116/><W127/><G127/><T45/><D45/><U20/><E20/><V23/><F23/><W68/><G125/><T87/><D87/><U61/><E61/><V1/><F1/><W72/><G72/><T25/><D25/><U32/><E32/><V99/><F75/><W30/><G30/><T15/><D15/><U100/><E86/><V26/><F13/><W38/><G38/><T96/><D96/><AGARI ba="0,1" hai="16,17,18,44,50,53,59,63,65,93,96,100,102,103" machi="96" ten="40,2600,0" yaku="8,1,54,1" doraHai="35" who="1" fromWho="0" sc="222,-26,299,36,291,0,178,0" owari="196,-20.0,335,43.0,291,9.0,178,-32.0" /></mjloggm>