<mjloggm ver="2.3"><GO type="169" lobby="0"/><UN n0="%E5%B1%B1%E5%B9%B8%E5%95%86%E5%BA%97" n1="%68%61%72%75%74%69%6E" n2="%74%6F%72%69%30%36%31%32" n3="%E3%81%8D%E3%81%A3%E3%81%8F%E3%82%93" dan="16,17,17,17" rate="2122.92,2120.27,2117.71,2183.90" sx="M,M,M,M"/><TAIKYOKU oya="0"/><INIT seed="0,0,0,5,0,83" ten="250,250,250,250" oya="0" hai0="11,68,113,66,20,107,58,89,38,57,45,126,21" hai1="4,117,73,116,56,0,63,130,91,90,120,1,105" hai2="70,133,121,12,108,67,13,93,49,79,22,101,74" hai3="27,72,2,125,135,8,30,59,14,7,85,71,88"/><T36/><D107/><U64/><E120/><V31/><F121/><W127/><G71/><T119/><D89/><U110/><E105/><V23/><F133/><W32/><G72/><T25/><D11/><U132/><E73/><V106/><F106/><W76/><G76/><T97/><D97/><U65/><E132/><V34/><F34/><W129/><G129/><T84/><D25/><U95/><E130/><V102/><F108/><W35/><G135/><T114/><D68/><U75/><E75/><V29/><F67/><W109/><G109/><T47/><D66/><U77/><E77/><V18/><F70/><W94/><G35/><T111/><D111/><U10/><E110/><V50/><F74/><W52/><REACH who="3" step="1"/><G2/><REACH who="3" ten="250,250,250,240" step="2"/><T24/><D126/><U134/><E134/><V28/><F79/><W78/><G78/><T46/><D119/><U6/><E116/><V17/><F93/><W55/><G55/><T112/><D24/><U15/><E117/><V86/><F29/><W62/><AGARI ba="0,1" hai="7,8,14,27,30,32,52,59,62,85,88,94,125,127" machi="62" ten="30,8000,1" yaku="1,1,0,1,52,1,54,2,53,0" doraHai="83" doraHaiUra="96" who="3" fromWho="3" sc="250,-40,250,-20,250,-20,240,90" /><INIT seed="1,0,0,1,0,100" ten="210,230,230,330" oya="1" hai0="71,38,94,18,19,45,121,3,42,50,62,76,54" hai1="80,98,87,11,8,7,58,113,84,91,22,110,103" hai2="36,64,60,89,122,40,23,101,132,0,41,16,74" hai3="125,56,68,6,79,2,123,88,105,57,111,32,30"/><U46/><E113/><V127/><F122/><W34/><G68/><T102/><D3/><U82/><E110/><V59/><F0/><W25/><G34/><T52/><D54/><U65/><E46/><V90/><F74/><W117/><G123/><T114/><D76/><U109/><E109/><V15/><F132/><W20/><G111/><T66/><D114/><U61/><E22/><V49/><F36/><W53/><G79/><T44/><D121/><U119/><E7/><V95/><F127/><W129/><G129/><T118/><D118/><U96/><E119/><V13/><F13/><W104/><G56/><T97/><AGARI ba="0,0" hai="18,19,38,42,44,45,50,52,62,66,71,94,97,102" machi="97" ten="30,2000,0" yaku="0,1,54,1" doraHai="100" who="0" fromWho="0" sc="210,20,230,-10,230,-5,330,-5" /><INIT seed="2,0,0,4,4,107" ten="230,220,225,325" oya="2" hai0="42,124,51,35,26,134,54,6,5,21,90,62,41" hai1="65,34,10,115,20,8,9,0,95,15,12,123,36" hai2="101,129,39,114,110,60,49,59,105,48,109,80,93" hai3="122,33,128,28,17,18,52,19,70,120,103,92,74"/><V69/><F69/><W64/><G128/><T67/><D35/><U130/><E36/><V50/><F39/><W78/><G28/><T94/><D134/><U11/><E65/><V82/><F105/><W14/><G33/><T113/><D124/><U116/><E95/><V111/><F114/><W27/><G27/><T2/><D2/><U131/><E116/><V40/><F40/><N who="0" m="15466" /><D62/><U29/><E123/><V97/><REACH who="2" step="1"/><F129/><REACH who="2" ten="230,220,215,325" step="2"/><N who="1" m="49161" /><E115/><V72/><F72/><W75/><G75/><T38/><D38/><U23/><E0/><V133/><F133/><W88/><G74/><T57/><D113/><U104/><E104/><V24/><F24/><W7/><G70/><T1/><D1/><U3/><E3/><V83/><F83/><W71/><G71/><T13/><D13/><N who="1" m="5195" /><E8/><V100/><F100/><W99/><G103/><T79/><D79/><U4/><E4/><V112/><F112/><W43/><G120/><T121/><D121/><U77/><E77/><V86/><F86/><W22/><G78/><T84/><D67/><AGARI ba="0,1" hai="48,49,50,59,60,67,80,82,93,97,101,109,110,111" machi="67" ten="50,9600,0" yaku="1,1,14,1,10,1,53,0" doraHai="107" doraHaiUra="126" who="2" fromWho="0" sc="230,-96,220,0,215,106,325,0" /><INIT seed="2,1,0,5,2,37" ten="134,220,321,325" oya="2" hai0="63,78,125,131,48,95,31,22,40,67,39,71,98" hai1="132,27,76,92,87,128,9,44,118,2,4,88,57" hai2="11,91,61,7,113,45,18,17,35,29,110,117,41" hai3="129,94,121,112,115,130,1,49,134,75,15,69,32"/><V54/><F117/><W99/><G75/><T12/><D78/><U127/><E118/><V85/><F113/><N who="3" m="43595" /><G1/><T86/><D131/><N who="3" m="50185" /><G32/><T70/><D125/><U20/><E128/><V53/><F110/><W42/><G69/><T60/><D86/><U106/><E106/><V74/><F74/><W82/><G82/><T59/><D12/><U93/><E127/><V33/><F29/><W105/><G105/><T26/><D60/><U83/><E132/><V122/><F122/><W114/><G114/><T84/><D84/><U43/><E57/><V103/><F103/><W55/><G134/><T51/><D39/><U135/><E76/><V81/><F33/><W72/><G72/><T14/><D14/><U62/><E62/><V66/><F35/><W38/><G15/><T123/><D123/><U65/><E65/><V6/><F6/><W79/><G79/><T96/><D96/><U116/><E116/><V102/><F102/><W107/><G107/><T13/><D13/><U16/><REACH who="1" step="1"/><E135/><REACH who="1" ten="134,210,321,325" step="2"/><V73/><F7/><W90/><G121/><T5/><D5/><U89/><E89/><V36/><F11/><W34/><G34/><T126/><D126/><U46/><E46/><V120/><F120/><W111/><G111/><T80/><D71/><U77/><E77/><V30/><F73/><W124/><G124/><T109/><D70/><U58/><E58/><V25/><F66/><W108/><G108/><T50/><D109/><U119/><E119/><V100/><F91/><W23/><G90/><N who="0" m="55671" /><D80/><U104/><E104/><V24/><F81/><W64/><G64/><T97/><D97/><RYUUKYOKU ba="1,1" sc="134,15,210,15,321,-15,325,-15" hai0="22,26,31,40,48,50,51,59,63,67" hai1="2,4,9,16,20,27,43,44,83,87,88,92,93" /><INIT seed="3,2,1,3,2,94" ten="149,225,306,310" oya="3" hai0="113,28,128,119,22,30,13,103,27,71,98,54,7" hai1="14,69,53,129,86,35,126,91,95,106,40,16,122" hai2="4,34,84,57,11,1,59,130,116,134,81,75,89" hai3="8,10,114,115,79,72,118,64,82,127,88,37,83"/><W110/><G118/><T46/><D119/><U47/><E122/><V48/><F130/><W12/><G37/><T93/><D71/><U44/><E129/><V25/><F134/><W52/><G127/><T125/><D125/><U90/><E126/><V19/><F116/><W3/><G3/><T38/><D128/><U65/><E106/><V29/><F75/><W85/><G64/><T133/><D133/><U51/><E35/><V77/><F77/><W87/><G110/><T60/><D113/><U123/><E123/><V20/><REACH who="2" step="1"/><F48/><REACH who="2" ten="149,225,296,310" step="2"/><W9/><G72/><T80/><D38/><U15/><E51/><V68/><F68/><W67/><G115/><T112/><D112/><U131/><E69/><V61/><F61/><W31/><G114/><T45/><D30/><U21/><E131/><V49/><F49/><W63/><G31/><T62/><D80/><U105/><E47/><N who="0" m="17929" /><D54/><U42/><E53/><V5/><F5/><W18/><REACH who="3" step="1"/><G52/><REACH who="3" ten="149,225,296,300" step="2"/><T43/><D43/><U2/><E42/><V107/><F107/><W58/><AGARI ba="2,3" hai="8,9,10,12,18,58,63,67,79,82,83,85,87,88" machi="58" ten="20,18000,2" yaku="1,1,2,1,0,1,7,1,8,1,54,1,53,0" doraHai="94" doraHaiUra="50" who="3" fromWho="3" sc="149,-62,225,-62,296,-62,300,216" /><INIT seed="3,3,0,2,0,51" ten="87,163,234,516" oya="3" hai0="89,108,52,97,127,9,47,92,54,86,22,7,114" hai1="60,46,63,14,30,1,104,120,115,13,68,64,69" hai2="135,99,74,0,93,125,53,29,11,88,82,45,59" hai3="6,119,83,48,106,24,98,12,19,131,71,4,79"/><W25/><G119/><T41/><D108/><U37/><E120/><V118/><F118/><W87/><G71/><T80/><D127/><U105/><E115/><V35/><F125/><W90/><G131/><T5/><D114/><U77/><E1/><V95/><F135/><W123/><G123/><T94/><D94/><U110/><E110/><V81/><F45/><W36/><G36/><T70/><D70/><U121/><E121/><V73/><F29/><W49/><G106/><T57/><D22/><U76/><E30/><V55/><F35/><W126/><G126/><T134/><D134/><U26/><E26/><N who="3" m="10346" /><G98/><T62/><D9/><U28/><E28/><V103/><F0/><W61/><G90/><T107/><D107/><U67/><E46/><V44/><F11/><W31/><G61/><T15/><D15/><U101/><E37/><V129/><F129/><W32/><G32/><T10/><D10/><U16/><REACH who="1" step="1"/><E101/><REACH who="1" ten="87,153,234,516" step="2"/><V3/><F3/><W113/><G31/><T111/><D111/><U58/><E58/><V130/><F130/><W128/><G128/><T91/><D54/><U56/><E56/><V85/><F44/><W117/><G117/><T2/><D2/><U75/><E75/><V38/><F38/><AGARI ba="3,1" hai="5,7,38,41,47,52,57,62,80,86,89,91,92,97" machi="38" ten="30,3900,0" yaku="7,1,52,1,54,1" doraHai="51" who="0" fromWho="2" sc="87,58,153,0,234,-48,516,0" /><INIT seed="4,0,0,0,3,99" ten="145,153,186,516" oya="0" hai0="112,122,120,111,34,28,130,108,117,24,68,38,84" hai1="47,44,105,106,48,102,133,91,51,16,119,104,87" hai2="128,81,66,54,30,0,17,35,19,57,25,26,116" hai3="85,132,80,14,86,21,33,126,129,37,3,124,135"/><T65/><D84/><U31/><E119/><V12/><F66/><W109/><G109/><N who="0" m="42059" /><D38/><U100/><E31/><V101/><F0/><W93/><G3/><T55/><D55/><U90/><E133/><N who="3" m="51274" /><G33/><T118/><D130/><U6/><E6/><V7/><F128/><W5/><G37/><T62/><D112/><U41/><E16/><V67/><F26/><W22/><G129/><T69/><D69/><U114/><E114/><V74/><F67/><W83/><G93/><T50/><D50/><U43/><REACH who="1" step="1"/><E91/><REACH who="1" ten="145,143,186,516" step="2"/><V134/><F116/><AGARI ba="0,1" hai="24,28,34,62,65,68,116,117,118,120,122" m="42059" machi="116" ten="30,2900,0" yaku="10,1,23,1" doraHai="99" who="0" fromWho="2" sc="145,39,143,0,186,-29,516,0" /><INIT seed="4,1,0,3,0,125" ten="184,143,157,516" oya="0" hai0="63,58,68,113,2,100,23,28,88,29,35,112,119" hai1="122,95,25,47,89,93,1,48,105,120,135,81,19" hai2="102,133,41,104,67,99,86,121,10,13,51,107,5" hai3="6,8,130,12,43,37,78,115,39,62,79,132,17"/><T33/><D2/><U21/><E105/><V45/><F133/><W4/><G130/><T15/><D100/><U111/><E111/><V20/><F121/><W27/><G39/><T53/><D68/><U116/><E116/><V50/><F67/><W84/><G115/><N who="0" m="44107" /><D119/><U69/><E69/><V114/><F114/><W26/><G62/><T92/><D15/><U96/><E135/><V14/><F107/><W65/><G65/><T128/><D128/><U82/><E1/><V38/><F86/><W30/><G132/><T126/><D126/><U22/><E120/><V74/><F74/><W56/><G56/><T85/><D23/><U11/><E122/><V73/><F73/><W44/><G27/><T94/><D92/><U52/><E11/><V129/><F129/><W109/><G109/><T97/><D97/><N who="1" m="57519" /><E22/><V124/><F124/><W18/><G6/><T101/><D101/><AGARI ba="1,0" hai="19,21,25,47,48,52,81,82,95,96,101" m="57519" machi="101" ten="30,2000,0" yaku="8,1,54,1" doraHai="125" who="1" fromWho="0" sc="184,-23,143,23,157,0,516,0" /><INIT seed="5,0,0,2,2,134" ten="161,166,157,516" oya="1" hai0="53,1,124,123,65,77,0,107,125,96,25,103,86" hai1="109,115,28,106,33,55,108,41,59,118,129,26,84" hai2="61,15,91,29,60,20,116,17,14,110,57,66,130" hai3="80,112,95,90,93,40,67,49,122,114,133,111,56"/><U42/><E118/><V64/><F110/><N who="1" m="42601" /><E129/><V75/><F75/><W101/><G111/><T23/><D123/><U19/><E115/><N who="3" m="44074" /><G133/><T18/><D65/><U87/><E106/><V32/><F130/><W21/><G21/><T52/><D77/><U8/><E8/><V132/><F132/><W46/><G122/><T58/><D86/><N who="1" m="32811" /><E19/><V135/><F135/><W16/><G101/><T97/><D97/><U94/><E94/><V119/><F91/><W71/><G71/><T47/><D47/><U51/><AGARI ba="0,0" hai="26,28,33,41,42,51,55,59" m="32811,42601" machi="51" ten="30,1500,0" yaku="10,1" doraHai="134" who="1" fromWho="1" sc="161,-5,166,15,157,-5,516,-5" /><INIT seed="5,1,0,2,2,97" ten="156,181,152,511" oya="1" hai0="32,110,126,111,26,68,87,36,135,58,34,33,116" hai1="14,50,82,121,62,1,38,21,67,94,16,80,13" hai2="93,4,133,115,84,127,44,45,46,11,130,124,51" hai3="2,42,53,70,81,83,114,86,96,63,48,65,76"/><U74/><E121/><V31/><F133/><W39/><G114/><T106/><D87/><U60/><E38/><V90/><F130/><W43/><G39/><T35/><D58/><U98/><E1/><V118/><F118/><W10/><G96/><T20/><D36/><U24/><E50/><V117/><F31/><W49/><G49/><T47/><D47/><U79/><E82/><V129/><F129/><W108/><G108/><N who="0" m="41515" /><D116/><U89/><REACH who="1" step="1"/><E60/><REACH who="1" ten="156,171,152,511" step="2"/><V7/><F117/><W92/><G83/><T37/><D37/><U85/><E85/><V55/><F115/><W56/><G2/><T59/><D135/><U88/><E88/><V78/><F78/><W9/><G48/><T18/><D126/><N who="2" m="48170" /><F11/><W122/><G10/><T72/><D72/><U109/><E109/><V91/><F91/><W8/><G9/><T12/><D35/><U25/><E25/><V66/><F46/><W6/><G8/><T0/><D34/><U69/><AGARI ba="1,1" hai="13,14,16,21,24,62,67,69,74,79,80,89,94,98" machi="69" ten="20,12000,1" yaku="1,1,0,1,7,1,54,1,53,1" doraHai="97" doraHaiUra="77" who="1" fromWho="1" sc="156,-41,171,133,152,-41,511,-41" /><INIT seed="5,2,0,0,3,71" ten="115,304,111,470" oya="1" hai0="65,50,62,130,75,118,32,69,86,45,15,117,129" hai1="59,51,67,4,1,31,78,30,98,83,135,82,94" hai2="107,115,132,111,90,43,53,17,33,133,101,16,116" hai3="61,121,113,44,39,42,134,47,68,40,56,36,106"/><U93/><E135/><N who="2" m="51787" /><F116/><N who="0" m="44650" /><D32/><U74/><E83/><V99/><F111/><W29/><G134/><T11/><D75/><U96/><E1/><V124/><F124/><W48/><G106/><T22/><D22/><U38/><E4/><V9/><F115/><W77/><G77/><T122/><D86/><U126/><E126/><V5/><F33/><W89/><G29/><T28/><D28/><U119/><E119/><V120/><F120/><W72/><G72/><T25/><D25/><U52/><E38/><V97/><F43/><W6/><G6/><T87/><D11/><U34/><E67/><V14/><F53/><W3/><G3/><T108/><D87/><U91/><REACH who="1" step="1"/><E34/><REACH who="1" ten="115,294,111,470" step="2"/><V81/><F81/><W112/><G121/><T125/><D125/><U18/><E18/><V7/><F7/><W109/><G109/><T103/><D108/><U23/><E23/><V20/><F20/><W92/><G113/><T60/><D122/><U104/><E104/><V54/><F17/><W35/><G35/><T13/><D65/><U55/><E55/><V88/><F5/><W95/><G112/><T49/><D69/><U19/><E19/><V26/><F54/><W41/><G68/><T84/><D45/><U57/><E57/><V58/><F58/><W73/><G47/><T79/><D50/><U127/><E127/><V110/><F110/><W76/><G48/><T10/><D49/><U85/><E85/><V123/><F123/><W70/><G44/><T27/><D84/><U63/><E63/><V105/><F26/><W128/><G70/><T2/><D27/><U46/><E46/><RYUUKYOKU ba="2,1" sc="115,-15,294,15,111,15,470,-15" hai1="30,31,51,52,59,74,78,82,91,93,94,96,98" hai2="9,14,16,88,90,97,99,101,105,107" /><INIT seed="5,3,1,3,5,125" ten="100,309,126,455" oya="1" hai0="107,24,54,59,11,31,50,9,45,60,0,10,8" hai1="42,5,52,129,76,23,61,63,99,30,130,66,33" hai2="103,80,131,88,126,105,3,135,128,101,94,113,115" hai3="86,75,132,118,2,64,13,29,37,67,20,41,77"/><U133/><E133/><V78/><F3/><W15/><G86/><T134/><D107/><U65/><E33/><V17/><F17/><W74/><G15/><T100/><D100/><N who="2" m="38474" /><F105/><W25/><G118/><T46/><N who="0" m="2560" /><DORA hai="120" /><T12/><D12/><U109/><E109/><V73/><F126/><W28/><G132/><T91/><D134/><U93/><E5/><V117/><F117/><W92/><G92/><T87/><D0/><U32/><E32/><V84/><F135/><W58/><G2/><T102/><D102/><N who="1" m="60783" /><E76/><V81/><F81/><W112/><G112/><AGARI ba="3,1" hai="73,78,80,84,88,94,112,113,115,128,131" m="38474" machi="112" ten="30,12000,2" yaku="15,1,11,1,34,2,52,2,54,1" doraHai="125,120" who="2" fromWho="3" sc="100,0,309,0,126,139,455,-129" /><INIT seed="6,0,0,2,1,93" ten="100,309,265,326" oya="2" hai0="112,113,87,20,89,75,86,12,123,126,48,52,27" hai1="129,102,117,66,70,73,29,105,104,115,130,57,69" hai2="85,74,35,109,116,24,91,3,23,42,13,60,80" hai3="11,83,68,46,53,18,134,108,32,28,17,106,47"/><V131/><F116/><W114/><G108/><T50/><D75/><U72/><E117/><V21/><F3/><W119/><G68/><N who="1" m="26218" /><E29/><V65/><F74/><N who="1" m="28777" /><E115/><V33/><F131/><N who="1" m="50185" /><E102/><V55/><F109/><W127/><G114/><T79/><D123/><U0/><E0/><V59/><F42/><W121/><G28/><T25/><D126/><U36/><E36/><V5/><F35/><W124/><G32/><T2/><D2/><U19/><E19/><N who="2" m="10479" /><F5/><W111/><G18/><T61/><D61/><AGARI ba="0,0" hai="57,61,66,104,105" m="50185,28777,26218" machi="61" ten="40,1300,0" yaku="19,1" doraHai="93" who="1" fromWho="0" sc="100,-13,309,13,265,0,326,0" /><INIT seed="7,0,0,5,3,39" ten="87,322,265,326" oya="3" hai0="9,133,51,41,108,20,59,12,40,16,62,42,63" hai1="72,45,70,43,105,124,91,74,55,121,21,127,47" hai2="3,65,80,134,81,68,27,56,7,64,26,112,109" hai3="89,29,116,82,23,104,103,135,66,2,52,122,11"/><W84/><G116/><T1/><D108/><U4/><E121/><V33/><F109/><W71/><G122/><T97/><D133/><U76/><E105/><V69/><F3/><W25/><G135/><T15/><D1/><U126/><E70/><V117/><F134/><W120/><G120/><T44/><D97/><U87/><E76/><V130/><F56/><W101/><G104/><T53/><D63/><U77/><E77/><V86/><F7/><AGARI ba="0,0" hai="7,9,12,15,16,20,40,41,42,44,51,53,59,62" machi="7" ten="30,12000,2" yaku="7,1,8,1,52,3,54,1" doraHai="39" who="0" fromWho="2" sc="87,120,322,0,265,-120,326,0" owari="207,-19.0,322,12.0,145,-35.0,326,42.0" /></mjloggm>