<mjloggm ver="2.3"><GO type="169" lobby="0"/><UN n0="%E5%B0%8F%E6%B1%A0%E5%BE%B9%E5%B9%B3" n1="%6E%69%6A%69" n2="%68%61%72%75%74%69%6E" n3="%E3%83%92%E3%83%AB%E3%83%8A%E3%83%9F%E3%83%B3" dan="18,17,17,16" rate="2217.14,2184.84,2122.03,2150.87" sx="M,M,M,F"/><TAIKYOKU oya="0"/><INIT seed="0,0,0,4,5,130" ten="250,250,250,250" oya="0" hai0="62,40,71,126,134,99,83,116,56,34,113,70,59" hai1="85,5,91,28,42,2,67,77,103,17,124,19,46" hai2="73,8,117,1,95,9,119,22,4,98,0,100,50" hai3="107,53,47,82,38,58,121,57,55,66,37,35,6"/><T45/><D34/><U63/><E77/><V23/><F73/><W10/><G35/><T135/><D116/><U39/><E28/><V69/><F69/><N who="0" m="26122" /><D99/><U76/><E76/><V114/><F114/><W81/><G107/><T61/><D83/><U128/><E103/><V52/><F0/><W88/><G121/><T60/><D113/><U36/><E36/><V74/><F9/><W92/><G66/><N who="0" m="39175" /><D126/><U101/><E101/><V7/><F7/><W41/><G82/><T87/><D87/><U3/><E124/><V29/><F74/><W120/><G81/><T21/><D21/><U127/><E127/><V108/><F108/><W33/><G33/><T15/><D15/><U24/><E24/><V65/><F65/><W79/><G79/><T132/><D59/><U89/><E2/><V115/><F115/><W80/><G80/><T13/><D13/><U18/><E85/><V32/><F32/><W109/><G120/><T75/><D75/><U111/><E111/><V84/><F84/><W123/><G109/><T12/><D12/><U133/><E3/><V43/><F29/><W106/><G123/><T118/><D118/><U11/><E5/><V78/><F78/><W131/><G106/><T54/><D54/><U27/><E11/><V30/><F52/><W104/><G55/><T26/><D26/><U31/><E27/><N who="2" m="16759" /><F23/><W49/><G104/><T97/><D97/><U20/><E20/><V112/><F112/><W64/><G58/><T122/><D122/><U94/><E31/><V16/><F16/><W96/><G53/><T72/><D72/><U93/><E17/><RYUUKYOKU ba="0,0" sc="250,15,250,-15,250,15,250,-15" hai0="40,45,61,62,132,134,135" hai2="1,4,8,43,50,95,98,100,117,119" /><INIT seed="0,1,0,0,0,132" ten="265,235,265,235" oya="0" hai0="35,89,30,21,15,69,68,56,86,129,24,81,112" hai1="72,73,2,18,31,4,60,84,52,87,29,9,118" hai2="71,76,133,123,119,5,74,25,93,111,23,58,38" hai3="70,50,61,36,122,77,102,103,67,99,121,47,83"/><T104/><D112/><U46/><E118/><V120/><F71/><W107/><G103/><T19/><D129/><U1/><E1/><V32/><F32/><W108/><G108/><T12/><D104/><U75/><E18/><V65/><F38/><W131/><G131/><T51/><REACH who="0" step="1"/><D15/><REACH who="0" ten="255,235,265,235" step="2"/><U26/><E29/><V130/><F130/><W44/><G36/><T110/><D110/><U88/><E31/><V114/><F111/><W0/><G0/><T78/><D78/><U115/><E115/><V17/><F114/><W126/><G121/><T39/><D39/><U106/><E106/><V7/><F119/><W48/><G122/><T92/><D92/><U42/><E2/><V16/><F93/><W53/><G77/><T41/><D41/><U90/><E42/><V135/><F76/><W79/><G79/><T128/><D128/><U13/><E72/><V134/><F74/><W55/><REACH who="3" step="1"/><G83/><REACH who="3" ten="255,235,265,225" step="2"/><T11/><D11/><N who="1" m="4327" /><E73/><V80/><F80/><W116/><G116/><T94/><D94/><U43/><E9/><V63/><F120/><W66/><G66/><T100/><D100/><U113/><E75/><V10/><F123/><W22/><G22/><T49/><D49/><U20/><E113/><V54/><F65/><W27/><G27/><T95/><D95/><U59/><E20/><N who="2" m="13447" /><F10/><W33/><G33/><T37/><D37/><N who="1" m="21871" /><E26/><AGARI ba="1,2" hai="5,7,17,23,26,54,58,63,133,134,135" m="13447" machi="26" ten="30,2000,0" yaku="20,1,54,1" doraHai="132" who="2" fromWho="1" sc="255,0,235,-23,265,43,225,0" /><INIT seed="1,0,0,4,0,95" ten="255,212,308,225" oya="1" hai0="15,31,102,7,36,130,1,82,18,60,8,135,132" hai1="115,47,120,107,5,134,9,44,81,67,119,10,90" hai2="6,20,4,69,32,93,52,3,16,83,127,75,94" hai3="84,30,129,46,76,17,55,64,79,24,12,99,88"/><U48/><E107/><V61/><F32/><W96/><G129/><T41/><D130/><U50/><E115/><V117/><F117/><W13/><G64/><T118/><D118/><U73/><E119/><V49/><F127/><W110/><G110/><T113/><D113/><U51/><E120/><V39/><F39/><W65/><G65/><T0/><D31/><U80/><E134/><N who="0" m="51241" /><D102/><U111/><E111/><V59/><F69/><W128/><G128/><T21/><D60/><U45/><E67/><V25/><F61/><W53/><G12/><N who="0" m="9415" /><D82/><N who="1" m="31851" /><E73/><V103/><F3/><N who="0" m="1098" /><D41/><U42/><E5/><V72/><F72/><W14/><G14/><T29/><D29/><U22/><E22/><V133/><F133/><W126/><G126/><T106/><D106/><U63/><E63/><V11/><F11/><N who="1" m="4105" /><E90/><V86/><F75/><W87/><G30/><T33/><D36/><U35/><E35/><AGARI ba="0,0" hai="7,8,15,33,35" m="1098,9415,51241" machi="35" ten="30,3900,0" yaku="20,1,34,2" doraHai="95" who="0" fromWho="1" sc="255,39,212,-39,308,0,225,0" /><INIT seed="2,0,0,1,5,30" ten="294,173,308,225" oya="2" hai0="13,25,113,33,97,22,124,28,88,41,14,12,128" hai1="90,114,80,21,103,78,70,101,67,74,6,2,3" hai2="60,47,127,62,26,91,120,133,87,46,11,35,75" hai3="8,51,4,105,106,1,72,83,119,116,126,112,66"/><V123/><F75/><W108/><G112/><T59/><D113/><U7/><E114/><V23/><F35/><W20/><G126/><T56/><D124/><U53/><E67/><V49/><F127/><W125/><G125/><T76/><D128/><U121/><E70/><V129/><F129/><W69/><G51/><T79/><D41/><U38/><E121/><V99/><F133/><W117/><G20/><T61/><D33/><U118/><E118/><V64/><F99/><W100/><G100/><T130/><D130/><U24/><E38/><V85/><F11/><W48/><G48/><T5/><D5/><U132/><E132/><V131/><F131/><W77/><REACH who="3" step="1"/><G108/><REACH who="3" ten="294,173,308,215" step="2"/><T89/><D22/><U40/><E103/><V115/><F115/><W92/><G92/><T82/><D61/><AGARI ba="0,1" hai="1,4,8,61,66,69,72,77,83,105,106,116,117,119" machi="61" ten="40,5200,0" yaku="1,1,23,2,53,0" doraHai="30" doraHaiUra="45" who="3" fromWho="0" sc="294,-52,173,0,308,0,215,62" /><INIT seed="3,0,0,0,3,14" ten="242,173,308,277" oya="3" hai0="43,25,13,97,21,133,92,91,71,109,10,120,73" hai1="46,80,47,33,0,128,34,113,100,102,36,59,95" hai2="7,1,24,62,39,94,37,118,125,3,111,16,121" hai3="110,103,127,19,23,108,5,107,78,67,123,30,27"/><W88/><G123/><T20/><D120/><U81/><E0/><V124/><F121/><W54/><G78/><T50/><D71/><U135/><E59/><V75/><F118/><W40/><G40/><T9/><D73/><U49/><E95/><V115/><F115/><W32/><G5/><T126/><D109/><N who="3" m="42089" /><G67/><T29/><D126/><N who="2" m="48746" /><F111/><W64/><G64/><T117/><D133/><U2/><E49/><V22/><F75/><W51/><G127/><T99/><D117/><U96/><E96/><V90/><F62/><W28/><G32/><T55/><D97/><U105/><E2/><N who="2" m="523" /><F7/><W104/><G103/><T101/><D43/><U63/><E113/><V98/><AGARI ba="0,0" hai="16,22,24,37,39,90,94,98" m="523,48746" machi="98" ten="30,4000,0" yaku="18,1,52,1,54,1" doraHai="14" who="2" fromWho="2" sc="242,-10,173,-10,308,40,277,-20" /><INIT seed="4,0,0,4,0,27" ten="232,163,348,257" oya="0" hai0="95,123,33,83,76,89,17,68,74,56,94,122,77" hai1="73,121,79,20,14,113,120,134,98,90,105,101,78" hai2="18,48,92,4,30,106,28,60,124,13,24,11,61" hai3="127,107,49,82,111,104,67,75,34,132,119,63,40"/><T7/><D68/><U118/><E118/><V1/><F106/><W2/><G119/><T16/><D33/><U110/><E110/><V117/><F117/><W81/><G111/><T36/><D36/><U37/><E37/><V100/><F124/><W6/><G127/><T15/><D7/><U25/><E14/><V103/><F48/><W46/><G132/><T72/><D56/><U39/><E39/><V22/><F1/><W102/><G6/><T19/><D15/><U129/><E134/><V47/><F47/><W93/><G2/><T41/><D41/><U57/><E129/><V52/><F92/><W42/><G42/><T44/><D44/><U0/><E0/><V69/><F69/><W109/><G109/><T62/><D62/><N who="2" m="24170" /><F52/><W5/><G5/><T135/><D135/><U131/><E131/><V53/><F53/><W108/><G108/><T86/><REACH who="0" step="1"/><D95/><REACH who="0" ten="222,163,348,257" step="2"/><U9/><E57/><V38/><F38/><W3/><G40/><T31/><D31/><AGARI ba="0,1" hai="4,11,13,18,22,24,28,30,31,100,103" m="24170" machi="31" ten="30,7700,0" yaku="8,1,52,3" doraHai="27" who="2" fromWho="0" sc="222,-77,163,0,348,87,257,0" /><INIT seed="5,0,0,4,5,112" ten="145,163,435,257" oya="1" hai0="58,15,65,62,123,44,29,126,77,20,6,87,86" hai1="32,39,84,27,61,9,110,93,117,51,11,104,73" hai2="56,31,109,106,19,13,22,133,107,16,98,120,71" hai3="35,23,50,131,79,17,132,64,108,90,121,53,2"/><U25/><E73/><V128/><F120/><W46/><G35/><T43/><D123/><U122/><E39/><V78/><F71/><W69/><G121/><T49/><D126/><U97/><E104/><V125/><F109/><W88/><G108/><T42/><D42/><U70/><E110/><V12/><F125/><W41/><G2/><T116/><D116/><U21/><E122/><V8/><F128/><W100/><G131/><T4/><D77/><U60/><E32/><V37/><F37/><W119/><G119/><T45/><D45/><U134/><E117/><V130/><F130/><W95/><G132/><T101/><D101/><U18/><E134/><V129/><F133/><W68/><G79/><T83/><D83/><U0/><E70/><V111/><F111/><W118/><G118/><T91/><D91/><N who="1" m="55487" /><E0/><V47/><F129/><W67/><G68/><T80/><D80/><U92/><E51/><V3/><F3/><W5/><G69/><T36/><D36/><U75/><E27/><V38/><F107/><W10/><G41/><T135/><D135/><U7/><E75/><V94/><F106/><W34/><G34/><T33/><D33/><U105/><E105/><V72/><F72/><W28/><G95/><T54/><D43/><U1/><E9/><V26/><F38/><W66/><G10/><T82/><D82/><U14/><E1/><V103/><F8/><W30/><G5/><N who="0" m="2155" /><D15/><U63/><E92/><V59/><F94/><W55/><G50/><T115/><D115/><U99/><E99/><V76/><F98/><W24/><G24/><N who="0" m="16519" /><D49/><U89/><E89/><RYUUKYOKU ba="0,0" sc="145,15,163,15,435,-15,257,-15" hai0="44,54,58,62,65,86,87" hai1="7,11,14,18,21,25,60,61,63,84" /><INIT seed="5,1,0,1,5,33" ten="160,178,420,242" oya="1" hai0="113,40,99,71,28,58,129,85,12,31,82,114,122" hai1="64,108,67,133,96,101,22,120,17,62,54,68,88" hai2="132,36,97,29,34,11,51,15,60,38,83,111,119" hai3="102,126,14,10,63,26,3,52,1,42,89,37,5"/><U81/><E120/><V109/><F119/><W115/><G102/><T0/><D71/><U80/><E108/><V74/><F132/><W121/><G121/><T8/><D122/><U20/><E133/><V94/><F34/><W116/><G116/><T125/><D125/><U107/><E64/><V19/><F29/><W53/><G126/><T65/><D129/><U90/><E22/><V100/><F60/><W124/><G124/><T25/><D40/><U44/><E80/><V135/><F135/><W4/><G26/><T127/><D127/><U92/><E81/><V112/><F112/><N who="0" m="43114" /><D99/><U78/><E78/><V84/><F74/><W56/><G115/><T86/><D0/><U48/><REACH who="1" step="1"/><E107/><REACH who="1" ten="160,168,420,242" step="2"/><N who="2" m="63887" /><F109/><W130/><G130/><T24/><D82/><U13/><AGARI ba="1,1" hai="13,17,20,44,48,54,62,67,68,88,90,92,96,101" machi="13" ten="20,12000,1" yaku="1,1,0,1,7,1,54,1,53,1" doraHai="33" doraHaiUra="50" who="1" fromWho="1" sc="160,-41,168,133,420,-41,242,-41" /><INIT seed="5,2,0,3,4,132" ten="119,301,379,201" oya="1" hai0="70,60,118,2,41,124,44,94,54,33,92,77,78" hai1="58,64,87,29,38,125,75,110,63,74,83,18,96" hai2="112,99,6,11,90,15,133,89,66,80,127,129,122" hai3="4,123,81,42,135,62,48,30,39,8,59,68,73"/><U98/><E38/><V27/><F122/><W103/><G135/><T91/><D118/><U57/><E29/><V86/><F133/><W13/><G123/><T22/><D33/><U116/><E116/><V111/><F111/><W101/><G30/><T93/><D2/><U5/><E5/><V9/><F129/><W28/><G28/><T130/><D130/><U25/><E110/><V65/><F112/><W119/><G119/><T114/><D114/><U115/><E115/><V82/><F127/><W134/><G134/><T7/><D7/><U21/><E125/><V19/><F27/><W131/><G131/><T24/><D124/><U85/><E74/><V109/><F109/><W47/><G73/><T76/><D70/><U106/><E75/><V0/><F99/><N who="1" m="37929" /><E106/><V79/><F90/><W16/><G81/><T108/><D108/><U46/><E46/><V126/><F126/><W37/><G37/><T67/><D67/><U104/><E104/><V31/><F31/><W43/><G43/><T1/><D1/><U52/><E83/><V40/><F40/><W45/><G45/><T35/><D35/><U117/><E117/><V55/><F55/><N who="3" m="32231" /><G4/><T3/><D3/><U88/><E88/><V34/><REACH who="2" step="1"/><F34/><REACH who="2" ten="119,301,369,201" step="2"/><W14/><G14/><T32/><D32/><U56/><E52/><V17/><F17/><W84/><G84/><AGARI ba="2,1" hai="18,21,25,56,57,58,63,64,84,85,87" m="37929" machi="84" ten="30,1500,0" yaku="8,1" doraHai="132" who="1" fromWho="3" sc="119,0,301,31,369,0,201,-21" /><AGARI ba="2,0" hai="0,6,9,11,15,19,65,66,79,80,82,84,86,89" machi="84" ten="30,2000,0" yaku="1,1,7,1,53,0" doraHai="132" doraHaiUra="53" who="2" fromWho="3" sc="119,0,332,0,369,20,180,-20" /><INIT seed="5,3,0,4,3,112" ten="119,332,389,160" oya="1" hai0="107,36,34,40,55,49,59,95,10,89,64,115,15" hai1="97,51,130,43,9,85,79,127,134,88,66,2,135" hai2="35,23,54,50,63,37,56,52,81,92,25,100,128" hai3="105,108,21,7,80,28,11,29,46,16,14,32,77"/><U44/><E127/><V69/><F37/><W38/><G105/><T125/><D115/><U45/><E130/><V111/><F111/><W113/><G108/><T30/><D107/><U131/><E131/><V93/><F35/><W33/><G113/><T87/><D125/><U57/><E79/><V118/><F128/><W121/><G121/><T96/><D64/><U48/><E97/><V20/><F118/><W70/><G70/><T42/><D36/><U75/><E75/><V83/><F20/><W65/><G65/><T120/><D120/><U41/><E2/><V86/><F69/><W39/><G39/><T109/><D109/><U133/><E9/><V117/><F117/><W60/><G60/><T12/><D34/><U119/><E119/><V22/><F22/><W91/><G91/><T106/><D30/><U99/><E99/><N who="2" m="59495" /><F93/><W8/><G8/><T132/><D132/><U116/><E116/><V124/><F86/><W26/><G32/><T129/><D129/><U13/><E13/><V53/><F124/><W102/><G102/><N who="0" m="60703" /><D106/><U72/><E72/><V82/><F50/><W4/><G4/><N who="0" m="3143" /><D15/><U84/><E88/><V61/><F61/><AGARI ba="3,0" hai="41,43,44,45,48,51,57,61,66,84,85,133,134,135" machi="61" ten="40,3900,0" yaku="9,1,20,1" doraHai="112" who="1" fromWho="2" sc="119,0,332,48,389,-48,160,0" /><INIT seed="5,4,0,3,1,33" ten="119,380,341,160" oya="1" hai0="114,81,94,103,87,90,3,54,56,125,84,118,35" hai1="127,110,60,52,16,83,104,32,92,25,38,21,57" hai2="59,48,58,26,4,95,86,88,122,126,72,107,23" hai3="12,14,61,51,36,13,65,19,108,134,67,117,120"/><U8/><E104/><V101/><F122/><W91/><G36/><T85/><D118/><U30/><E38/><V11/><F72/><W39/><G39/><T132/><D35/><U99/><E127/><V50/><F126/><W73/><G117/><T109/><D125/><U27/><E110/><V105/><F59/><W130/><G108/><T80/><D109/><U128/><E128/><V62/><F48/><W40/><G130/><T0/><D114/><U17/><E83/><V124/><F124/><W9/><G73/><T22/><D132/><U66/><E66/><V71/><F71/><W111/><G134/><T49/><D103/><U89/><E8/><V46/><F101/><W43/><G111/><T55/><D22/><U96/><E17/><V5/><F105/><W28/><G120/><T63/><D81/><U77/><E77/><V18/><F107/><W75/><G75/><T100/><D100/><U70/><E70/><V97/><F97/><AGARI ba="4,0" hai="16,21,25,27,30,32,52,57,60,89,92,96,97,99" machi="97" ten="30,12000,1" yaku="7,1,25,2,54,2" doraHai="33" who="1" fromWho="2" sc="119,0,380,132,341,-132,160,0" /><INIT seed="5,5,0,1,1,95" ten="119,512,209,160" oya="1" hai0="17,2,80,71,37,44,66,0,55,73,65,123,125" hai1="127,42,40,28,96,86,7,74,63,72,4,111,45" hai2="121,106,91,1,69,132,39,70,6,26,110,85,5" hai3="22,130,52,59,93,25,100,117,67,3,76,108,27"/><U116/><E116/><V77/><F121/><W104/><G3/><T75/><D123/><U15/><E127/><V135/><F110/><W48/><G117/><T112/><D125/><U60/><E86/><V119/><F119/><W102/><G108/><T31/><D17/><U131/><E15/><V50/><F39/><W35/><G130/><T29/><D112/><U88/><E45/><V97/><F77/><W128/><G128/><T19/><D19/><U83/><E83/><V58/><F26/><W94/><G104/><T82/><D44/><U122/><E28/><V30/><F30/><W36/><G36/><T103/><D37/><U38/><E38/><V13/><F1/><W89/><G76/><T18/><D18/><U43/><E43/><V62/><F50/><W51/><G35/><T109/><D109/><U84/><E84/><V105/><F105/><W115/><G115/><T87/><D87/><U24/><E24/><N who="3" m="9290" /><G22/><T12/><D12/><U124/><E111/><V78/><F78/><W47/><G67/><T107/><D107/><U133/><E124/><V120/><F120/><W99/><G94/><T34/><D34/><U57/><E122/><V49/><F13/><W81/><G81/><T114/><D114/><U98/><E131/><V14/><F14/><W68/><G68/><N who="2" m="26217" /><F6/><W129/><G129/><T32/><D71/><U79/><E79/><V23/><F5/><W9/><G9/><T118/><D118/><U61/><E4/><V10/><F106/><W16/><G16/><T101/><D32/><U126/><E7/><V64/><F23/><W53/><AGARI ba="5,0" hai="47,48,51,52,53,59,89,93,99,100,102" m="9290" machi="53" ten="30,7900,0" yaku="5,1,8,1,52,1,54,1" doraHai="95" who="3" fromWho="3" sc="119,-25,512,-44,209,-25,160,94" /><INIT seed="6,0,0,2,5,66" ten="94,468,184,254" oya="2" hai0="55,121,51,114,100,5,123,104,28,71,95,133,14" hai1="94,115,42,92,84,6,20,18,34,45,106,99,127" hai2="4,93,102,59,16,97,90,82,105,65,21,73,52" hai3="9,74,48,11,38,91,117,30,83,7,0,118,78"/><V70/><F4/><W17/><G48/><T63/><D114/><U79/><E34/><V3/><F3/><W86/><G30/><T85/><D133/><U46/><E127/><V49/><F73/><W37/><G38/><T132/><D132/><U131/><E131/><V22/><F82/><W43/><G17/><T69/><D104/><U56/><E106/><V64/><F22/><W89/><G11/><T107/><D107/><U41/><E115/><V32/><F32/><W27/><G27/><T10/><D28/><U33/><E33/><V36/><F36/><W25/><G25/><T62/><D62/><U122/><E122/><V67/><F70/><W58/><G58/><T44/><D63/><U129/><E129/><V68/><F68/><W109/><G109/><T75/><D75/><U26/><E6/><V54/><F54/><W29/><G29/><T134/><D134/><U8/><E8/><V50/><F50/><W12/><G12/><T61/><D123/><U23/><E23/><V126/><F126/><W96/><G96/><T116/><D121/><U15/><E26/><N who="2" m="14631" /><F105/><W72/><G72/><T108/><D108/><U13/><E20/><V111/><F111/><W1/><G1/><T87/><D61/><U2/><E2/><V31/><F31/><W80/><G89/><AGARI ba="0,0" hai="49,52,59,64,65,67,89,90,93,97,102" m="14631" machi="89" ten="30,5800,0" yaku="8,1,54,2" doraHai="66" who="2" fromWho="3" sc="94,0,468,0,184,58,254,-58" /><INIT seed="6,1,0,5,1,115" ten="94,468,242,196" oya="2" hai0="56,110,76,62,92,100,16,0,32,121,60,94,97" hai1="25,43,90,54,120,88,132,17,7,125,48,2,29" hai2="28,104,70,27,95,24,133,73,18,75,8,87,72" hai3="117,86,21,134,44,9,36,4,12,23,59,89,46"/><V96/><F70/><W41/><G134/><T65/><D110/><U103/><E125/><V34/><F133/><W38/><G117/><T14/><D121/><U124/><E43/><V107/><F87/><W68/><G68/><T66/><D0/><U20/><E103/><V127/><F127/><W10/><G59/><T106/><D32/><U82/><E124/><V113/><F113/><W31/><G31/><T35/><D35/><U26/><E120/><V101/><REACH who="2" step="1"/><F8/><REACH who="2" ten="94,468,232,196" step="2"/><W5/><G86/><T57/><REACH who="0" step="1"/><D76/><REACH who="0" ten="84,468,232,196" step="2"/><U67/><E132/><V55/><F55/><W129/><G129/><T78/><D78/><U109/><E54/><V64/><F64/><W119/><G119/><T30/><D30/><U98/><E67/><V51/><F51/><W128/><G128/><T77/><D77/><U45/><E48/><V102/><F102/><W84/><G38/><T99/><D99/><U71/><E29/><V111/><F111/><W22/><G36/><T39/><D39/><U50/><E109/><V105/><F105/><W85/><G41/><T108/><D108/><U13/><E98/><V19/><F19/><W47/><REACH who="3" step="1"/><G89/><REACH who="3" ten="84,468,232,186" step="2"/><T81/><D81/><U83/><E88/><V6/><F6/><W74/><G74/><T123/><D123/><U61/><E90/><V37/><F37/><W40/><G40/><T79/><D79/><U112/><E83/><V58/><F58/><W135/><G135/><T130/><D130/><U52/><E82/><V116/><F116/><W131/><G131/><T69/><D69/><U118/><E118/><V1/><F1/><AGARI ba="1,3" hai="1,4,5,9,10,12,21,22,23,44,46,47,84,85" machi="1" ten="40,1300,0" yaku="1,1,53,0" doraHai="115" doraHaiUra="53" who="3" fromWho="2" sc="84,0,468,0,232,-16,186,46" /><INIT seed="7,0,0,5,3,59" ten="84,468,216,232" oya="3" hai0="130,47,132,116,53,114,31,78,21,12,14,58,8" hai1="9,22,66,71,30,94,17,102,89,69,29,83,34" hai2="72,106,56,101,57,62,42,122,103,77,0,82,10" hai3="76,126,68,60,5,131,98,127,65,26,1,54,2"/><W121/><G121/><T28/><D116/><U113/><E34/><V75/><F122/><W120/><G120/><T51/><D130/><U109/><E83/><V79/><F106/><W55/><G131/><T80/><D132/><U90/><E9/><V118/><F118/><W111/><G111/><T36/><D114/><U49/><E102/><V119/><F119/><W19/><G76/><T74/><D14/><U133/><E66/><V50/><F79/><W38/><G38/><T48/><D21/><U25/><E113/><V110/><F72/><W129/><G129/><T107/><D107/><U27/><E133/><V16/><F110/><W104/><G54/><T15/><D15/><U84/><E17/><V67/><F0/><W91/><G55/><T41/><D36/><U87/><E49/><V99/><F99/><W37/><G37/><T20/><D20/><U97/><E97/><V11/><F56/><W23/><G5/><T96/><D96/><U70/><E109/><V35/><F35/><W115/><G115/><T73/><D73/><U64/><E64/><V108/><F108/><W125/><REACH who="3" step="1"/><G91/><REACH who="3" ten="84,468,216,222" step="2"/><T40/><D40/><U117/><E117/><V100/><F42/><W88/><G88/><T3/><D3/><U18/><E89/><V95/><F77/><W32/><G32/><T63/><REACH who="0" step="1"/><D51/><REACH who="0" ten="74,468,216,222" step="2"/><U123/><E90/><V33/><F50/><W92/><G92/><T24/><D24/><U124/><E123/><V7/><F95/><W112/><G112/><T134/><D134/><U128/><E94/><V93/><F93/><W45/><G45/><T86/><D86/><RYUUKYOKU ba="0,2" sc="74,15,468,-15,216,-15,222,15" hai0="8,12,28,31,41,47,48,53,58,63,74,78,80" hai3="1,2,19,23,26,60,65,68,98,104,125,126,127" /><INIT seed="7,1,2,5,0,13" ten="89,453,201,237" oya="3" hai0="32,76,30,51,129,34,92,108,111,96,20,81,115" hai1="75,48,106,56,49,40,116,33,35,113,91,14,103" hai2="4,42,87,7,95,25,28,94,58,11,97,109,44" hai3="89,45,64,50,15,102,83,26,2,24,37,27,86"/><W88/><G2/><T132/><D51/><U18/><E75/><V47/><F109/><W0/><G0/><T61/><D132/><U120/><E120/><V123/><F123/><W55/><G37/><T52/><D129/><U117/><E113/><V54/><F87/><W70/><G102/><T59/><D115/><U62/><E103/><N who="2" m="60855" /><F95/><W8/><G70/><T3/><D3/><U29/><E48/><N who="2" m="31047" /><F42/><W16/><G64/><T68/><D68/><U99/><E14/><N who="2" m="5479" /><F7/><W118/><G118/><T23/><D111/><U112/><E49/><V127/><F127/><W126/><G126/><T63/><D108/><U57/><E56/><V17/><F28/><W133/><G133/><T131/><D131/><U104/><E62/><V31/><F31/><W105/><G105/><T73/><D61/><U43/><E91/><AGARI ba="1,2" hai="8,15,16,24,26,27,45,50,55,83,86,88,89,91" machi="91" ten="40,18000,2" yaku="25,2,8,1,52,1,54,2" doraHai="13" who="3" fromWho="1" sc="89,0,453,-183,201,0,237,203" owari="89,-41.0,270,7.0,201,-20.0,440,54.0" /></mjloggm>