<mjloggm ver="2.3"><GO type="169" lobby="0"/><UN n0="%E3%82%82%E3%82%84%E3%81%97%E3%82%82%E3%82%93" n1="%E8%92%BC%E9%B4%89" n2="%E9%9B%80%CE%B2%6F%D1%83" n3="%E9%9C%9C%E6%9C%88%E3%81%95%E3%82%93" dan="16,16,16,16" rate="2085.87,2112.45,2194.83,2153.36" sx="F,M,M,M"/><TAIKYOKU oya="0"/><INIT seed="0,0,0,0,2,117" ten="250,250,250,250" oya="0" hai0="28,8,17,29,80,64,47,126,30,127,70,122,15" hai1="51,123,124,83,43,57,75,106,67,54,103,88,114" hai2="98,5,49,112,74,113,27,1,45,61,109,119,0" hai3="26,94,78,131,90,110,81,24,79,101,19,41,86"/><T58/><D70/><U31/><E124/><N who="0" m="47657" /><D47/><U96/><E123/><V100/><F74/><W16/><G110/><T65/><D122/><U71/><E114/><V20/><F109/><W108/><G131/><T99/><D58/><U55/><E31/><V135/><F135/><W107/><G108/><T10/><D10/><U66/><E71/><V118/><F61/><W7/><G41/><T77/><D99/><U133/><E133/><V40/><F5/><W91/><G7/><T38/><D38/><U120/><E120/><V132/><F1/><W59/><G59/><T130/><D130/><U115/><E115/><V60/><F60/><W52/><G52/><T2/><D2/><U18/><E43/><V42/><F0/><W134/><G134/><T128/><D128/><U56/><E18/><N who="3" m="6698" /><G107/><T73/><AGARI ba="0,0" hai="8,15,17,28,29,30,64,65,73,77,80" m="47657" machi="73" ten="30,1500,0" yaku="18,1" doraHai="117" who="0" fromWho="0" sc="250,15,250,-5,250,-5,250,-5" /><INIT seed="0,1,0,1,3,89" ten="265,245,245,245" oya="0" hai0="120,62,83,69,8,68,51,66,73,94,4,38,134" hai1="58,19,100,35,116,111,65,53,82,37,113,88,107" hai2="74,40,26,109,64,135,61,50,77,45,71,41,29" hai3="32,80,13,24,130,56,59,18,48,123,67,131,60"/><T42/><D120/><U79/><E116/><V85/><F109/><W25/><G123/><T132/><D69/><U55/><E111/><V115/><F115/><W46/><G56/><T9/><D51/><U11/><E113/><V122/><F135/><N who="0" m="51754" /><D4/><U15/><E37/><V36/><F122/><W103/><G80/><T12/><D12/><U6/><E35/><V47/><F85/><W119/><G119/><T110/><D110/><U93/><E107/><V102/><F102/><W14/><G13/><T7/><D7/><U3/><E100/><V23/><F77/><W76/><G76/><N who="0" m="44431" /><D42/><U63/><E82/><V129/><REACH who="2" step="1"/><F74/><REACH who="2" ten="265,245,235,245" step="2"/><W133/><G103/><T1/><D1/><U43/><E79/><V22/><F22/><W28/><G133/><T27/><D8/><U95/><E88/><V121/><F121/><W92/><G32/><T126/><D9/><U98/><E98/><V39/><F39/><W30/><G131/><AGARI ba="1,1" hai="23,26,29,36,40,41,45,47,50,61,64,71,129,131" machi="131" ten="40,2600,0" yaku="1,1,53,1" doraHai="89" doraHaiUra="21" who="2" fromWho="3" sc="265,0,245,0,235,39,245,-29" /><INIT seed="1,0,0,4,2,91" ten="265,245,274,216" oya="1" hai0="122,64,33,50,109,107,39,66,116,19,38,27,26" hai1="24,11,84,28,76,75,52,135,14,7,69,32,34" hai2="67,77,23,79,81,120,93,61,88,2,51,73,57" hai3="106,133,87,99,29,13,12,72,21,0,54,105,16"/><U49/><E69/><V43/><F120/><W1/><G72/><T15/><D116/><U6/><E75/><V60/><F2/><W125/><G133/><T101/><D122/><U65/><E135/><V126/><F126/><W42/><G125/><T98/><D109/><U53/><E65/><V17/><F79/><W70/><G70/><T8/><D50/><U96/><E34/><V94/><F61/><W20/><G42/><T131/><D131/><U102/><E6/><V10/><F10/><W56/><G87/><T113/><D113/><U108/><E108/><V35/><F35/><W25/><G12/><T110/><D110/><U134/><E134/><V3/><F3/><W40/><G40/><T44/><D44/><U114/><E114/><V118/><F118/><W83/><G83/><T58/><D27/><U112/><E112/><V31/><F31/><W121/><G121/><T127/><D127/><U90/><E76/><V4/><F4/><W5/><G5/><T62/><REACH who="0" step="1"/><D64/><REACH who="0" ten="255,245,274,216" step="2"/><U124/><E49/><V128/><F128/><W129/><G129/><T46/><D46/><U37/><E37/><V59/><F67/><W130/><G130/><T117/><D117/><U63/><E124/><V71/><F51/><W104/><REACH who="3" step="1"/><G99/><REACH who="3" ten="255,245,274,206" step="2"/><T55/><D55/><U111/><E111/><V78/><F43/><W119/><G119/><T9/><D9/><U41/><E41/><V82/><F73/><W18/><G18/><T45/><D45/><U89/><E53/><V48/><F48/><AGARI ba="0,2" hai="0,1,13,16,20,21,25,29,48,54,56,104,105,106" machi="48" ten="40,2600,0" yaku="1,1,54,1,53,0" doraHai="91" doraHaiUra="92" who="3" fromWho="2" sc="255,0,245,0,274,-26,206,46" /><INIT seed="2,0,0,4,0,110" ten="255,245,248,252" oya="2" hai0="121,88,126,31,77,57,50,70,94,23,8,83,12" hai1="129,96,10,56,115,81,89,95,37,111,117,59,132" hai2="91,109,131,124,112,40,118,51,128,55,71,33,74" hai3="52,82,76,28,39,79,58,133,100,135,13,16,53"/><V123/><RYUUKYOKU type="yao9" ba="0,0" sc="255,0,245,0,248,0,252,0" hai2="33,40,51,55,71,74,91,109,112,118,123,124,128,131" /><INIT seed="2,1,0,3,1,45" ten="255,245,248,252" oya="2" hai0="60,111,105,128,121,18,9,33,64,3,6,77,104" hai1="21,124,22,7,71,38,127,135,87,109,68,83,130" hai2="41,123,78,134,34,26,133,91,92,65,39,131,113" hai3="103,54,8,108,70,75,56,52,4,0,62,37,117"/><V46/><F123/><W16/><G117/><T125/><D121/><U67/><E109/><V84/><F113/><W13/><G75/><T32/><D111/><U97/><E130/><V23/><F34/><N who="0" m="13418" /><D18/><U82/><E135/><N who="2" m="51723" /><F65/><W114/><G108/><T74/><D125/><U19/><E38/><V126/><F78/><W59/><G37/><T79/><D79/><U61/><E71/><V95/><F131/><W132/><G132/><T31/><D31/><U36/><E36/><V100/><F100/><W119/><G119/><T48/><D48/><U89/><E127/><V25/><F126/><W35/><G35/><T40/><D40/><U106/><E124/><V20/><F95/><W14/><G114/><T28/><D28/><U99/><E106/><V15/><F23/><W12/><G70/><N who="0" m="42247" /><D128/><U122/><E122/><V80/><F92/><W72/><G72/><T27/><D27/><U73/><E7/><V101/><F101/><W10/><G103/><T116/><D116/><U115/><E115/><V24/><F24/><W81/><G81/><AGARI ba="1,0" hai="3,6,9,74,77,81,104,105" m="42247,13418" machi="81" ten="30,2000,0" yaku="33,2" doraHai="45" who="0" fromWho="3" sc="255,23,245,0,248,0,252,-23" /><INIT seed="3,0,0,1,2,120" ten="278,245,248,229" oya="3" hai0="122,40,124,48,112,15,44,1,103,97,106,34,93" hai1="128,119,8,31,64,101,0,99,63,68,38,85,51" hai2="80,19,21,58,37,73,118,117,76,57,11,114,55" hai3="30,91,132,12,14,116,10,126,66,41,86,4,53"/><W79/><G116/><T28/><D122/><U2/><E119/><V61/><F114/><W49/><G126/><T67/><D1/><U123/><E128/><V95/><F37/><W131/><G131/><T89/><D124/><U108/><E123/><V127/><F127/><W26/><G132/><T35/><D112/><U17/><E38/><V9/><F57/><W125/><G125/><T121/><D121/><U42/><E31/><V83/><F83/><W92/><G79/><T52/><D67/><U20/><E85/><V87/><F118/><W111/><G66/><T90/><D28/><U45/><E20/><V88/><REACH who="2" step="1"/><F117/><REACH who="2" ten="278,245,238,229" step="2"/><W113/><G113/><T135/><D135/><U78/><E78/><V74/><F74/><W70/><G70/><T94/><D34/><U110/><E0/><V84/><F84/><W100/><G86/><T18/><D35/><U60/><E2/><V13/><AGARI ba="0,1" hai="9,11,13,19,21,55,58,61,73,76,80,87,88,95" machi="13" ten="20,8000,1" yaku="1,1,0,1,7,1,54,1,53,1" doraHai="120" doraHaiUra="81" who="2" fromWho="2" sc="278,-20,245,-20,238,90,229,-40" /><INIT seed="4,0,0,3,3,14" ten="258,225,328,189" oya="0" hai0="23,129,2,33,125,0,73,11,69,124,48,71,59" hai1="96,25,123,119,128,13,82,74,70,45,6,97,40" hai2="66,63,17,61,90,3,99,131,12,117,19,85,118" hai3="86,110,133,83,122,72,92,111,76,34,1,95,75"/><T38/><D38/><U126/><E123/><V36/><F36/><W115/><G34/><T106/><D33/><U4/><E126/><N who="0" m="48745" /><D106/><U134/><E128/><V52/><F3/><N who="0" m="1066" /><D73/><U41/><E134/><V31/><F31/><W50/><G1/><T79/><D79/><U101/><E119/><N who="2" m="45579" /><F99/><W32/><G32/><T60/><D129/><U87/><E70/><N who="0" m="26633" /><D11/><U68/><E74/><V10/><F131/><W109/><G122/><T22/><D48/><U26/><E68/><V132/><F132/><W100/><G50/><T58/><D58/><U80/><E101/><V20/><F66/><AGARI ba="0,0" hai="22,23,59,60,66" m="26633,1066,48745" machi="66" ten="40,2000,0" yaku="18,1" doraHai="14" who="0" fromWho="2" sc="258,20,225,0,328,-20,189,0" /><INIT seed="4,1,0,2,3,35" ten="278,225,308,189" oya="0" hai0="95,119,21,20,45,130,99,11,89,24,46,101,15" hai1="71,70,34,8,122,76,25,105,87,47,75,23,29" hai2="93,135,9,85,26,52,128,134,91,115,4,94,41" hai3="32,90,55,31,69,0,102,126,44,78,98,43,112"/><T120/><D119/><U103/><E122/><V97/><F115/><W109/><G112/><T48/><D120/><U116/><E87/><V19/><F41/><W63/><G109/><T1/><D130/><U7/><E23/><N who="2" m="13695" /><F128/><W73/><G126/><T100/><D1/><N who="1" m="111" /><E116/><V114/><F114/><W96/><G90/><T39/><D39/><U58/><E58/><V62/><F85/><W133/><G133/><T88/><D100/><U108/><E47/><N who="0" m="17929" /><D48/><U113/><E113/><V3/><F94/><W84/><G73/><T50/><D50/><U72/><E108/><V107/><F107/><W117/><G117/><T92/><D24/><U131/><E131/><V61/><F61/><W86/><G0/><T54/><D54/><U68/><E76/><V59/><AGARI ba="1,0" hai="3,4,9,52,59,62,91,93,97,134,135" m="13695" machi="59" ten="30,4000,0" yaku="25,1,52,1,54,1" doraHai="35" who="2" fromWho="2" sc="278,-21,225,-11,308,43,189,-11" /><INIT seed="5,0,0,5,4,118" ten="257,214,351,178" oya="1" hai0="28,23,31,22,108,45,121,29,3,16,89,69,101" hai1="47,96,113,32,93,106,54,36,14,44,58,26,50" hai2="98,117,126,92,135,129,55,30,82,21,97,64,67" hai3="133,0,87,5,122,123,56,83,53,104,13,105,68"/><U81/><E113/><V80/><F117/><W59/><G68/><T10/><D69/><U7/><E106/><V15/><F129/><W88/><G0/><T128/><D101/><U25/><E81/><N who="2" m="31339" /><F126/><W124/><G124/><T78/><D78/><U73/><E73/><V102/><F98/><W103/><G133/><T48/><D89/><U19/><E7/><V91/><F102/><W110/><G110/><T39/><D39/><U114/><E114/><V27/><F135/><W52/><G104/><T85/><D85/><U130/><E130/><V38/><F38/><W24/><G59/><T61/><D61/><U11/><E32/><V71/><F71/><W70/><G70/><T119/><D119/><U86/><E86/><V40/><F40/><W99/><G53/><N who="0" m="29839" /><D108/><U18/><E36/><V95/><F15/><W2/><G2/><T49/><D49/><U94/><E94/><N who="2" m="56543" /><F55/><W84/><G84/><T1/><D128/><U46/><REACH who="1" step="1"/><E19/><REACH who="1" ten="257,204,351,178" step="2"/><V74/><F74/><W72/><G72/><T90/><D1/><U112/><E112/><V57/><F92/><W8/><REACH who="3" step="1"/><G24/><REACH who="3" ten="257,204,351,168" step="2"/><T43/><D3/><U20/><E20/><V116/><F21/><W79/><G79/><T131/><BYE who="3" /><D22/><U17/><E17/><V6/><F95/><W9/><G9/><T115/><D10/><U109/><E109/><V120/><F116/><W4/><G4/><T12/><D115/><U63/><E63/><V134/><F6/><W132/><G132/><T125/><D131/><U111/><E111/><V77/><F134/><W66/><G66/><T42/><D23/><U62/><E62/><RYUUKYOKU ba="0,2" sc="257,-15,204,15,351,-15,168,15" hai1="11,14,18,25,26,44,46,47,50,54,58,93,96" hai3="5,8,13,52,56,83,87,88,99,103,105,122,123" /><INIT seed="5,1,2,1,0,10" ten="242,219,336,183" oya="1" hai0="48,65,99,16,96,122,115,27,113,47,109,74,78" hai1="120,53,24,18,135,54,62,118,130,4,44,45,35" hai2="1,9,98,50,128,68,25,17,107,81,0,104,58" hai3="71,100,84,19,32,57,3,95,6,133,30,67,23"/><U55/><E120/><V123/><F68/><W37/><G37/><T121/><D109/><U77/><E118/><V70/><F70/><W91/><G91/><T43/><D65/><U72/><E130/><V5/><F123/><N who="0" m="47114" /><D78/><U129/><E135/><UN n3="%E9%9C%9C%E6%9C%88%E3%81%95%E3%82%93" /><V124/><F128/><W31/><G133/><T92/><D74/><U90/><E129/><V83/><F0/><W86/><G71/><T63/><D63/><U40/><E4/><V61/><F50/><W13/><G32/><T21/><D96/><U41/><E72/><V56/><F56/><W97/><G3/><T42/><D43/><N who="1" m="16459" /><E77/><V46/><F46/><N who="1" m="18025" /><E35/><V8/><F107/><W28/><REACH who="3" step="1"/><G6/><REACH who="3" ten="242,219,336,173" step="2"/><T105/><D105/><U79/><E90/><AGARI ba="1,3" hai="16,21,27,42,47,48,90,92,99,113,115" m="47114" machi="90" ten="30,2000,0" yaku="13,1,54,1" doraHai="10" who="0" fromWho="1" sc="242,53,219,-23,336,0,173,0" /><INIT seed="6,0,0,5,1,134" ten="295,196,336,173" oya="2" hai0="48,2,121,4,40,33,109,0,132,127,53,22,3" hai1="50,30,89,24,110,112,66,1,97,113,43,55,67" hai2="102,85,46,94,119,87,15,41,58,69,13,100,72" hai3="31,80,11,62,88,52,71,14,123,10,16,35,49"/><V12/><F72/><W91/><G123/><T131/><D121/><U104/><E1/><V57/><F69/><W124/><G124/><T103/><D127/><U47/><E110/><V64/><F119/><W60/><G71/><T29/><D40/><U25/><E43/><V36/><F64/><N who="1" m="24617" /><E30/><V90/><F100/><W63/><G35/><T21/><D103/><N who="1" m="62575" /><E89/><N who="3" m="34378" /><G31/><T9/><D132/><U27/><E27/><V133/><F102/><W61/><N who="3" m="15360" /><DORA hai="98" /><W75/><G75/><T65/><D65/><U39/><E39/><V106/><F106/><W38/><G38/><T105/><D105/><U111/><E111/><V51/><F36/><W107/><G107/><T68/><D68/><U129/><E129/><V135/><F135/><W125/><G125/><T23/><D109/><U32/><E24/><V17/><F133/><W74/><G74/><T70/><D70/><U8/><E8/><V18/><F87/><W84/><G11/><T83/><D131/><U99/><E99/><V92/><F92/><W117/><G117/><T116/><D116/><U118/><E118/><V86/><F86/><W81/><G84/><T59/><D83/><U37/><E37/><V7/><F85/><W54/><G54/><T95/><D95/><U20/><E32/><V130/><F90/><W122/><G122/><T78/><D33/><U19/><E55/><V96/><F130/><W128/><G128/><T101/><D53/><U26/><E26/><V115/><F41/><W76/><G76/><T93/><D78/><U28/><E28/><V56/><F96/><W44/><AGARI ba="0,0" hai="10,14,16,44,49,52,80,81" m="15360,34378" machi="44" ten="40,8000,1" yaku="8,1,54,3" doraHai="134,98" who="3" fromWho="3" sc="295,-20,196,-20,336,-40,173,80" /><INIT seed="7,0,0,0,4,52" ten="275,176,296,253" oya="3" hai0="76,83,36,135,6,8,39,20,117,92,27,98,26" hai1="79,106,1,70,131,107,2,89,108,37,12,34,60" hai2="116,120,125,105,118,54,55,86,23,73,128,109,3" hai3="84,41,29,130,63,126,58,97,24,134,104,68,66"/><W42/><G130/><T53/><D117/><U62/><E89/><V40/><F105/><N who="1" m="39945" /><E12/><V101/><F73/><W80/><G134/><T59/><D135/><U102/><E62/><V119/><F3/><N who="1" m="1033" /><E102/><V132/><F125/><W74/><G126/><T88/><D36/><U28/><E79/><V22/><F120/><W0/><G74/><T44/><D39/><U56/><E56/><V35/><F109/><W4/><G0/><T33/><D33/><U71/><E108/><V18/><F35/><N who="3" m="20903" /><G4/><T110/><D44/><U72/><E131/><V94/><F132/><W93/><G93/><T9/><D110/><U95/><E95/><V78/><F128/><W30/><G58/><T46/><D46/><U21/><E72/><V11/><F40/><W87/><G30/><N who="0" m="17735" /><D27/><N who="1" m="18719" /><E21/><N who="2" m="7691" /><F101/><N who="3" m="62511" /><G87/><N who="0" m="48615" /><D6/><U10/><E10/><V124/><F124/><W85/><G85/><T114/><D114/><U31/><E31/><V122/><F122/><W129/><G129/><T75/><D75/><U5/><E5/><V15/><F78/><AGARI ba="0,0" hai="41,42,63,66,68,78,80,84" m="62511,20903" machi="78" ten="30,1500,0" yaku="25,1" doraHai="52" who="3" fromWho="2" sc="275,0,176,0,296,-15,253,15" /><INIT seed="7,1,0,1,3,11" ten="275,176,281,268" oya="3" hai0="96,29,5,38,129,67,91,70,131,18,61,101,112" hai1="7,134,115,72,55,113,95,50,47,81,68,126,62" hai2="13,124,92,118,76,122,99,28,105,2,66,133,86" hai3="24,17,135,65,9,75,30,25,121,15,16,84,26"/><W41/><G75/><T102/><D38/><U45/><E126/><V57/><F122/><W1/><G121/><T100/><D5/><U49/><E134/><V69/><F69/><W3/><G135/><T21/><D29/><U80/><E95/><V87/><F2/><N who="3" m="523" /><G84/><N who="2" m="32297" /><F105/><W39/><G65/><T104/><D112/><N who="1" m="43083" /><E72/><V63/><F118/><W97/><G97/><T79/><D79/><U42/><E7/><V88/><F133/><W14/><G41/><T119/><D119/><U23/><E23/><V56/><F124/><W78/><G78/><T19/><D19/><N who="3" m="7241" /><G39/><T120/><D120/><U132/><E132/><V130/><F130/><N who="0" m="49674" /><D91/><U31/><E31/><V85/><F28/><W40/><G40/><T125/><D125/><U43/><E43/><V33/><F33/><N who="3" m="20679" /><G15/><AGARI ba="1,0" hai="15,18,21,61,67,70,96,100,101,102,104" m="49674" machi="15" ten="30,2000,0" yaku="19,1,52,1" doraHai="11" who="0" fromWho="3" sc="275,23,176,0,281,0,268,-23" /><INIT seed="8,0,0,5,1,46" ten="298,176,281,245" oya="0" hai0="114,118,101,5,11,93,105,14,28,119,82,113,12" hai1="15,49,84,9,104,60,107,134,58,44,53,62,70" hai2="3,26,102,50,110,32,43,33,76,91,108,75,13" hai3="85,123,56,125,74,36,98,135,17,45,112,7,1"/><T27/><D105/><U35/><E134/><V10/><F102/><W57/><G74/><T54/><D54/><U109/><E109/><V34/><F91/><W124/><G135/><T23/><D82/><U96/><E35/><N who="2" m="13387" /><F50/><W81/><G112/><N who="0" m="43115" /><D93/><U121/><E121/><V25/><F43/><W51/><G123/><T116/><D101/><U63/><E70/><V130/><F76/><W133/><G133/><T0/><AGARI ba="0,0" hai="0,5,11,12,14,23,27,28,116,118,119" m="43115" machi="0" ten="40,7800,0" yaku="16,1,34,2" doraHai="46" who="0" fromWho="0" sc="298,78,176,-26,281,-26,245,-26" owari="376,47.0,150,-35.0,255,6.0,219,-18.0" /></mjloggm>