<mjloggm ver="2.3"><GO type="169" lobby="0"/><UN n0="%52%6F%62%69%4E" n1="%E3%81%92%E3%82%93%E3%81%9F%E3%82%8D%E3%81%AE%E3%81%8B%E3%81%91%E3%82%89" n2="%E3%81%97%E3%82%93%E3%82%84%E3%81%A3%E3%81%A1" n3="%73%61%77%6C%79" dan="16,16,16,17" rate="2117.80,2113.39,2111.21,2214.30" sx="M,M,M,M"/><TAIKYOKU oya="0"/><INIT seed="0,0,0,1,2,48" ten="250,250,250,250" oya="0" hai0="75,125,80,7,110,18,109,20,115,49,29,41,61" hai1="124,83,43,105,6,132,82,50,42,67,88,84,58" hai2="40,4,134,23,56,114,8,27,30,108,94,103,60" hai3="33,92,57,35,17,85,53,5,28,86,96,118,37"/><T89/><D115/><U62/><E132/><V12/><F114/><W131/><G118/><T0/><D125/><U126/><E105/><V34/><F134/><W24/><G37/><T71/><D29/><U10/><E82/><V15/><F108/><N who="0" m="41578" /><D7/><U14/><REACH who="1" step="1"/><E50/><REACH who="1" ten="250,240,250,250" step="2"/><V51/><F51/><W52/><G131/><T11/><D49/><U64/><E64/><V19/><F40/><AGARI ba="0,1" hai="6,10,14,40,42,43,58,62,67,83,84,88,124,126" machi="40" ten="40,2600,0" yaku="1,1,54,1,53,0" doraHai="48" doraHaiUra="93" who="1" fromWho="2" sc="250,0,240,36,250,-26,250,0" /><INIT seed="1,0,0,4,4,104" ten="250,276,224,250" oya="1" hai0="77,122,10,80,26,7,25,31,9,124,75,14,13" hai1="110,126,106,16,107,54,125,93,102,71,89,6,84" hai2="29,121,61,96,78,44,50,86,97,32,11,27,135" hai3="109,55,116,99,46,33,42,132,15,34,20,74,24"/><U94/><E71/><V19/><F121/><W0/><G109/><T49/><D122/><U35/><E35/><V53/><F135/><W45/><G132/><T72/><D124/><N who="1" m="47723" /><E6/><V4/><F61/><W90/><G116/><T17/><D49/><U40/><E40/><V130/><F130/><W59/><G0/><T92/><D92/><U114/><E114/><V76/><F19/><W66/><G74/><T57/><D57/><U105/><E54/><V28/><F28/><W101/><G66/><T88/><D26/><U100/><E16/><V23/><F32/><W65/><G65/><T51/><D51/><U43/><E43/><V117/><F117/><W67/><G67/><T119/><D119/><U39/><E39/><V36/><F36/><W85/><G15/><T87/><D77/><U12/><E12/><V115/><F115/><W81/><G33/><AGARI ba="0,0" hai="7,9,10,13,14,17,25,31,33,72,75,80,87,88" machi="33" ten="30,7700,0" yaku="7,1,52,2,54,1" doraHai="104" who="0" fromWho="3" sc="250,77,276,0,224,0,250,-77" /><INIT seed="2,0,0,5,3,44" ten="327,276,224,173" oya="2" hai0="52,42,12,66,80,67,31,1,3,7,46,62,97" hai1="83,50,123,74,120,58,76,36,51,34,20,55,6" hai2="53,113,27,65,30,56,19,127,61,78,105,87,13" hai3="109,117,48,59,134,4,60,118,18,29,10,90,25"/><V133/><F113/><W116/><G109/><T35/><D35/><U88/><E36/><V126/><F105/><W22/><G134/><T16/><D31/><U92/><E34/><V131/><F131/><W54/><G90/><T57/><D7/><U132/><E132/><V23/><F133/><W102/><G102/><T47/><D47/><U40/><E6/><V8/><F87/><W98/><G98/><T104/><D80/><U79/><E79/><V86/><F86/><W101/><G101/><T94/><D104/><U26/><E40/><V71/><REACH who="2" step="1"/><F78/><REACH who="2" ten="327,276,214,173" step="2"/><W39/><G39/><T43/><D43/><U103/><E123/><V128/><F128/><W63/><REACH who="3" step="1"/><G29/><REACH who="3" ten="327,276,214,163" step="2"/><T38/><D38/><U5/><E120/><V33/><F33/><W95/><G95/><T112/><D94/><U125/><E92/><V129/><F129/><W115/><G115/><T75/><D112/><U14/><E76/><V100/><F100/><W49/><G49/><AGARI ba="0,2" hai="8,13,19,23,27,30,49,53,56,61,65,71,126,127" machi="49" ten="40,3900,0" yaku="1,1,52,1,53,0" doraHai="44" doraHaiUra="37" who="2" fromWho="3" sc="327,0,276,0,214,59,163,-39" /><INIT seed="2,1,0,3,0,126" ten="327,276,273,124" oya="2" hai0="30,17,118,68,60,49,128,113,84,6,83,102,130" hai1="58,103,80,16,81,62,100,47,90,117,71,9,72" hai2="78,82,135,91,132,79,32,53,107,89,104,54,111" hai3="41,56,74,116,127,18,28,36,119,123,97,105,1"/><V110/><REACH who="2" step="1"/><F82/><REACH who="2" ten="327,276,263,124" step="2"/><W15/><G119/><T22/><D118/><U11/><E117/><V109/><F109/><W37/><G116/><T14/><D113/><U69/><E81/><V108/><F108/><W0/><G123/><T115/><D115/><U52/><E80/><V55/><F55/><W51/><G127/><T24/><D6/><U27/><E52/><V48/><F48/><W57/><G51/><T50/><D50/><U122/><E122/><V21/><F21/><W38/><G38/><T129/><D49/><U5/><E9/><V98/><F98/><W40/><G36/><T33/><D102/><U120/><E103/><V99/><F99/><W31/><G37/><T76/><D68/><U42/><E100/><V13/><F13/><W34/><G97/><T7/><D7/><U35/><E120/><V19/><F19/><W45/><G15/><T25/><D14/><U86/><E71/><V73/><F73/><W106/><G18/><T65/><D65/><U96/><E69/><V63/><F63/><AGARI ba="1,1" hai="17,22,24,25,30,33,60,63,76,83,84,128,129,130" machi="63" ten="40,8000,1" yaku="19,1,52,3" doraHai="126" who="0" fromWho="2" sc="327,93,276,0,263,-83,124,0" /><INIT seed="3,0,0,3,1,61" ten="420,276,180,124" oya="3" hai0="20,83,29,114,135,109,22,108,79,99,26,42,30" hai1="19,3,69,15,38,48,75,35,46,123,25,17,37" hai2="71,13,93,74,124,58,112,65,130,34,81,132,8" hai3="16,80,52,125,94,11,63,90,73,60,51,76,98"/><W96/><G125/><T12/><D135/><U7/><E123/><V89/><F124/><W57/><REACH who="3" step="1"/><G98/><REACH who="3" ten="420,276,180,114" step="2"/><T49/><D99/><U54/><E37/><V110/><F132/><W106/><G106/><T95/><D114/><U118/><E38/><V40/><F112/><W67/><G67/><T28/><D108/><U1/><E118/><V120/><F110/><W111/><G111/><T23/><D109/><U39/><E1/><V77/><F120/><W68/><G68/><T116/><D116/><U85/><E69/><V47/><F71/><W133/><G133/><T44/><D29/><U88/><E3/><V103/><F65/><W113/><G113/><T82/><D30/><U31/><E39/><V66/><F66/><W121/><G121/><T24/><D28/><U32/><E32/><V119/><F34/><W102/><G102/><T104/><D104/><U122/><E122/><V62/><F103/><W53/><G53/><T127/><D127/><U36/><E36/><V91/><F119/><W18/><G18/><T0/><D0/><U115/><E115/><V10/><F40/><W101/><G101/><T84/><D42/><U2/><E2/><V129/><F129/><W87/><G87/><T45/><D84/><U126/><E126/><V27/><F130/><W105/><G105/><T9/><D26/><U78/><E17/><V5/><F27/><W64/><G64/><T131/><D24/><U97/><E97/><V134/><F134/><W56/><G56/><T41/><D131/><U92/><E19/><V86/><F58/><W43/><G43/><T55/><D41/><RYUUKYOKU ba="0,1" sc="420,-10,276,-10,180,-10,114,30" hai3="11,16,51,52,57,60,63,73,76,80,90,94,96" /><INIT seed="3,1,1,2,5,34" ten="410,266,170,144" oya="3" hai0="36,51,22,100,92,104,81,62,131,59,95,15,96" hai1="127,39,67,91,3,85,11,110,26,32,119,128,1" hai2="6,13,124,8,61,122,44,76,78,106,109,43,45" hai3="90,123,86,68,98,21,88,4,5,19,71,52,29"/><W121/><G71/><T57/><D36/><U53/><E39/><V80/><F109/><W89/><G68/><T82/><D131/><U50/><E110/><V87/><F124/><W38/><G38/><T9/><D104/><U42/><E127/><V129/><F129/><W83/><G121/><T0/><D0/><U74/><E128/><V16/><F106/><W18/><G123/><T56/><D62/><U17/><E74/><V133/><F133/><W118/><G118/><T58/><D22/><U125/><E42/><V55/><F122/><W79/><G29/><T66/><D95/><U134/><E67/><V93/><F93/><W2/><G2/><T31/><D31/><U63/><E63/><V107/><F107/><W10/><G98/><T111/><D111/><U126/><E126/><V117/><F117/><W64/><G64/><T108/><D108/><U132/><E125/><V112/><F43/><W28/><G28/><T135/><D135/><N who="1" m="51755" /><E32/><V14/><F78/><W48/><G10/><T94/><D94/><N who="1" m="54639" /><E119/><V41/><F41/><W116/><G116/><T40/><D40/><U37/><E37/><V35/><F35/><W33/><G33/><T72/><D72/><U101/><E101/><V25/><F8/><W7/><REACH who="3" step="1"/><G21/><REACH who="3" ten="410,266,170,134" step="2"/><T30/><D30/><U97/><E97/><V75/><F6/><W115/><G115/><T65/><D65/><U120/><E120/><V20/><F112/><W130/><G130/><T105/><D66/><U60/><E11/><V46/><F75/><W113/><G113/><T54/><D105/><U84/><E1/><V47/><F20/><RYUUKYOKU ba="1,2" sc="410,15,266,-15,170,-15,134,15" hai0="9,15,51,54,56,57,58,59,81,82,92,96,100" hai3="4,5,7,18,19,48,52,79,83,86,88,89,90" /><INIT seed="3,2,2,4,2,82" ten="425,251,155,149" oya="3" hai0="1,67,25,129,79,21,84,63,101,59,47,89,30" hai1="123,7,113,9,51,40,49,127,43,41,80,130,58" hai2="106,8,27,97,91,23,69,53,26,128,115,61,75" hai3="0,65,93,99,100,42,121,124,85,11,73,132,19"/><W102/><G121/><T14/><D1/><U116/><E123/><V45/><F75/><W56/><G73/><T6/><D129/><U31/><E113/><V2/><F115/><W5/><G124/><T66/><D101/><U111/><E130/><V104/><F128/><W77/><G132/><T94/><D79/><U98/><E127/><V119/><F119/><W70/><G70/><T18/><D6/><U57/><E111/><V126/><F26/><W48/><G100/><T32/><D47/><U13/><E116/><V131/><F131/><W60/><G19/><T92/><D92/><U133/><E133/><V103/><F45/><W36/><G36/><T39/><D39/><U135/><E135/><V15/><F2/><W81/><G48/><N who="1" m="18506" /><E31/><V52/><F106/><W68/><REACH who="3" step="1"/><G68/><REACH who="3" ten="425,251,155,139" step="2"/><T54/><AGARI ba="2,3" hai="14,18,21,25,30,32,54,59,63,66,67,84,89,94" machi="54" ten="20,2700,0" yaku="0,1,7,1,52,1" doraHai="82" who="0" fromWho="0" sc="425,63,251,-9,155,-9,139,-15" /><INIT seed="4,0,0,4,2,123" ten="488,242,146,124" oya="0" hai0="63,49,4,110,131,14,56,80,38,19,27,100,126" hai1="125,8,30,71,133,25,22,0,108,37,66,118,84" hai2="91,16,117,119,105,35,88,54,40,79,20,42,70" hai3="120,99,6,29,83,82,121,72,115,77,57,132,53"/><T106/><D38/><U74/><E74/><V124/><F35/><W7/><G115/><T12/><D110/><U107/><E108/><V36/><F105/><W59/><G132/><T129/><D126/><U93/><E37/><V89/><F124/><W103/><G29/><T116/><D116/><N who="2" m="44618" /><F70/><W18/><G83/><T62/><D80/><U46/><E107/><V69/><F69/><W111/><G111/><T75/><D75/><U11/><E125/><V44/><F79/><W98/><G98/><T21/><D100/><U47/><E133/><V50/><F36/><W112/><G112/><T34/><D106/><U135/><E135/><V86/><F86/><W61/><G18/><T24/><D34/><U58/><E71/><V9/><F9/><W67/><G120/><T134/><D134/><U5/><E8/><V94/><F94/><W43/><G43/><T45/><D4/><U109/><E109/><V60/><F60/><W13/><G13/><AGARI ba="0,0" hai="13,16,20,40,42,44,50,54,88,89,91" m="44618" machi="13" ten="30,3900,0" yaku="12,1,54,2" doraHai="123" who="2" fromWho="3" sc="488,0,242,0,146,39,124,-39" /><INIT seed="5,0,0,5,4,47" ten="488,242,185,85" oya="1" hai0="15,122,25,97,23,43,113,56,62,30,132,52,75" hai1="81,87,10,3,108,101,53,120,99,94,134,13,112" hai2="18,11,33,41,45,100,63,69,91,31,79,27,83" hai3="118,8,80,114,39,57,95,103,68,49,9,73,110"/><U74/><E120/><V133/><F100/><W84/><G110/><T128/><D75/><U59/><E108/><V40/><F91/><W102/><G114/><T22/><D113/><U60/><E112/><V125/><F125/><W109/><G109/><T32/><D122/><U21/><E134/><V82/><F133/><W54/><G118/><T106/><D128/><U88/><E3/><V6/><F18/><W48/><G39/><T129/><D129/><U28/><E74/><V85/><F82/><W29/><G68/><T119/><D119/><U86/><E86/><V130/><F130/><W5/><G73/><T78/><D78/><U72/><E72/><V61/><F69/><W14/><G29/><T123/><D43/><U36/><E36/><V37/><F41/><W111/><G111/><T131/><D123/><U89/><E89/><V107/><F107/><W2/><G95/><T124/><D124/><U66/><E28/><V105/><F105/><W92/><G92/><T117/><D117/><U20/><E66/><V116/><F116/><W70/><G70/><T104/><D132/><U35/><E35/><V44/><F44/><W51/><G9/><T58/><D32/><U90/><E101/><N who="3" m="38410" /><G2/><AGARI ba="0,0" hai="2,6,11,27,31,33,37,40,45,61,63,79,83,85" machi="2" ten="30,1000,0" yaku="7,1" doraHai="47" who="2" fromWho="3" sc="488,0,242,0,185,10,85,-10" /><INIT seed="6,0,0,4,5,74" ten="488,242,195,75" oya="2" hai0="34,117,58,76,18,100,17,51,131,15,128,5,123" hai1="66,28,134,95,126,109,89,110,16,98,24,91,83" hai2="11,12,107,8,54,41,102,65,87,13,103,48,60" hai3="14,40,39,124,32,43,35,20,67,73,68,36,97"/><V26/><F107/><W129/><G129/><T9/><D34/><U127/><E134/><V44/><F26/><W70/><G124/><N who="1" m="47658" /><E16/><N who="2" m="8199" /><F65/><W1/><G73/><T33/><D33/><N who="1" m="20615" /><E66/><V38/><F38/><W52/><G1/><T7/><D58/><U2/><E2/><V64/><F64/><W92/><G36/><T4/><D51/><U114/><E114/><V86/><F60/><W113/><G113/><T130/><D100/><N who="2" m="38442" /><F41/><W119/><G119/><T99/><D117/><U10/><E10/><V125/><F125/><W82/><G39/><T19/><D123/><U94/><E83/><V59/><F59/><W23/><G68/><T53/><D53/><U121/><E121/><V22/><F22/><W63/><G82/><T122/><D122/><U6/><E6/><AGARI ba="0,0" hai="6,11,13,44,48,54,86,87" m="38442,8199" machi="6" ten="30,2900,0" yaku="8,1,54,1" doraHai="74" who="2" fromWho="1" sc="488,0,242,-29,195,29,75,0" /><INIT seed="6,1,0,0,3,62" ten="488,213,224,75" oya="2" hai0="19,23,90,116,92,82,93,110,125,122,126,114,127" hai1="133,99,51,41,131,100,39,67,112,89,14,52,59" hai2="40,9,31,94,128,6,20,121,7,66,101,47,124" hai3="13,30,63,48,81,73,61,119,4,11,95,10,32"/><V65/><F121/><W45/><G119/><T21/><D114/><U27/><E112/><V72/><F72/><W26/><G73/><T85/><D110/><U102/><E131/><V79/><F79/><W115/><G115/><T60/><D122/><U49/><E133/><V96/><F128/><W68/><G68/><T50/><D116/><U111/><E39/><V113/><F113/><W105/><G105/><T77/><D23/><U16/><E27/><N who="2" m="16871" /><F124/><W64/><G64/><N who="2" m="24681" /><F9/><W84/><G95/><T15/><D77/><U17/><E111/><V28/><F28/><W132/><G11/><T56/><D50/><AGARI ba="1,0" hai="6,7,40,47,50,94,96,101" m="24681,16871" machi="50" ten="30,11600,0" yaku="8,1,52,3" doraHai="62" who="2" fromWho="0" sc="488,-119,213,0,224,119,75,0" /><INIT seed="6,2,0,0,1,55" ten="369,213,343,75" oya="2" hai0="110,39,21,16,17,20,120,1,74,50,76,35,116" hai1="134,41,63,89,25,49,91,37,24,59,111,128,113" hai2="31,54,82,7,85,104,114,10,94,66,105,65,127" hai3="93,126,87,38,79,77,48,84,121,129,118,47,109"/><V78/><F114/><W131/><G109/><T97/><D110/><U58/><E111/><V83/><F94/><W6/><G121/><T92/><D39/><U8/><E113/><V33/><F127/><W2/><G118/><T42/><D35/><U125/><E128/><V51/><F104/><W103/><G126/><T112/><D112/><U99/><E37/><V62/><F105/><W29/><G38/><T95/><D1/><U45/><E125/><V40/><F40/><W36/><G36/><T70/><D70/><U5/><E134/><V32/><F31/><W96/><G29/><T68/><D68/><U133/><E133/><V14/><F66/><W23/><G23/><T100/><D120/><U122/><E122/><V72/><F62/><W64/><G64/><T27/><D74/><U30/><E63/><V115/><F65/><W11/><G79/><T69/><D76/><U52/><E41/><V56/><F115/><W53/><REACH who="3" step="1"/><G77/><AGARI ba="2,0" hai="7,10,14,32,33,51,54,56,72,77,78,82,83,85" machi="77" ten="30,2900,0" yaku="7,1,52,1" doraHai="55" who="2" fromWho="3" sc="369,0,213,0,343,35,75,-35" /><INIT seed="6,3,0,2,1,0" ten="369,213,378,40" oya="2" hai0="8,63,134,69,78,29,114,42,108,99,96,88,76" hai1="118,33,130,97,109,11,13,26,44,32,4,117,52" hai2="95,70,106,7,46,48,22,90,83,94,72,92,107" hai3="85,17,102,47,120,111,71,128,50,40,12,56,60"/><V87/><F70/><W34/><G120/><T25/><D114/><U45/><E109/><V127/><F22/><W20/><G128/><T105/><D108/><U119/><E130/><V133/><F7/><W21/><G111/><T2/><D42/><U14/><E97/><V65/><F65/><W132/><G132/><T77/><D134/><U73/><E73/><V100/><F133/><W39/><G71/><T125/><D125/><U135/><E135/><V129/><F129/><W19/><G34/><T55/><D105/><N who="2" m="39946" /><F48/><W113/><G113/><T24/><D24/><U81/><E81/><V84/><F46/><W28/><G28/><T5/><D88/><U30/><E33/><V115/><F115/><W43/><G102/><T36/><D36/><U103/><E103/><V110/><F110/><W74/><G74/><T67/><REACH who="0" step="1"/><D55/><REACH who="0" ten="359,213,378,40" step="2"/><U38/><E38/><V121/><F127/><W116/><G116/><T64/><D64/><U51/><REACH who="1" step="1"/><E44/><REACH who="1" ten="359,203,378,40" step="2"/><V98/><F72/><W93/><G39/><T37/><D37/><U122/><E122/><V59/><F121/><W80/><G47/><T126/><D126/><U9/><E9/><V58/><F87/><W10/><G85/><T1/><D1/><AGARI ba="3,2" hai="1,4,11,13,14,26,30,32,45,51,52,117,118,119" machi="1" ten="40,8000,1" yaku="1,1,52,1,54,1,53,1" doraHai="0" doraHaiUra="49" who="1" fromWho="0" sc="359,-89,203,109,378,0,40,0" /><INIT seed="7,0,0,1,3,18" ten="270,312,378,40" oya="3" hai0="51,36,64,73,26,9,125,108,43,75,66,22,34" hai1="91,7,32,92,135,107,105,87,60,21,29,132,27" hai2="86,8,126,103,133,65,6,46,25,83,3,102,15" hai3="67,84,114,118,81,76,94,134,79,16,109,96,129"/><W44/><G114/><T30/><D108/><U47/><E7/><V120/><F120/><W85/><G129/><T127/><D36/><U130/><E130/><V2/><F133/><N who="1" m="51273" /><E47/><V13/><F126/><W33/><G134/><T37/><D37/><U24/><E60/><V20/><F65/><W74/><G118/><T38/><D38/><U63/><E63/><V124/><F124/><W111/><G33/><T58/><D34/><U128/><E128/><V52/><F13/><W123/><G67/><T49/><D9/><U112/><E112/><V78/><F3/><W0/><G0/><T90/><D75/><U82/><E82/><V40/><F2/><W57/><G44/><T61/><D73/><U80/><E80/><V98/><F40/><W59/><G123/><T48/><D66/><U45/><E45/><V11/><F11/><W106/><G106/><T131/><D43/><U70/><E70/><V12/><F12/><W17/><G74/><T19/><D30/><AGARI ba="0,0" hai="21,24,27,29,30,32,87,91,92,105,107" m="51273" machi="30" ten="30,2000,0" yaku="20,1,52,1" doraHai="18" who="1" fromWho="0" sc="270,-20,312,20,378,0,40,0" owari="250,-15.0,332,13.0,378,48.0,40,-46.0" /></mjloggm>