<mjloggm ver="2.3"><GO type="169" lobby="0"/><UN n0="%E7%AB%8B%E8%8F%AF%E5%A5%8F" n1="%68%69%72%6F%70%65%6E" n2="%E3%82%86%E3%81%BF%E2%98%86%E3%83%9F" n3="%67%69%6A%79%75%74%75" dan="16,17,16,16" rate="2094.58,2108.24,2093.52,2150.04" sx="F,M,F,M"/><TAIKYOKU oya="0"/><INIT seed="0,0,0,3,2,42" ten="250,250,250,250" oya="0" hai0="73,65,88,109,10,121,8,51,50,87,89,76,4" hai1="18,32,99,57,95,134,52,38,49,67,33,2,6" hai2="118,36,124,97,90,35,27,92,83,1,30,107,123" hai3="21,68,74,59,22,11,60,130,131,120,14,105,43"/><T47/><D121/><U98/><E38/><V106/><F1/><W13/><G120/><T61/><D73/><U54/><E134/><V75/><F123/><W31/><G105/><T96/><D109/><U113/><E113/><V44/><F124/><W17/><G74/><T119/><D119/><U79/><E67/><V23/><F118/><W100/><G100/><T125/><D125/><U129/><E129/><N who="3" m="49162" /><G68/><T19/><D19/><U64/><E64/><V37/><F37/><W82/><G82/><T85/><D96/><U101/><E79/><V78/><REACH who="2" step="1"/><F35/><REACH who="2" ten="250,250,240,250" step="2"/><W102/><G102/><T115/><D115/><U3/><E32/><V91/><F91/><W41/><G21/><T0/><D76/><U108/><E33/><V133/><F133/><W15/><G31/><T77/><D77/><U69/><E108/><V110/><F110/><W48/><G48/><T103/><D103/><U45/><E49/><V20/><F20/><W70/><G70/><T7/><D61/><U93/><E69/><V66/><F66/><N who="3" m="39199" /><G11/><T12/><D65/><U104/><E101/><V122/><F122/><W132/><G132/><T24/><D0/><U71/><E104/><V39/><F39/><W86/><G86/><T40/><D51/><U135/><E2/><V53/><F53/><W62/><G62/><T111/><D111/><U127/><E52/><V114/><F114/><W128/><G128/><T26/><D87/><U63/><E54/><V58/><F58/><W29/><G29/><T72/><D72/><U5/><E57/><V94/><F94/><W55/><G55/><T80/><D89/><RYUUKYOKU ba="0,1" sc="250,10,250,-30,240,10,250,10" hai0="4,7,8,10,12,24,26,40,47,50,80,85,88" hai2="23,27,30,36,44,75,78,83,90,92,97,106,107" hai3="13,14,15,17,22,41,43" /><INIT seed="0,1,1,5,0,113" ten="260,220,250,260" oya="0" hai0="75,7,101,93,80,132,23,69,84,86,97,109,83" hai1="124,104,6,45,46,129,105,108,5,36,135,103,122" hai2="115,49,56,123,25,90,53,62,57,22,79,17,19" hai3="33,50,24,16,39,28,133,91,51,1,107,110,88"/><T44/><D69/><U37/><E103/><V10/><F115/><W64/><G39/><N who="1" m="14922" /><E122/><V70/><F123/><W58/><G107/><N who="1" m="41034" /><E108/><V32/><F70/><W102/><G102/><T11/><D109/><U121/><E121/><V72/><F32/><W82/><G110/><T73/><D44/><N who="1" m="17003" /><E124/><V63/><F72/><W41/><G41/><T18/><D132/><U26/><E26/><V128/><F79/><W117/><G133/><T14/><D86/><U98/><E98/><V95/><F128/><W118/><G24/><T74/><REACH who="0" step="1"/><D84/><REACH who="0" ten="250,220,250,260" step="2"/><U61/><E135/><V59/><F10/><W43/><G58/><T81/><D81/><U12/><E129/><V2/><F59/><W134/><G82/><T27/><AGARI ba="1,2" hai="7,11,14,18,23,27,73,74,75,80,83,93,97,101" machi="27" ten="30,3000,0" yaku="1,1,0,1,53,0" doraHai="113" doraHaiUra="127" who="0" fromWho="0" sc="250,53,220,-11,250,-11,260,-11" /><INIT seed="0,2,0,2,1,89" ten="303,209,239,249" oya="0" hai0="128,37,108,52,120,86,28,16,122,65,66,21,2" hai1="3,125,104,67,49,43,97,53,0,110,26,79,94" hai2="20,119,22,93,48,8,51,101,30,111,23,126,116" hai3="95,44,9,33,129,117,83,107,98,57,123,7,18"/><T109/><D2/><U24/><E110/><N who="0" m="42601" /><D128/><U25/><E125/><V14/><F111/><W10/><G117/><N who="2" m="45129" /><F30/><W64/><G107/><T90/><D28/><U130/><E130/><V35/><F35/><W38/><G129/><T1/><D1/><U27/><E104/><V5/><F126/><W69/><G69/><T15/><D37/><U115/><N who="1" m="6656" /><DORA hai="106" /><U56/><E115/><V74/><F74/><W76/><G33/><T92/><D52/><U11/><E11/><V39/><F39/><W73/><G123/><AGARI ba="2,0" hai="15,16,21,65,66,86,90,92,120,122,123" m="42601" machi="123" ten="30,11600,0" yaku="14,1,10,1,52,1,54,1" doraHai="89,106" who="0" fromWho="3" sc="303,122,209,0,239,0,249,-122" /><INIT seed="0,3,0,2,0,105" ten="425,209,239,127" oya="0" hai0="118,96,72,114,7,124,82,40,129,49,97,93,33" hai1="38,86,84,125,121,3,4,78,58,1,106,65,132" hai2="61,27,130,22,76,85,68,50,102,126,39,81,131" hai3="115,41,74,13,37,0,2,59,47,56,100,75,133"/><T127/><D33/><U98/><E121/><V73/><F39/><W43/><G115/><T104/><D7/><U57/><E38/><V99/><F126/><N who="0" m="48170" /><D40/><U107/><E125/><V94/><F50/><W10/><G100/><N who="0" m="62479" /><D49/><U35/><E35/><V14/><F14/><W113/><G113/><T19/><D19/><U71/><E71/><V103/><F103/><W111/><G111/><T63/><D63/><U66/><E98/><V53/><F68/><W29/><G29/><T122/><D114/><U8/><E8/><V83/><F61/><W101/><G101/><N who="0" m="60559" /><D122/><U79/><E132/><V9/><F9/><W24/><G133/><T90/><D129/><U5/><AGARI ba="3,0" hai="1,3,4,5,57,58,65,66,78,79,84,86,106,107" machi="5" ten="25,3200,0" yaku="0,1,22,2" doraHai="105" who="1" fromWho="1" sc="425,-19,209,41,239,-11,127,-11" /><INIT seed="1,0,0,3,1,100" ten="406,250,228,116" oya="1" hai0="31,83,82,120,57,34,47,99,60,23,21,49,126" hai1="43,134,106,68,121,38,19,124,95,131,56,94,0" hai2="8,16,86,24,130,2,55,33,85,113,67,79,123" hai3="6,116,69,50,75,36,101,52,9,109,108,110,97"/><U90/><E121/><V77/><F123/><W92/><G36/><T22/><D120/><U7/><E68/><V61/><F2/><W45/><G69/><T48/><D126/><U63/><E124/><V30/><F113/><W122/><G122/><T102/><D34/><U53/><E131/><V78/><F130/><W17/><G75/><T93/><D31/><U65/><E134/><V51/><F61/><W107/><G17/><T88/><D102/><U114/><E114/><V119/><F67/><W111/><N who="3" m="27648" /><DORA hai="98" /><W39/><G39/><T125/><D125/><U18/><E106/><V20/><F119/><W25/><G25/><T32/><D32/><U73/><E73/><V62/><F62/><W80/><G80/><T1/><D1/><U54/><E94/><V14/><REACH who="2" step="1"/><F33/><REACH who="2" ten="406,250,218,116" step="2"/><W13/><REACH who="3" step="1"/><G116/><REACH who="3" ten="406,250,218,106" step="2"/><T112/><D112/><U89/><E38/><V117/><F117/><W72/><G72/><T76/><D82/><U87/><E65/><V28/><F28/><W29/><G29/><T44/><D83/><U59/><E19/><V10/><F10/><W84/><G84/><T129/><D129/><U26/><E18/><V3/><F3/><W91/><G91/><T104/><D88/><U15/><E89/><V41/><F41/><W27/><G27/><T46/><D76/><U5/><E26/><V74/><F74/><W81/><G81/><T133/><D133/><U103/><E0/><V71/><F71/><W66/><G66/><T42/><D42/><U37/><E43/><V135/><F135/><W115/><G115/><T127/><D127/><U35/><E37/><RYUUKYOKU ba="0,2" sc="406,-15,250,-15,218,15,106,15" hai2="8,14,16,20,24,30,51,55,77,78,79,85,86" hai3="6,9,13,45,50,52,92,97,101,107" /><INIT seed="2,1,2,2,1,111" ten="391,235,233,121" oya="2" hai0="36,71,93,95,121,0,53,39,126,86,9,80,18" hai1="23,72,61,29,13,117,131,3,50,49,63,41,37" hai2="97,81,34,134,127,129,15,90,135,54,118,120,22" hai3="17,112,77,99,57,55,67,65,116,89,119,91,98"/><V66/><F34/><W70/><G70/><T58/><D121/><U62/><E117/><V45/><F118/><W25/><G77/><T101/><D71/><U105/><E3/><V31/><F120/><W69/><G69/><T4/><D126/><U30/><E105/><V5/><F127/><W68/><G68/><T44/><D18/><N who="1" m="10703" /><E72/><V60/><F129/><W107/><G25/><T26/><D26/><U85/><E37/><V106/><F106/><W64/><G17/><T42/><D39/><U76/><E131/><V73/><F73/><W46/><G46/><T74/><D101/><U113/><E113/><V100/><F100/><W132/><G65/><T92/><D74/><U104/><E104/><V123/><F66/><W11/><G107/><T79/><D95/><U94/><E94/><N who="2" m="56535" /><F123/><W87/><G11/><T48/><AGARI ba="1,2" hai="0,4,9,36,42,44,48,53,58,79,80,86,92,93" machi="48" ten="20,1500,0" yaku="0,1,7,1" doraHai="111" who="0" fromWho="0" sc="391,38,235,-5,233,-8,121,-5" /><INIT seed="3,0,0,4,4,96" ten="429,230,225,116" oya="3" hai0="100,73,53,12,94,89,120,55,45,23,69,39,124" hai1="84,123,71,1,76,63,119,50,47,2,111,121,95" hai2="3,20,110,58,101,92,81,38,112,52,114,88,15" hai3="16,105,37,127,68,26,85,97,128,122,116,28,66"/><W65/><G122/><T83/><D120/><U132/><E111/><V107/><F38/><W6/><G116/><T14/><D69/><U72/><E132/><V75/><F3/><W133/><G133/><T10/><D124/><U24/><E119/><V93/><F93/><W41/><G127/><T102/><D39/><U103/><E121/><V22/><F110/><W46/><G128/><T40/><D40/><U104/><E123/><V62/><F114/><W126/><G126/><T48/><D73/><U35/><E72/><V29/><F29/><W79/><G6/><N who="0" m="3159" /><D83/><U134/><E134/><V33/><F33/><N who="3" m="20631" /><G65/><T31/><D55/><N who="1" m="30175" /><E95/><V61/><F61/><N who="3" m="40015" /><G85/><N who="0" m="52527" /><D31/><N who="1" m="19943" /><E76/><N who="2" m="44191" /><F15/><W36/><G79/><T21/><D14/><U98/><E84/><N who="2" m="52231" /><F112/><W74/><G74/><T82/><D82/><U59/><E59/><V80/><F80/><W70/><G70/><T86/><D86/><U43/><E43/><V18/><F18/><W7/><G7/><T27/><D27/><U54/><E54/><V5/><F5/><W57/><G57/><T9/><D9/><U77/><E77/><V13/><F13/><W131/><G131/><T109/><D109/><U108/><E108/><V17/><F17/><W90/><G90/><T115/><D115/><U4/><E4/><V44/><F44/><W117/><G117/><T25/><D25/><U106/><E106/><V42/><F42/><W130/><G130/><T8/><D8/><U19/><E19/><V78/><F78/><W51/><G16/><T11/><D11/><U34/><E34/><V56/><F58/><W118/><G118/><T87/><D87/><RYUUKYOKU ba="0,0" sc="429,0,230,0,225,0,116,0" hai0="21,23,45,48,53,100,102" hai1="1,2,63,71,98,103,104" hai2="20,22,52,56,62,101,107" hai3="36,37,41,46,51,97,105" /><INIT seed="3,1,0,4,4,23" ten="429,230,225,116" oya="3" hai0="2,19,133,39,96,131,49,100,40,14,94,66,4" hai1="98,45,128,129,9,37,70,123,57,116,117,76,63" hai2="108,124,127,79,8,134,26,77,90,111,75,69,34" hai3="5,27,7,71,24,35,25,41,51,53,61,46,22"/><W102/><G35/><T80/><D131/><N who="1" m="50251" /><E76/><N who="2" m="29259" /><F75/><W15/><G102/><T38/><D133/><U42/><E98/><V32/><F134/><W87/><G71/><T64/><D80/><U103/><E103/><V58/><F69/><W113/><G113/><T115/><D115/><U85/><E85/><V20/><F8/><W86/><G61/><T31/><D31/><U135/><E9/><V81/><F58/><W110/><G110/><N who="2" m="42025" /><F81/><W55/><G22/><T101/><D101/><U78/><E78/><V126/><F90/><W120/><G120/><T125/><D2/><U50/><E135/><V6/><F6/><N who="3" m="2059" /><G15/><T3/><D4/><U91/><E91/><V16/><AGARI ba="1,0" hai="16,20,26,32,34,124,126,127" m="42025,29259" machi="16" ten="40,8000,1" yaku="18,1,14,1,52,1,54,1" doraHai="23" who="2" fromWho="2" sc="429,-21,230,-21,225,83,116,-41" /><INIT seed="4,0,0,2,1,91" ten="408,209,308,75" oya="0" hai0="112,16,87,77,102,89,13,68,9,56,96,67,104" hai1="90,85,55,125,38,66,49,21,8,58,71,120,65" hai2="57,105,121,23,60,1,131,53,15,111,12,94,63" hai3="18,119,86,59,48,39,10,32,98,82,83,44,45"/><T5/><D68/><U100/><E120/><V117/><F105/><W113/><G119/><T70/><D70/><U2/><E38/><V95/><F1/><W88/><G32/><T76/><D112/><U101/><E125/><V43/><F121/><W29/><G29/><T80/><D67/><N who="1" m="25611" /><E71/><V115/><F111/><W46/><G39/><T107/><D107/><U132/><E132/><V17/><F115/><W11/><G113/><T41/><D41/><U75/><E75/><V114/><F114/><W99/><G82/><T31/><D56/><N who="1" m="32879" /><E2/><V130/><F43/><W24/><G24/><T19/><D31/><U92/><E8/><N who="3" m="3114" /><G18/><T73/><D77/><U79/><E58/><N who="2" m="34895" /><F12/><W35/><G35/><T7/><D7/><U64/><N who="1" m="25619" /><U116/><DORA hai="118" /><E116/><V62/><F117/><W0/><G0/><T124/><D124/><U40/><E40/><V42/><F42/><W109/><G109/><T127/><D127/><U128/><E128/><N who="2" m="49195" /><F57/><W106/><G106/><T81/><AGARI ba="0,0" hai="5,9,13,16,19,73,76,80,81,87,89,96,102,104" machi="81" ten="20,3900,0" yaku="0,1,7,1,54,1" doraHai="91,118" who="0" fromWho="0" sc="408,39,209,-13,308,-13,75,-13" /><INIT seed="4,1,0,5,5,50" ten="447,196,295,62" oya="0" hai0="5,35,45,121,31,27,102,97,83,72,37,116,105" hai1="122,29,95,110,21,68,12,76,2,59,26,61,71" hai2="40,70,123,99,75,88,73,24,118,85,111,127,103" hai3="131,90,43,52,55,19,34,38,100,64,93,107,6"/><T98/><D116/><U114/><E122/><V17/><F70/><W13/><G34/><T84/><D121/><U62/><E110/><V108/><F123/><W81/><G6/><T115/><D115/><U66/><E2/><V46/><F118/><W8/><G131/><T135/><D135/><U60/><E114/><V15/><F24/><W117/><G117/><T106/><D5/><U87/><E71/><V4/><F4/><W49/><G38/><T86/><D72/><U33/><E68/><V36/><F127/><W25/><G25/><T0/><D0/><U125/><E125/><V9/><F111/><W18/><G64/><T80/><D80/><U79/><E33/><V130/><F130/><W14/><G107/><T133/><D133/><U74/><E74/><V78/><F78/><N who="1" m="29737" /><E12/><V53/><F108/><W134/><G134/><T126/><D126/><U89/><AGARI ba="1,0" hai="21,26,29,59,60,61,62,66,87,89,95" m="29737" machi="89" ten="30,1100,0" yaku="8,1" doraHai="50" who="1" fromWho="1" sc="447,-6,196,14,295,-4,62,-4" /><INIT seed="5,0,0,1,1,61" ten="441,210,291,58" oya="1" hai0="102,130,80,76,9,132,78,135,14,7,66,112,107" hai1="24,60,26,11,53,92,101,134,31,12,44,84,52" hai2="72,32,94,8,93,68,98,109,117,46,35,34,0" hai3="95,1,39,123,64,104,63,86,103,19,40,91,58"/><U49/><E134/><N who="0" m="51241" /><D130/><U5/><E31/><V45/><F109/><W81/><G123/><T88/><D112/><U75/><E75/><V124/><F117/><W55/><G1/><T22/><D22/><U125/><E125/><V106/><F72/><W83/><G40/><T111/><D111/><U43/><E43/><V129/><F129/><W99/><G39/><T108/><D108/><U70/><E70/><V97/><F68/><W100/><G100/><T77/><D102/><U51/><E60/><V71/><F71/><W36/><G36/><T79/><D107/><U131/><E131/><V13/><F0/><W96/><G96/><T126/><D126/><U56/><REACH who="1" step="1"/><E84/><REACH who="1" ten="441,200,291,58" step="2"/><V2/><F124/><W3/><G3/><T119/><D119/><U17/><E17/><V42/><F2/><W18/><G18/><T127/><D127/><U47/><E47/><V116/><F116/><W33/><G33/><T114/><D114/><U82/><E82/><V67/><F35/><W118/><G118/><T28/><D28/><U89/><E89/><V85/><F85/><W15/><REACH who="3" step="1"/><G55/><REACH who="3" ten="441,200,291,48" step="2"/><T128/><D128/><U37/><E37/><V105/><F32/><W48/><G48/><T21/><D78/><U90/><E90/><V41/><F34/><W54/><G54/><T16/><D88/><U59/><E59/><V122/><F122/><W38/><G38/><T20/><D16/><U120/><E120/><V27/><F42/><W10/><AGARI ba="0,2" hai="10,15,19,58,63,64,81,83,86,91,95,99,103,104" machi="10" ten="20,5200,0" yaku="1,1,0,1,7,1,52,1,53,0" doraHai="61" doraHaiUra="113" who="3" fromWho="3" sc="441,-13,200,-26,291,-13,48,72" /><INIT seed="6,0,0,3,5,65" ten="428,174,278,120" oya="2" hai0="117,75,5,62,90,92,104,15,109,7,58,10,78" hai1="57,45,72,126,114,118,25,115,48,86,34,122,54" hai2="106,17,110,130,111,23,60,35,56,44,13,8,133" hai3="55,4,52,101,32,30,69,79,89,24,18,50,26"/><V132/><F106/><W20/><G79/><T129/><D104/><U71/><E118/><V128/><F44/><W53/><G101/><T127/><D117/><U64/><E72/><V36/><F36/><W22/><G4/><T9/><D109/><N who="2" m="41482" /><F56/><W33/><G69/><T38/><D38/><U112/><E126/><V97/><F97/><W70/><G70/><T93/><D127/><U11/><E122/><V47/><F47/><W119/><G119/><T59/><D129/><N who="2" m="49770" /><F60/><W103/><G103/><T131/><D131/><U123/><E123/><V113/><F35/><W108/><G108/><T16/><D75/><U6/><E86/><V43/><F43/><W19/><G33/><T80/><D78/><U27/><E57/><V31/><F113/><W2/><G2/><T39/><D39/><U124/><E34/><V46/><F46/><W98/><G98/><T14/><D80/><U95/><E95/><V49/><F49/><W84/><G50/><T81/><D81/><U41/><E41/><V91/><F91/><W12/><REACH who="3" step="1"/><G55/><REACH who="3" ten="428,174,278,110" step="2"/><T125/><D125/><U28/><E124/><V77/><F77/><W120/><G120/><T3/><D62/><U76/><E112/><V121/><F121/><W83/><AGARI ba="0,1" hai="12,18,19,20,22,24,26,30,32,52,53,83,84,89" machi="83" ten="20,5200,0" yaku="1,1,0,1,7,1,54,1,53,0" doraHai="65" doraHaiUra="0" who="3" fromWho="3" sc="428,-13,174,-13,278,-26,110,62" /><INIT seed="7,0,0,0,4,131" ten="415,161,252,172" oya="3" hai0="61,81,40,53,56,26,19,98,55,21,88,41,18" hai1="7,90,125,127,49,9,103,0,1,123,124,29,67" hai2="108,118,74,11,13,128,37,126,91,96,69,4,133" hai3="63,8,35,30,111,64,25,102,82,32,54,114,60"/><W5/><G114/><T76/><D55/><U78/><E123/><V72/><F69/><W79/><G111/><T57/><D57/><U27/><E90/><V31/><F108/><W50/><G102/><T94/><D18/><U86/><E103/><V85/><F37/><W75/><G35/><T73/><AGARI ba="0,0" hai="19,21,26,40,41,53,56,61,73,76,81,88,94,98" machi="73" ten="20,8000,1" yaku="0,1,7,1,25,2,54,1" doraHai="131" who="0" fromWho="0" sc="415,80,161,-20,252,-20,172,-40" owari="495,60.0,141,-26.0,232,3.0,132,-37.0" /></mjloggm>