<mjloggm ver="2.3"><GO type="169" lobby="0"/><UN n0="%73%5F%6F%6B" n1="%E3%82%82%E3%82%84%E3%81%97%E3%82%82%E3%82%93" n2="%52%6F%62%69%4E" n3="%73%68%69%6E%6F%21%21" dan="16,16,16,16" rate="2062.37,2113.15,2132.55,2123.40" sx="M,F,M,M"/><TAIKYOKU oya="0"/><INIT seed="0,0,0,1,1,45" ten="250,250,250,250" oya="0" hai0="82,71,98,131,84,90,59,77,110,80,38,102,108" hai1="58,104,54,101,48,92,35,134,105,56,72,124,11" hai2="40,12,78,73,117,21,128,61,23,34,125,53,100" hai3="32,22,118,129,30,106,69,49,65,25,93,47,75"/><T55/><D71/><U8/><E72/><V16/><F34/><W10/><G75/><T121/><D38/><U70/><E70/><V64/><F40/><W79/><G106/><T9/><D121/><U74/><E35/><V43/><F43/><W91/><G118/><T15/><D131/><U36/><E36/><V26/><F53/><W81/><G129/><T19/><D102/><U120/><E74/><V99/><F117/><W85/><G65/><T109/><D98/><N who="1" m="59591" /><E120/><V60/><F128/><W119/><G69/><T44/><D44/><U94/><E105/><V130/><F64/><W27/><G10/><T50/><D77/><U95/><E104/><V1/><F1/><W66/><G66/><T6/><D6/><U87/><E124/><V122/><F125/><W24/><G119/><T89/><D90/><N who="1" m="53599" /><E134/><V63/><F122/><W39/><G39/><T135/><D80/><U13/><E95/><V18/><F130/><W5/><G5/><T76/><D76/><U57/><E8/><V123/><F123/><W111/><G32/><T103/><D103/><U107/><E107/><V52/><F73/><W31/><G22/><T41/><D41/><U3/><E3/><V115/><F78/><W4/><G4/><AGARI ba="0,0" hai="4,11,13,48,54,56,57,58" m="53599,59591" machi="4" ten="30,2000,0" yaku="8,1,52,1" doraHai="45" who="1" fromWho="3" sc="250,0,250,20,250,0,250,-20" /><INIT seed="1,0,0,5,2,96" ten="250,270,250,230" oya="1" hai0="49,45,77,133,42,52,81,54,121,38,130,33,48" hai1="5,10,51,31,27,7,16,123,132,41,124,56,106" hai2="99,112,32,103,15,34,11,64,70,9,107,122,53" hai3="26,69,60,129,19,116,66,61,135,111,88,20,128"/><U68/><E68/><V4/><F122/><W118/><G111/><T83/><D33/><U97/><E123/><V126/><F126/><W29/><G135/><T90/><D121/><U98/><E132/><V67/><F112/><W30/><G60/><T62/><D133/><U110/><E124/><V25/><F53/><W108/><G108/><T58/><D130/><N who="3" m="50281" /><G88/><T44/><D90/><U74/><E74/><V86/><F70/><W131/><N who="3" m="50289" /><W134/><DORA hai="120" /><G134/><T65/><REACH who="0" step="1"/><D77/><REACH who="0" ten="240,270,250,230" step="2"/><U73/><E110/><V119/><F34/><W114/><G114/><T71/><AGARI ba="0,1" hai="38,42,44,45,48,49,52,54,58,62,65,71,81,83" machi="71" ten="20,12000,2" yaku="1,1,2,1,0,1,7,1,24,2,54,1,53,0" doraHai="96,120" doraHaiUra="35,117" who="0" fromWho="0" sc="240,130,270,-60,250,-30,230,-30" /><INIT seed="2,0,0,0,5,61" ten="370,210,220,200" oya="2" hai0="18,64,4,81,5,75,82,33,106,78,38,35,128" hai1="103,21,19,29,77,114,86,93,44,8,51,107,15" hai2="36,17,40,133,91,90,6,45,58,37,43,2,27" hai3="30,84,70,56,57,0,28,22,113,135,62,121,76"/><V99/><F133/><W73/><G0/><T49/><D38/><U130/><E114/><V83/><F2/><W124/><G121/><T102/><D128/><U119/><E130/><V3/><F3/><W34/><G73/><T100/><D49/><U12/><E119/><V101/><F6/><W92/><G113/><T46/><D46/><U129/><E129/><V127/><F127/><W59/><G124/><T105/><D18/><U67/><E107/><V122/><F122/><W112/><G112/><T104/><D64/><U131/><E131/><V108/><F83/><W16/><G135/><T71/><D71/><U53/><E67/><V132/><F132/><W25/><G70/><T13/><D13/><U118/><E118/><V32/><F43/><W115/><G115/><T74/><D106/><U85/><E77/><AGARI ba="0,0" hai="4,5,33,35,74,75,77,78,81,82,100,102,104,105" machi="77" ten="25,1600,0" yaku="22,2" doraHai="61" who="0" fromWho="1" sc="370,16,210,-16,220,0,200,0" /><INIT seed="3,0,0,0,2,8" ten="386,194,220,200" oya="3" hai0="48,99,53,31,27,131,29,32,71,16,67,100,135" hai1="44,129,76,107,80,64,118,17,92,26,5,96,24" hai2="65,115,103,39,21,83,111,84,73,38,132,66,46" hai3="102,120,7,14,81,11,22,113,112,134,104,87,124"/><W93/><G120/><T109/><D109/><U0/><E107/><V3/><F115/><W35/><G35/><T41/><D41/><U50/><E118/><V121/><F73/><W89/><G124/><T91/><D91/><U23/><E129/><V42/><F103/><W128/><G128/><T28/><D131/><U70/><E64/><V49/><F3/><W54/><G134/><T12/><D135/><U98/><E70/><V77/><F111/><W123/><G123/><T25/><D67/><U126/><E126/><V18/><F132/><W82/><G104/><T119/><D71/><U4/><E26/><V75/><F75/><W85/><G22/><T110/><D110/><U30/><E30/><V79/><F79/><W88/><G54/><T45/><D119/><U63/><E63/><V74/><F74/><W6/><G6/><T56/><D45/><U43/><E0/><V36/><REACH who="2" step="1"/><F121/><REACH who="2" ten="386,194,210,200" step="2"/><W78/><REACH who="3" step="1"/><G102/><REACH who="3" ten="386,194,210,190" step="2"/><T51/><D100/><U60/><E4/><V55/><F55/><W114/><G114/><T59/><D53/><U101/><E5/><V86/><F86/><AGARI ba="0,2" hai="7,11,14,78,81,82,85,86,87,88,89,93,112,113" machi="86" ten="30,11600,0" yaku="1,1,7,1,52,1,54,1,53,0" doraHai="8" doraHaiUra="13" who="3" fromWho="2" sc="386,0,194,0,210,-116,190,136" /><INIT seed="3,1,0,0,3,6" ten="386,194,94,326" oya="3" hai0="124,5,0,58,54,133,76,39,122,110,16,87,67" hai1="9,41,66,25,80,90,19,57,108,127,18,82,92" hai2="65,68,36,77,84,61,63,43,14,13,12,103,117" hai3="53,22,130,128,89,60,112,129,97,98,70,37,42"/><W33/><G33/><T119/><D122/><U47/><E108/><V95/><F117/><W15/><G112/><T17/><D119/><U64/><E127/><V125/><F125/><W113/><G113/><T44/><D124/><U101/><E101/><V134/><F134/><W123/><G123/><T96/><D67/><U45/><E25/><V69/><F43/><W28/><G42/><T55/><D96/><U88/><E41/><V49/><F36/><W118/><G37/><T8/><D39/><U73/><E73/><V24/><F49/><W75/><G75/><T3/><D110/><U114/><E114/><V34/><F103/><W26/><G118/><T109/><D109/><U29/><E29/><V131/><F131/><W30/><G30/><T135/><D44/><U126/><E126/><V79/><F24/><W35/><G89/><T10/><D87/><U99/><E99/><V4/><F34/><W121/><G121/><T21/><D76/><U48/><E57/><V40/><F40/><W111/><G111/><T59/><D21/><U71/><E92/><V23/><F23/><W85/><G85/><T11/><D10/><U78/><E48/><V81/><F79/><W51/><G60/><T100/><D100/><U50/><E50/><V7/><REACH who="2" step="1"/><F95/><REACH who="2" ten="386,194,84,326" step="2"/><W46/><G70/><T52/><D135/><U132/><E132/><V31/><F31/><W116/><G116/><T94/><D133/><U104/><E71/><V62/><F62/><W38/><G38/><T2/><D94/><U105/><E78/><V91/><F91/><W56/><G46/><T74/><D59/><RYUUKYOKU ba="1,1" sc="386,-30,194,10,84,10,326,10" hai1="9,18,19,45,47,64,66,80,82,88,90,104,105" hai2="4,7,12,13,14,61,63,65,68,69,77,81,84" hai3="15,22,26,28,35,51,53,56,97,98,128,129,130" /><INIT seed="3,2,1,5,2,52" ten="356,204,94,336" oya="3" hai0="73,46,87,25,124,15,51,32,85,93,40,125,106" hai1="77,61,81,120,132,29,2,11,27,131,54,114,57" hai2="55,14,79,71,10,41,5,94,95,39,133,84,65" hai3="112,107,75,13,33,30,89,28,121,69,115,80,58"/><W23/><G107/><T135/><D73/><U109/><E120/><V63/><F133/><W62/><G121/><T103/><D106/><U6/><E114/><V20/><F39/><W21/><G69/><T59/><D15/><U134/><E131/><V19/><F41/><W50/><G33/><T113/><D135/><U48/><E109/><V66/><F66/><W16/><G50/><T118/><D118/><U49/><E132/><V88/><F55/><W37/><G37/><T70/><D70/><U127/><E134/><V119/><F79/><W86/><G75/><T122/><D122/><U60/><E60/><V129/><F129/><W43/><G43/><T67/><D113/><U97/><E97/><V83/><REACH who="2" step="1"/><F119/><REACH who="2" ten="356,204,84,336" step="2"/><W117/><G117/><T128/><D128/><U1/><E127/><V3/><AGARI ba="2,2" hai="3,5,10,14,19,20,63,65,71,83,84,88,94,95" machi="3" ten="20,8000,1" yaku="1,1,2,1,0,1,7,1,54,1,53,0" doraHai="52" doraHaiUra="42" who="2" fromWho="2" sc="356,-22,204,-22,84,106,336,-42" /><INIT seed="4,0,0,0,3,111" ten="334,182,190,294" oya="0" hai0="44,85,51,94,17,78,54,129,84,36,77,10,61" hai1="6,60,81,20,26,71,42,23,12,108,110,63,130" hai2="116,76,122,73,19,64,29,96,74,33,93,82,39" hai3="86,27,0,3,13,24,131,118,80,83,7,105,89"/><T22/><D36/><U135/><E130/><V25/><F122/><W120/><G105/><T87/><D129/><U52/><E135/><V32/><F116/><W38/><G38/><T72/><D72/><U47/><E71/><V107/><F39/><W103/><G103/><T65/><D10/><N who="1" m="4183" /><E110/><V35/><F74/><W88/><G131/><T102/><D102/><U53/><E42/><V115/><F115/><W90/><G118/><T70/><REACH who="0" step="1"/><D94/><REACH who="0" ten="324,182,190,294" step="2"/><U125/><E108/><V132/><F93/><W41/><G120/><T21/><D21/><U109/><E109/><V133/><F35/><W112/><G0/><T95/><D95/><U68/><E20/><V4/><F33/><W98/><G3/><T127/><D127/><U119/><E125/><V100/><F132/><W50/><G98/><T40/><D40/><U43/><E119/><V56/><F133/><W97/><G97/><T59/><D59/><U91/><E43/><V5/><F56/><W55/><G41/><T124/><D124/><U117/><E117/><V134/><F134/><W49/><G86/><T57/><D57/><U11/><E11/><V62/><F32/><W126/><G126/><T66/><D66/><U104/><E23/><V2/><F64/><W30/><G55/><T75/><D75/><U1/><E53/><V48/><F73/><W45/><G45/><T28/><D28/><U128/><E128/><V79/><F29/><W16/><G30/><T46/><D46/><U114/><E47/><V121/><F100/><W113/><G24/><AGARI ba="0,1" hai="17,22,24,44,51,54,61,65,70,77,78,84,85,87" machi="24" ten="40,2000,0" yaku="1,1,53,0" doraHai="111" doraHaiUra="9" who="0" fromWho="3" sc="324,30,182,0,190,0,294,-20" /><INIT seed="4,1,0,4,5,6" ten="354,182,190,274" oya="0" hai0="52,62,120,43,31,24,42,103,127,8,44,75,98" hai1="108,71,48,45,115,110,121,35,106,101,133,56,116" hai2="117,66,94,28,119,79,102,123,46,70,114,47,26" hai3="9,112,14,104,58,27,87,124,111,33,107,113,85"/><T55/><D120/><U97/><E121/><V92/><F123/><W22/><G33/><T2/><D75/><U59/><E116/><N who="2" m="44619" /><F114/><N who="3" m="44139" /><G111/><T34/><D127/><U90/><E115/><V30/><F79/><W23/><G58/><T74/><D74/><U96/><E71/><V13/><F30/><N who="3" m="17783" /><G23/><T36/><D43/><U100/><E35/><N who="2" m="20887" /><F66/><W67/><G67/><T57/><D2/><U93/><E133/><V64/><F64/><W53/><G53/><T130/><D130/><U25/><E25/><V128/><F70/><W135/><G135/><T129/><D129/><U0/><E0/><V84/><F128/><W132/><G132/><T19/><D55/><U80/><E108/><V17/><F47/><W68/><G68/><T63/><D62/><U88/><E110/><V69/><F46/><W105/><G124/><T86/><D86/><N who="1" m="50247" /><E100/><V81/><F102/><W49/><G49/><T1/><D1/><U20/><E20/><V21/><F69/><W109/><G109/><T72/><D72/><U11/><E11/><V15/><F15/><W134/><G134/><T37/><D37/><U5/><E5/><AGARI ba="1,0" hai="5,9,14,85,87,104,105,107" m="17783,44139" machi="5" ten="40,2600,0" yaku="15,1,52,1" doraHai="6" who="3" fromWho="1" sc="354,0,182,-29,190,0,274,29" /><INIT seed="5,0,0,1,2,110" ten="354,153,190,303" oya="1" hai0="68,11,78,13,7,58,90,8,9,113,65,121,72" hai1="105,102,87,40,50,17,6,116,128,52,100,36,97" hai2="3,10,120,132,39,34,49,71,66,112,133,4,73" hai3="19,70,0,98,83,95,59,75,38,37,99,114,122"/><U21/><E116/><V134/><F39/><W27/><G70/><T60/><D121/><U130/><E6/><V29/><F120/><W62/><G0/><T96/><D113/><U5/><E5/><V86/><F73/><W56/><G122/><T30/><D30/><U35/><E35/><V20/><F112/><W63/><G114/><T93/><REACH who="0" step="1"/><D68/><REACH who="0" ten="344,153,190,303" step="2"/><U23/><E100/><V106/><F71/><W92/><G38/><T111/><D111/><U57/><E87/><V25/><F86/><W47/><G37/><T126/><D126/><U61/><E36/><V123/><F29/><W42/><G75/><T64/><D64/><U2/><E2/><V118/><F66/><W135/><G99/><T55/><D55/><U31/><E31/><V16/><F123/><W24/><G98/><T89/><D89/><U22/><REACH who="1" step="1"/><E17/><REACH who="1" ten="344,143,190,303" step="2"/><N who="2" m="12431" /><F134/><W53/><G19/><T28/><D28/><U67/><E67/><V69/><F16/><W81/><G53/><T103/><D103/><U14/><E14/><V12/><F12/><W84/><G84/><T1/><D1/><U104/><E104/><V46/><F106/><W32/><G32/><T33/><D33/><U79/><E79/><V115/><F34/><W88/><G88/><T74/><D74/><U44/><AGARI ba="0,2" hai="21,22,23,40,44,50,52,57,61,97,102,105,128,130" machi="44" ten="30,6000,0" yaku="1,1,0,1,54,1,53,0" doraHai="110" doraHaiUra="109" who="1" fromWho="1" sc="344,-20,143,80,190,-20,303,-20" /><INIT seed="5,1,0,4,1,86" ten="324,223,170,283" oya="1" hai0="128,90,2,31,125,80,123,135,72,56,101,97,9" hai1="23,42,95,49,103,12,124,117,114,66,10,82,131" hai2="70,107,115,32,64,87,22,76,79,74,85,116,130" hai3="94,81,54,120,34,14,29,122,62,129,5,121,108"/><U20/><E117/><V45/><F32/><W43/><G108/><T132/><D31/><U109/><E109/><V6/><F6/><W113/><G43/><T102/><D56/><U112/><E124/><V84/><F116/><W106/><G106/><N who="0" m="63791" /><D9/><U21/><E131/><V4/><F130/><W18/><G129/><T67/><D2/><U69/><E82/><V133/><F107/><W83/><G5/><T13/><D67/><U35/><E35/><V50/><F133/><N who="0" m="51274" /><D13/><U15/><E66/><V46/><F74/><W8/><G29/><T36/><D36/><U38/><E38/><V134/><F134/><W37/><G34/><T99/><D128/><U47/><E69/><V96/><F4/><W0/><G37/><T52/><D52/><U58/><E58/><V3/><F3/><W126/><G0/><T92/><D125/><U105/><E105/><V30/><F64/><W26/><G126/><T55/><D55/><U118/><E118/><V53/><F70/><W1/><G1/><T127/><D127/><U91/><E103/><V25/><F115/><N who="1" m="44073" /><E10/><V19/><F46/><W51/><G113/><T33/><D33/><U59/><E59/><V93/><REACH who="2" step="1"/><F30/><REACH who="2" ten="324,223,160,283" step="2"/><W77/><G121/><T44/><D123/><U48/><E48/><V119/><F119/><W73/><G122/><T39/><D44/><U88/><E95/><V24/><F24/><W100/><G26/><T71/><D71/><U28/><E28/><V104/><F104/><W40/><G120/><T7/><D92/><U110/><E110/><V98/><F98/><W78/><G94/><T65/><D99/><RYUUKYOKU ba="1,1" sc="324,-15,223,15,160,15,283,-15" hai1="12,15,20,21,23,42,47,49,88,91" hai2="19,22,25,45,50,53,76,79,84,85,87,93,96" /><INIT seed="5,2,1,4,3,25" ten="309,238,175,268" oya="1" hai0="131,84,86,48,40,39,76,30,133,66,58,31,32" hai1="61,119,118,130,71,122,126,85,108,46,18,91,55" hai2="129,109,69,80,78,74,121,22,43,50,33,82,63" hai3="92,36,81,47,34,3,16,75,115,20,28,13,94"/><U120/><E108/><V123/><F109/><W88/><G3/><T60/><D32/><U56/><E126/><V42/><F33/><W65/><G65/><T15/><D39/><U54/><E130/><V73/><F129/><W83/><G115/><T96/><D131/><U127/><E127/><V95/><F95/><W68/><G68/><T27/><D27/><U110/><E110/><V52/><F69/><W101/><G75/><T87/><D133/><U77/><E77/><V102/><F63/><W8/><G34/><T128/><D128/><U11/><E11/><V116/><F102/><W14/><G36/><T4/><D96/><U100/><E100/><V45/><F116/><N who="1" m="44585" /><E18/><V113/><F113/><W106/><G106/><T64/><D64/><N who="1" m="41359" /><E91/><V17/><F80/><W35/><G47/><N who="0" m="25703" /><D76/><U89/><E89/><V105/><F105/><W0/><G0/><T103/><D103/><U90/><E90/><V1/><F1/><W7/><G35/><T104/><D104/><U23/><E85/><V38/><F74/><W10/><G101/><T24/><D24/><U53/><E23/><V132/><F132/><W62/><G94/><T12/><D12/><U107/><E107/><V9/><F9/><AGARI ba="2,1" hai="4,9,15,30,31,58,60,66,84,86,87" m="25703" machi="9" ten="30,3900,0" yaku="8,1,52,2" doraHai="25" who="0" fromWho="2" sc="309,55,238,0,175,-45,268,0" /><INIT seed="6,0,0,2,0,92" ten="364,238,130,268" oya="2" hai0="8,0,114,37,49,126,77,87,84,51,42,55,112" hai1="132,119,1,130,5,66,23,117,96,13,99,102,35" hai2="76,33,21,71,3,32,89,30,36,122,10,31,115" hai3="38,28,22,104,47,29,27,95,109,57,61,7,72"/><V20/><F122/><W15/><G104/><T67/><D67/><U82/><E35/><N who="2" m="13387" /><F89/><W129/><G72/><T12/><D0/><U121/><E1/><V54/><F54/><W63/><G63/><T26/><D26/><U93/><E121/><V111/><F76/><W44/><G29/><N who="2" m="10761" /><F36/><W43/><G47/><T125/><D37/><U97/><E66/><V64/><F64/><W16/><G57/><T85/><D42/><U50/><E82/><V48/><F48/><N who="0" m="18506" /><D55/><U86/><E50/><V78/><F78/><W120/><G120/><T124/><D77/><U70/><E70/><V39/><F39/><W53/><G53/><T75/><D75/><U24/><E102/><V127/><F71/><W73/><G73/><T118/><D118/><U41/><E41/><V81/><F81/><W107/><G61/><T62/><D62/><U11/><E130/><V40/><F40/><W91/><G129/><T101/><D101/><U59/><E59/><V80/><F80/><W14/><G107/><T79/><D79/><U58/><E58/><V103/><F103/><W128/><G128/><T19/><AGARI ba="0,0" hai="8,12,19,84,85,87,112,114,124,125,126" m="18506" machi="19" ten="40,1500,0" yaku="18,1" doraHai="92" who="0" fromWho="0" sc="364,15,238,-4,130,-7,268,-4" /><INIT seed="7,0,0,2,4,117" ten="379,234,123,264" oya="3" hai0="40,113,22,47,82,88,11,45,27,16,51,108,74" hai1="133,100,58,84,43,81,129,24,87,7,123,23,115" hai2="20,72,73,15,12,85,96,128,36,14,121,5,99" hai3="91,18,29,31,90,8,122,2,19,10,48,125,106"/><W6/><G106/><T34/><D108/><U0/><E123/><V127/><F128/><W124/><G48/><T112/><D34/><U37/><E129/><V65/><F127/><N who="3" m="48715" /><G122/><T41/><D11/><U80/><E100/><V46/><F65/><W97/><G97/><T103/><D103/><U79/><E133/><V39/><F5/><N who="3" m="1079" /><G90/><T118/><D118/><U33/><E115/><N who="0" m="44105" /><D88/><U111/><E111/><V28/><F85/><W53/><G91/><T130/><D130/><U131/><E131/><V66/><F66/><W25/><G53/><N who="0" m="29935" /><D47/><U67/><E67/><V135/><F46/><W57/><G57/><T134/><D134/><U95/><E58/><V26/><F135/><W101/><G101/><T110/><D110/><U120/><E120/><V42/><F42/><W52/><G52/><T104/><D104/><U109/><E43/><V92/><F121/><W119/><G119/><T107/><D107/><U126/><E109/><V50/><F50/><W71/><G71/><T61/><D61/><U54/><E54/><V114/><F114/><W86/><G86/><T21/><D21/><U76/><E33/><V75/><REACH who="2" step="1"/><F92/><REACH who="2" ten="379,234,113,264" step="2"/><W94/><G94/><T132/><D132/><U60/><E95/><V63/><F63/><W35/><G31/><T49/><D49/><U78/><E60/><V44/><F44/><W102/><G102/><T93/><D93/><U59/><E126/><V38/><AGARI ba="0,1" hai="12,14,15,20,26,28,36,38,39,72,73,75,96,99" machi="38" ten="50,8000,1" yaku="1,1,0,1,29,2,53,0" doraHai="117" doraHaiUra="1" who="2" fromWho="2" sc="379,-20,234,-20,113,90,264,-40" owari="359,47.0,214,-19.0,203,-30.0,224,2.0" /></mjloggm>