<mjloggm ver="2.3"><GO type="169" lobby="0"/><UN n0="%E9%8A%80%E8%9E%8D%E6%A9%9F%E9%96%A2" n1="%E3%81%84%E3%81%97%E3%81%97%E3%82%93%49%44%E7%B4%9B%E5%A4%B1" n2="%74%61%6B%6F%70%70%65" n3="%E3%81%A8%E3%83%BC%E3%82%84%E3%82%93" dan="16,17,16,16" rate="2102.63,2149.86,2045.74,2126.26" sx="M,M,M,M"/><TAIKYOKU oya="0"/><INIT seed="0,0,0,3,4,44" ten="250,250,250,250" oya="0" hai0="45,85,37,92,4,78,130,55,5,17,121,131,52" hai1="24,88,81,10,23,98,70,97,41,32,27,18,132" hai2="109,59,73,69,7,39,96,12,15,29,112,22,31" hai3="84,48,125,62,83,38,2,87,9,89,49,94,16"/><T86/><D121/><U113/><E70/><V111/><F69/><W42/><G125/><T103/><D17/><U60/><E132/><V117/><F39/><W58/><G38/><T120/><D120/><U72/><E113/><V133/><F73/><W28/><G28/><T20/><D20/><U100/><E41/><V19/><F112/><W129/><G42/><T51/><D37/><U108/><E108/><N who="2" m="41547" /><F133/><W50/><G129/><N who="0" m="49163" /><D55/><U104/><E10/><N who="2" m="4191" /><F117/><W65/><G2/><T53/><D53/><U127/><E127/><V40/><F40/><W43/><G43/><T107/><D107/><U47/><E104/><V102/><F59/><W90/><G9/><T110/><D110/><U79/><E47/><V64/><F64/><W135/><G135/><T123/><D123/><U46/><E46/><V80/><F80/><W128/><G128/><T0/><D0/><U91/><E81/><V119/><F119/><W116/><G116/><T124/><D124/><U122/><E122/><V26/><F26/><W66/><G16/><T14/><D14/><U75/><E23/><V76/><F76/><W114/><G114/><T8/><D8/><U105/><E79/><V118/><F118/><W3/><G3/><T95/><D78/><U1/><E27/><V99/><F31/><W74/><G74/><T115/><D115/><U56/><E24/><V134/><F29/><W57/><REACH who="3" step="1"/><G66/><REACH who="3" ten="250,250,250,240" step="2"/><T82/><D4/><U33/><E75/><V126/><F126/><W68/><AGARI ba="0,1" hai="48,49,50,57,58,62,65,68,83,84,87,89,90,94" machi="68" ten="30,12000,2" yaku="1,1,2,1,0,1,52,3,53,0" doraHai="44" doraHaiUra="71" who="3" fromWho="3" sc="250,-60,250,-30,250,-30,240,130" /><INIT seed="1,0,0,5,5,60" ten="190,220,220,370" oya="1" hai0="61,31,125,26,2,104,74,51,131,69,3,81,93" hai1="44,67,73,102,133,14,71,77,53,86,119,55,24" hai2="59,106,29,0,65,37,1,80,113,62,15,13,72" hai3="105,100,97,35,47,64,20,39,122,110,79,132,103"/><U34/><E73/><V89/><F106/><W128/><G122/><T112/><D93/><U58/><E119/><V75/><F37/><W108/><G128/><T66/><D51/><N who="1" m="28903" /><E71/><V63/><F29/><W130/><G130/><T123/><D131/><U116/><E34/><V48/><F48/><W82/><G35/><T52/><D112/><U76/><E24/><V90/><F59/><W49/><G39/><T120/><D104/><U6/><E102/><V78/><F80/><W46/><G103/><T98/><D98/><U95/><E116/><V12/><F12/><W101/><G100/><T43/><D43/><U30/><E30/><V42/><F42/><W32/><G32/><N who="0" m="20599" /><D52/><U87/><E133/><V126/><F78/><N who="1" m="30313" /><E95/><V4/><F113/><W27/><G132/><T28/><D28/><U107/><E107/><V117/><F117/><W25/><G82/><T135/><D135/><U134/><E134/><V68/><F68/><W23/><G101/><T18/><D81/><U7/><E55/><V45/><F75/><W56/><G105/><T10/><D74/><U8/><E7/><V21/><F72/><W57/><G79/><T40/><D40/><U38/><E38/><V84/><F1/><W85/><G97/><T99/><D99/><U121/><E121/><V96/><F0/><W124/><G85/><T50/><D2/><U94/><E94/><N who="2" m="56407" /><F4/><W16/><G49/><T129/><D129/><U118/><E118/><V127/><F84/><W19/><G124/><T22/><D125/><U111/><E111/><V5/><F127/><W54/><G54/><T36/><D36/><RYUUKYOKU ba="0,0" sc="190,-15,220,15,220,-15,370,15" hai1="6,8,14,58,67,86,87" hai3="16,19,20,23,25,27,46,47,56,57,64,108,110" /><INIT seed="1,1,0,1,2,10" ten="175,235,205,385" oya="1" hai0="96,65,7,106,74,6,50,72,81,42,28,127,32" hai1="56,39,36,92,25,129,126,133,18,63,44,87,80" hai2="4,15,2,3,82,66,38,134,131,84,57,11,29" hai3="24,101,5,23,113,97,117,20,59,17,0,125,62"/><U13/><E126/><V31/><F38/><W120/><G117/><T34/><D127/><U67/><E129/><V68/><F68/><W110/><G120/><T100/><D65/><U1/><E1/><V108/><F108/><W98/><G110/><T85/><D72/><U112/><E112/><V61/><F131/><W41/><G113/><T94/><D74/><U69/><E133/><V37/><F37/><W26/><G125/><T102/><D106/><U119/><E119/><V40/><F40/><W114/><G114/><T116/><D116/><U93/><E69/><V45/><F45/><W118/><G118/><T9/><D102/><U99/><E25/><V43/><F43/><W19/><G41/><T48/><D28/><U58/><E44/><V124/><F124/><W111/><G111/><T103/><D103/><U70/><E70/><V51/><F51/><W75/><G75/><T130/><D130/><U21/><E58/><V64/><F64/><W123/><G123/><T16/><D32/><U128/><E92/><V109/><F109/><W55/><G101/><T79/><D34/><U104/><E104/><V14/><F3/><W12/><G0/><T78/><D78/><N who="1" m="46487" /><E128/><V121/><F121/><W60/><G62/><T8/><D42/><U77/><E77/><N who="2" m="46159" /><F2/><W76/><G76/><T83/><D83/><U107/><E107/><V33/><F33/><W105/><G105/><T88/><D79/><U46/><E46/><V73/><F73/><W54/><G54/><T135/><D135/><U47/><E47/><V91/><F134/><W132/><G132/><T115/><D115/><RYUUKYOKU ba="1,0" sc="175,-15,235,15,205,-15,385,15" hai1="13,18,21,36,39,56,63,67,93,99" hai3="5,12,17,19,20,23,24,26,55,59,60,97,98" /><INIT seed="1,2,0,5,1,29" ten="160,250,190,400" oya="1" hai0="88,82,75,2,64,89,13,72,49,53,115,119,86" hai1="114,10,101,47,113,84,7,57,0,92,79,122,67" hai2="62,65,17,58,54,60,131,135,127,76,40,91,110" hai3="19,132,51,28,9,98,5,99,70,27,78,116,44"/><U96/><E122/><V71/><F76/><W74/><G70/><T94/><D2/><U85/><E47/><V4/><F4/><W61/><G116/><T25/><D119/><U69/><E69/><V14/><F110/><W130/><G132/><T56/><D115/><U104/><E85/><V117/><F117/><W39/><G130/><T30/><D13/><U120/><E120/><V108/><F108/><W103/><G39/><T32/><REACH who="0" step="1"/><D64/><REACH who="0" ten="150,250,190,400" step="2"/><U48/><E67/><V68/><F131/><W36/><G36/><T55/><D55/><U52/><REACH who="1" step="1"/><E92/><REACH who="1" ten="150,240,190,400" step="2"/><V18/><F65/><W77/><G74/><T43/><D43/><U12/><E12/><V23/><F40/><W106/><G106/><T125/><D125/><U107/><E107/><V41/><F127/><W42/><G44/><T35/><D35/><U93/><E93/><V83/><F41/><W124/><G124/><T26/><D26/><U63/><E63/><V112/><F62/><W73/><G61/><T37/><D37/><U123/><E123/><V109/><F109/><W59/><G42/><T121/><D121/><U15/><E15/><N who="2" m="9663" /><F71/><W1/><G73/><T97/><AGARI ba="2,2" hai="25,30,32,49,53,56,72,75,82,86,88,89,94,97" machi="97" ten="20,12000,2" yaku="1,1,0,1,7,1,52,1,54,1,53,1" doraHai="29" doraHaiUra="31" who="0" fromWho="0" sc="150,146,240,-62,190,-32,400,-32" /><INIT seed="2,0,0,0,3,127" ten="296,178,158,368" oya="2" hai0="46,129,27,107,133,61,7,103,113,28,44,105,110" hai1="98,77,125,130,1,69,71,73,48,20,84,5,102" hai2="10,92,135,26,134,47,51,38,66,37,104,19,81" hai3="43,120,2,18,79,128,34,82,63,116,16,90,58"/><V49/><F104/><W11/><G120/><T41/><D113/><U59/><E73/><V123/><F123/><W111/><G116/><T42/><D7/><U118/><E118/><V95/><F66/><W121/><G121/><T50/><D110/><U94/><E125/><V80/><F26/><W62/><G34/><T97/><D133/><U23/><E1/><V39/><F19/><W4/><G62/><T55/><D129/><U112/><E5/><V109/><F10/><W6/><G6/><T83/><D83/><N who="2" m="31818" /><F109/><W15/><G111/><T85/><D85/><U64/><E130/><V99/><F99/><W122/><G43/><T33/><D61/><U21/><E112/><V74/><F74/><W100/><G128/><T106/><REACH who="0" step="1"/><D55/><REACH who="0" ten="286,178,158,368" step="2"/><U131/><E131/><V35/><F135/><W119/><G122/><T30/><D30/><U12/><E84/><V108/><F134/><W53/><G119/><T88/><D88/><U54/><E77/><V70/><F108/><W91/><G100/><T132/><D132/><U67/><E71/><V22/><F70/><W14/><G4/><T32/><D32/><U0/><E69/><V29/><F35/><W52/><G53/><T124/><D124/><U117/><E117/><V9/><F29/><W96/><G2/><T86/><D86/><U76/><E0/><V87/><F87/><N who="3" m="48607" /><G96/><T3/><D3/><U114/><E114/><V126/><F126/><W60/><G60/><T40/><D40/><U72/><E72/><V17/><F17/><W78/><G78/><T75/><D75/><U93/><E76/><V115/><F115/><RYUUKYOKU ba="0,1" sc="286,15,178,-15,158,-15,368,15" hai0="27,28,33,41,42,44,46,50,97,103,105,106,107" hai3="11,14,15,16,18,52,58,63,90,91" /><INIT seed="3,1,1,5,5,98" ten="301,163,143,383" oya="3" hai0="109,72,56,93,53,24,116,35,1,112,122,87,79" hai1="30,104,34,55,46,134,102,6,80,40,13,117,125" hai2="3,65,17,111,8,33,127,58,18,75,0,28,96" hai3="16,22,110,106,68,105,124,73,44,61,86,101,107"/><W100/><G73/><T76/><D122/><U89/><E34/><V123/><F75/><W60/><G124/><T115/><D116/><U38/><E30/><V70/><F70/><W128/><G128/><T25/><D1/><U47/><E125/><V97/><F127/><W39/><G110/><T29/><D109/><U26/><E26/><V21/><F111/><W120/><G120/><T15/><D24/><U11/><E117/><V5/><F58/><W126/><G126/><T121/><D121/><U59/><E134/><V54/><F54/><W91/><G61/><T36/><D36/><U64/><E64/><V63/><F63/><W131/><G131/><T85/><D15/><U88/><E47/><V2/><F65/><W69/><G68/><T66/><D66/><U20/><E20/><V37/><F37/><W94/><G60/><N who="0" m="35855" /><D72/><U71/><E71/><V133/><F96/><W41/><REACH who="3" step="1"/><G69/><REACH who="3" ten="301,163,143,373" step="2"/><T90/><D115/><U52/><E59/><V84/><F123/><W99/><G99/><T27/><D112/><U19/><E46/><V130/><F97/><W118/><G118/><T57/><D57/><U7/><E104/><V51/><F130/><W42/><G42/><T83/><D87/><U82/><E40/><V132/><F84/><W135/><G135/><T49/><D85/><U67/><E67/><V114/><F133/><W43/><G43/><T95/><D49/><U78/><E38/><V4/><F132/><W129/><G129/><T14/><D83/><U108/><E80/><V77/><F51/><W62/><G62/><T92/><D92/><U23/><E82/><RYUUKYOKU ba="1,2" sc="301,-10,163,-10,143,-10,373,30" hai3="16,22,39,41,44,86,91,94,100,101,105,106,107" /><INIT seed="3,2,2,2,3,10" ten="291,153,133,403" oya="3" hai0="24,68,81,105,53,30,111,85,0,34,117,79,62" hai1="45,26,51,91,108,22,46,106,109,88,89,122,37" hai2="5,49,87,78,84,102,80,56,40,99,128,92,14" hai3="95,64,43,132,1,20,42,75,65,121,8,48,12"/><W133/><G121/><T59/><D117/><U57/><E122/><V107/><F128/><W50/><G75/><T76/><D0/><U73/><E106/><V120/><F120/><W77/><G20/><T55/><D105/><U16/><E73/><V60/><F107/><W123/><G1/><T41/><D68/><U70/><E70/><V115/><F115/><W93/><G77/><T114/><D114/><U28/><E57/><V130/><F130/><W134/><G123/><T135/><D111/><N who="1" m="42571" /><E37/><V103/><F87/><W29/><G29/><T94/><D135/><U4/><E4/><V104/><F104/><W74/><G74/><T86/><D41/><N who="3" m="15369" /><G50/><T7/><D7/><U6/><E6/><V118/><F118/><W32/><G48/><T129/><D129/><U33/><E51/><V23/><F49/><W125/><G32/><T61/><D94/><N who="3" m="35849" /><G125/><T63/><D59/><U127/><E127/><V101/><F40/><W126/><G126/><T54/><D54/><U58/><E58/><V116/><F116/><W110/><G110/><T35/><D35/><U67/><E45/><V21/><F21/><W25/><G25/><T131/><D131/><U72/><E46/><V11/><REACH who="2" step="1"/><F23/><REACH who="2" ten="291,153,123,403" step="2"/><W36/><G36/><T17/><D34/><U124/><E124/><V3/><F3/><W71/><G71/><T100/><D86/><U82/><E72/><V119/><F119/><W2/><G2/><T13/><D85/><U38/><E38/><V96/><F96/><W47/><G47/><T66/><D63/><U69/><E33/><V98/><F98/><W31/><G31/><RYUUKYOKU ba="2,3" sc="291,-15,153,-15,123,15,403,15" hai2="5,11,14,56,60,78,80,84,92,99,101,102,103" hai3="8,12,64,65,132,133,134" /><INIT seed="3,3,3,3,2,117" ten="276,138,138,418" oya="3" hai0="130,33,23,104,28,116,111,105,92,66,97,94,135" hai1="125,89,1,127,95,31,46,123,112,11,10,9,59" hai2="16,74,50,56,53,85,48,39,6,13,119,96,91" hai3="30,4,42,81,34,75,129,38,90,126,57,73,106"/><W21/><G34/><T40/><D33/><U29/><E112/><V88/><F39/><W68/><G68/><T37/><D116/><U0/><E59/><V133/><F74/><W82/><G106/><T77/><D77/><U65/><E65/><V113/><F113/><W51/><G38/><T70/><D28/><N who="1" m="10827" /><E46/><V109/><F109/><W47/><G4/><T108/><D23/><U60/><E60/><N who="2" m="35855" /><F6/><W49/><G30/><T128/><D66/><U76/><E76/><V12/><F133/><W35/><G35/><T103/><D70/><U55/><E55/><V2/><F2/><W83/><G21/><T122/><D37/><U43/><E43/><V115/><F115/><W87/><G73/><T131/><D40/><U72/><E72/><V20/><F13/><W134/><G75/><T79/><D79/><U52/><E52/><V22/><F22/><W19/><G134/><T63/><D135/><U86/><E123/><V78/><F78/><W107/><G107/><T62/><D105/><U100/><E100/><V41/><F41/><W5/><G5/><T102/><D122/><U93/><E1/><V26/><F12/><W45/><G42/><T58/><D58/><U114/><E114/><V7/><F7/><W54/><G57/><T84/><D104/><U80/><E0/><V69/><F69/><W110/><G54/><T121/><D121/><U15/><E15/><V61/><F119/><W8/><G47/><T36/><D36/><U71/><E71/><V32/><F61/><N who="0" m="23050" /><D102/><U14/><E14/><V17/><F32/><W18/><G45/><T44/><D44/><RYUUKYOKU ba="3,3" sc="276,15,138,15,138,-15,418,-15" hai0="84,92,94,97,103,108,111,128,130,131" hai1="9,10,11,80,86,89,93,95,125,127" /><INIT seed="4,4,3,4,1,113" ten="291,153,123,403" oya="0" hai0="76,103,62,18,48,29,6,2,20,100,24,110,109" hai1="112,55,122,121,119,9,38,65,27,89,91,120,28" hai2="114,1,45,87,74,78,130,72,58,107,95,5,14" hai3="128,33,129,69,102,39,125,47,79,86,131,92,50"/><T108/><D76/><U0/><E38/><V64/><F107/><W115/><G115/><T46/><D62/><U66/><E112/><V56/><F1/><W32/><G39/><T68/><D68/><U84/><E119/><V8/><F114/><W42/><G69/><T99/><D2/><U54/><E9/><V123/><F123/><W41/><G125/><T71/><D6/><U85/><E0/><V88/><F130/><W36/><G41/><T90/><D71/><U111/><E111/><V101/><F101/><W116/><G116/><T53/><D90/><N who="1" m="34315" /><E27/><V31/><F31/><W83/><G36/><T81/><D81/><U49/><E28/><V19/><F5/><W15/><G15/><N who="0" m="9311" /><D99/><AGARI ba="4,3" hai="32,33,42,47,50,79,83,86,92,99,102,128,129,131" machi="99" ten="40,1300,0" yaku="19,1" doraHai="113" who="3" fromWho="0" sc="291,-25,153,0,123,0,403,55" /><INIT seed="5,0,0,1,4,82" ten="266,153,123,458" oya="1" hai0="31,83,55,73,17,39,68,23,13,38,105,10,28" hai1="25,53,48,114,129,69,123,89,107,121,61,108,103" hai2="119,35,97,125,54,88,110,120,32,16,116,124,109" hai3="106,46,80,98,75,27,63,43,126,87,24,65,95"/><U8/><E114/><V30/><F54/><W78/><G126/><N who="2" m="48745" /><F97/><W131/><G106/><T0/><D105/><U11/><E69/><V2/><F2/><W85/><G131/><T111/><D111/><N who="2" m="42506" /><F88/><W56/><G27/><T51/><D68/><U42/><E129/><V57/><F57/><W70/><G24/><T66/><D66/><U134/><E108/><V9/><F120/><W118/><G118/><N who="2" m="45097" /><F30/><W14/><G70/><T3/><D3/><U91/><E53/><V20/><F9/><W74/><G74/><T104/><D73/><U41/><E107/><V58/><F58/><W4/><G95/><T1/><D104/><U90/><E121/><V133/><F133/><W71/><G98/><T45/><D0/><U5/><E134/><V49/><F49/><W19/><G71/><T40/><D1/><U22/><E48/><V36/><F36/><W26/><G46/><T84/><D38/><U72/><E72/><V94/><F94/><W59/><G56/><T113/><D39/><U122/><E122/><V34/><F34/><W37/><G37/><T50/><D10/><U47/><E11/><V93/><F93/><W86/><G75/><T112/><D28/><U128/><E123/><V92/><F92/><W79/><G43/><T7/><D31/><N who="1" m="17847" /><E42/><V52/><F52/><W15/><G59/><T127/><D55/><U62/><E103/><V99/><F99/><W102/><G102/><T117/><D117/><U6/><E8/><V67/><F67/><W18/><G65/><T100/><D127/><U44/><E41/><V12/><AGARI ba="0,0" hai="12,16,20,32,35" m="45097,42506,48745" machi="12" ten="40,8000,1" yaku="18,1,34,2,54,1" doraHai="82" who="2" fromWho="2" sc="266,-20,153,-40,123,80,458,-20" /><INIT seed="6,0,0,2,5,83" ten="246,113,203,438" oya="2" hai0="115,116,9,57,66,17,90,33,113,89,3,97,80" hai1="12,111,48,68,54,86,19,69,7,29,30,51,18" hai2="11,114,36,1,6,131,85,53,118,106,105,35,47" hai3="104,27,133,64,34,74,76,91,52,0,21,126,67"/><V24/><F118/><W125/><G34/><T127/><D116/><U121/><E111/><V122/><F122/><W15/><G0/><T128/><D33/><U8/><E121/><V99/><F114/><N who="0" m="43530" /><D128/><U75/><E75/><V38/><F131/><W120/><G104/><T32/><D32/><U60/><E69/><V50/><F85/><W31/><G120/><T82/><D127/><U45/><E60/><V79/><F79/><W107/><G107/><T46/><D46/><U55/><E68/><V94/><F106/><W58/><G74/><T92/><D89/><U88/><E19/><V42/><F105/><W119/><G76/><T49/><D66/><U43/><E7/><V87/><F87/><W134/><G91/><T117/><D117/><U109/><E109/><V62/><F62/><W72/><G72/><T26/><D3/><U101/><E101/><V56/><F38/><W20/><G119/><T5/><D5/><U77/><E77/><V130/><F130/><W108/><G67/><T61/><D61/><U110/><E110/><V78/><F78/><W16/><G64/><T103/><D103/><U65/><E65/><V39/><F39/><W135/><G108/><T23/><D9/><U124/><E124/><V13/><F1/><W28/><G28/><T70/><D70/><U25/><E51/><AGARI ba="0,0" hai="15,16,20,21,27,31,51,52,58,125,126,133,134,135" machi="51" ten="40,5200,0" yaku="20,1,54,2" doraHai="83" who="3" fromWho="1" sc="246,0,113,-52,203,0,438,52" /><INIT seed="7,0,0,1,3,113" ten="246,61,203,490" oya="3" hai0="26,41,74,69,30,103,49,33,23,21,22,121,19" hai1="15,98,44,13,52,67,93,107,10,61,73,7,126" hai2="51,116,9,18,91,32,122,75,42,92,40,56,105" hai3="120,111,114,59,70,129,104,6,117,112,65,20,134"/><W135/><G104/><T83/><D121/><U87/><E73/><V62/><F75/><W131/><G6/><T54/><D69/><U99/><E126/><V4/><F105/><W85/><G85/><T14/><D41/><U48/><E107/><V127/><F32/><W66/><G20/><T128/><D128/><N who="3" m="49225" /><G70/><T108/><D108/><U12/><E99/><V17/><F127/><W80/><G80/><T11/><D103/><U2/><E2/><V86/><F122/><W34/><G34/><T47/><D33/><U115/><E87/><V36/><F36/><W102/><G102/><T57/><D57/><U72/><E72/><V124/><F124/><W100/><G100/><T24/><D24/><U1/><E1/><V97/><F116/><W130/><G120/><T123/><D123/><U94/><E115/><N who="3" m="44074" /><G117/><T8/><D22/><U3/><E3/><V110/><F110/><W63/><G111/><T58/><D74/><U76/><E76/><V60/><F60/><W106/><G106/><T43/><D83/><U132/><E132/><N who="3" m="50730" /><G130/><T95/><D95/><U53/><E53/><AGARI ba="0,0" hai="53,59,63,65,66" m="50730,44074,49225" machi="53" ten="40,12000,1" yaku="19,1,15,1,20,1,34,2" doraHai="113" who="3" fromWho="1" sc="246,0,61,-120,203,0,490,120" owari="246,5.0,-59,-56.0,203,-20.0,610,71.0" /></mjloggm>