<mjloggm ver="2.3"><GO type="169" lobby="0"/><UN n0="%E3%83%A1%E3%82%AB%E3%82%BC%E3%83%83%E3%83%88%E3%83%B3" n1="%E6%B2%96%EF%BC%92%EF%BC%99" n2="%EF%BC%A3%EF%BC%93%E9%BE%8D%E9%96%80" n3="%53%48%45%45%50%32%30%30" dan="16,17,16,17" rate="2121.44,2191.69,2054.18,2178.10" sx="M,M,M,M"/><TAIKYOKU oya="0"/><INIT seed="0,0,0,0,0,105" ten="250,250,250,250" oya="0" hai0="48,72,18,21,62,41,91,99,113,28,85,98,32" hai1="55,122,61,129,69,7,35,96,78,20,8,14,126" hai2="57,63,30,36,59,97,116,106,34,5,131,77,76" hai3="15,17,4,102,110,104,46,81,51,120,128,108,124"/><T90/><D72/><U84/><E35/><V19/><F36/><W44/><G120/><T118/><D118/><U38/><E38/><V65/><F131/><W27/><G128/><T79/><D113/><U134/><E129/><V101/><F116/><W127/><G102/><T64/><D79/><N who="2" m="30282" /><F19/><W111/><G81/><T22/><D32/><U29/><E122/><V1/><F1/><W33/><G104/><T53/><D41/><U94/><E134/><V112/><F5/><W71/><G71/><T68/><D28/><U87/><E126/><N who="3" m="48170" /><G51/><T82/><D90/><N who="1" m="55383" /><E69/><N who="2" m="42175" /><F112/><W60/><G60/><T11/><D11/><U95/><E95/><V56/><F56/><W135/><G135/><T31/><D31/><U74/><E74/><V6/><F6/><W115/><G115/><T40/><D40/><U133/><E78/><V89/><F89/><W73/><G73/><T47/><REACH who="0" step="1"/><D22/><REACH who="0" ten="240,250,250,250" step="2"/><U103/><E133/><V37/><F37/><W12/><G33/><T0/><D0/><U109/><E29/><V9/><F9/><N who="3" m="4135" /><G27/><AGARI ba="0,1" hai="18,21,27,47,48,53,62,64,68,82,85,91,98,99" machi="27" ten="30,2900,0" yaku="1,1,7,1,53,0" doraHai="105" doraHaiUra="24" who="0" fromWho="3" sc="240,39,250,0,250,0,250,-29" /><AGARI ba="0,0" hai="27,30,34,57,59,97,101,106" m="42175,30282" machi="27" ten="30,1000,0" yaku="25,1" doraHai="105" who="2" fromWho="3" sc="279,0,250,0,250,10,221,-10" /><INIT seed="0,1,0,4,3,73" ten="279,250,260,211" oya="0" hai0="3,33,75,101,36,47,99,117,59,79,91,65,22" hai1="106,112,20,55,134,107,93,56,42,6,105,30,116" hai2="29,110,34,120,119,9,31,87,27,96,46,103,80" hai3="8,32,51,67,18,129,45,11,130,98,64,123,41"/><T128/><D33/><U88/><E116/><V77/><F110/><W35/><G123/><T90/><D3/><U4/><E42/><V39/><F119/><W10/><G18/><T109/><D117/><U21/><E134/><V115/><F120/><W60/><G98/><T76/><D128/><N who="3" m="49257" /><G67/><T23/><D75/><U57/><E112/><V122/><F122/><W127/><G127/><T85/><D109/><U52/><E30/><V131/><F131/><W113/><G113/><T126/><D126/><U17/><E17/><V89/><F31/><W38/><G38/><T102/><D36/><U15/><E15/><V68/><F68/><AGARI ba="1,0" hai="8,10,11,32,35,41,45,51,60,64,68" m="49257" machi="68" ten="30,1000,0" yaku="19,1" doraHai="73" who="3" fromWho="2" sc="279,0,250,0,260,-13,211,13" /><INIT seed="1,0,0,2,4,119" ten="279,250,247,224" oya="1" hai0="77,57,96,23,49,82,76,43,95,52,65,37,50" hai1="60,123,12,7,87,100,117,4,109,83,89,39,8" hai2="13,9,20,105,35,42,125,48,112,102,69,38,115" hai3="70,59,121,36,126,6,134,64,101,74,24,104,108"/><U127/><E39/><V129/><F35/><W75/><G24/><T93/><D37/><U41/><E117/><V18/><F38/><W85/><G6/><T56/><D23/><U80/><E127/><V21/><F125/><W94/><G59/><T110/><D110/><U30/><E109/><V135/><F69/><W107/><G64/><T88/><D82/><U118/><E118/><V32/><F32/><W58/><G58/><T114/><D114/><N who="2" m="43562" /><F135/><W132/><G70/><T66/><D93/><U16/><E41/><V19/><F129/><W22/><G22/><N who="2" m="8809" /><F102/><W1/><G1/><T54/><D43/><U62/><E100/><V113/><F105/><W122/><G36/><T120/><D120/><N who="3" m="46185" /><G108/><T67/><AGARI ba="0,0" hai="49,50,52,54,56,57,65,66,67,76,77,88,95,96" machi="67" ten="30,8000,1" yaku="0,1,9,1,8,1,54,2" doraHai="119" who="0" fromWho="0" sc="279,80,250,-40,247,-20,224,-20" /><INIT seed="2,0,0,3,0,117" ten="359,210,227,204" oya="2" hai0="109,128,94,40,112,57,22,81,73,6,46,69,49" hai1="93,19,7,116,101,80,34,41,86,107,88,42,51" hai2="10,70,31,1,15,135,0,98,71,13,82,131,118" hai3="44,130,65,87,17,115,105,26,37,28,36,27,124"/><V106/><F118/><W125/><G105/><T56/><D69/><U3/><E116/><V2/><F131/><W132/><G130/><T52/><D128/><U60/><E34/><V121/><F135/><W96/><G132/><T11/><D109/><U20/><E107/><V99/><F15/><W75/><G75/><T119/><D112/><U9/><E60/><V110/><F110/><W50/><G96/><T114/><D114/><U55/><E101/><V67/><F31/><W25/><G28/><T29/><D119/><U33/><E80/><V90/><F121/><W66/><G87/><T32/><D32/><U47/><REACH who="1" step="1"/><E33/><REACH who="1" ten="359,200,227,204" step="2"/><V48/><F106/><W104/><G104/><T102/><D102/><U120/><E120/><V61/><F71/><W126/><G115/><T18/><D81/><U4/><E4/><V35/><F35/><W24/><G126/><T23/><D6/><U63/><E63/><V78/><F61/><W58/><G125/><T59/><D94/><U127/><E127/><V79/><F70/><W8/><G124/><T54/><D73/><U68/><E68/><V12/><F82/><W113/><G113/><T129/><D129/><U74/><E74/><V103/><F103/><W53/><G66/><T108/><D108/><U91/><E91/><V83/><F90/><W43/><G65/><T38/><D38/><U45/><E45/><V5/><F67/><W100/><G100/><T85/><D46/><U95/><E95/><V134/><F134/><W111/><G37/><T14/><D59/><U72/><E72/><V39/><F39/><W30/><G111/><RYUUKYOKU ba="0,1" sc="359,-10,200,30,227,-10,204,-10" hai1="3,7,9,19,20,41,42,47,51,55,86,88,93" /><INIT seed="3,1,1,1,5,19" ten="349,230,217,194" oya="3" hai0="115,124,127,40,0,37,67,7,86,88,78,108,63" hai1="123,33,28,17,70,80,106,74,32,116,25,121,12" hai2="113,30,133,134,58,18,96,42,98,16,22,109,97" hai3="126,51,2,111,66,103,10,71,87,72,99,132,44"/><W43/><G72/><T54/><D78/><U46/><E70/><V36/><F113/><W125/><G132/><N who="2" m="50793" /><F109/><W131/><G111/><T83/><D108/><U35/><E106/><V102/><F102/><W69/><G131/><T90/><D115/><U110/><E110/><V84/><F84/><W82/><G10/><N who="0" m="2407" /><D54/><U129/><E129/><V47/><F58/><W11/><G11/><T120/><D120/><U4/><E46/><V45/><F45/><W48/><G48/><T29/><D29/><U112/><E112/><V122/><F122/><N who="1" m="46601" /><E74/><V104/><F104/><W100/><G2/><T5/><D5/><U91/><E91/><V34/><F34/><N who="1" m="13417" /><E80/><V15/><F15/><W49/><G49/><T81/><D37/><U73/><E73/><V114/><F114/><W130/><G130/><T135/><D40/><U56/><E56/><V27/><AGARI ba="1,1" hai="16,18,22,27,30,36,42,47,96,97,98" m="50793" machi="27" ten="40,5200,0" yaku="20,1,52,1,54,1" doraHai="19" who="2" fromWho="2" sc="349,-14,230,-14,217,65,194,-27" /><INIT seed="4,0,0,3,2,126" ten="335,216,282,167" oya="0" hai0="77,37,43,108,86,35,88,41,12,85,53,10,80" hai1="103,2,63,44,49,119,36,132,111,93,0,3,82" hai2="131,122,33,130,104,74,121,133,59,116,27,39,112" hai3="115,16,25,75,29,6,109,14,125,120,24,21,76"/><T81/><D35/><U71/><E119/><V117/><F39/><W65/><G65/><T15/><D108/><U60/><E36/><V45/><F104/><W28/><G76/><T9/><D37/><U127/><E127/><V113/><F74/><W69/><G69/><T7/><REACH who="0" step="1"/><D53/><REACH who="0" ten="325,216,282,167" step="2"/><U73/><E111/><V92/><F33/><N who="3" m="20615" /><G109/><T55/><D55/><U98/><E132/><V83/><F133/><W51/><G125/><T22/><D22/><U1/><E71/><V23/><F23/><W106/><G21/><T97/><D97/><U70/><E70/><V107/><F117/><W118/><G118/><T84/><D84/><U114/><E114/><V18/><F116/><W52/><G75/><T124/><D124/><U64/><E64/><V46/><F113/><W56/><G115/><T91/><D91/><U110/><E110/><V135/><F112/><W40/><G40/><T20/><D20/><U62/><E73/><V128/><F135/><W102/><G52/><T101/><D101/><U31/><E103/><V11/><F27/><W129/><G102/><T30/><D30/><U38/><E98/><V78/><F121/><W4/><G25/><T32/><D32/><U67/><E38/><V5/><F122/><W95/><G29/><T105/><D105/><U72/><E31/><V34/><F107/><W26/><G106/><T19/><AGARI ba="0,1" hai="7,9,10,12,15,19,41,43,77,80,81,85,86,88" machi="19" ten="20,12000,1" yaku="1,1,0,1,7,1,8,1,54,1,53,0" doraHai="126" doraHaiUra="123" who="0" fromWho="0" sc="325,130,216,-40,282,-40,167,-40" /><INIT seed="4,1,0,0,1,40" ten="455,176,242,127" oya="0" hai0="125,99,48,70,92,26,123,109,114,53,56,79,15" hai1="131,110,93,135,88,89,85,23,8,65,118,44,86" hai2="71,127,81,50,112,68,24,38,27,59,4,52,95" hai3="100,16,14,18,36,115,82,64,132,96,119,35,3"/><T76/><D70/><U66/><E118/><V54/><F112/><W6/><G119/><T31/><D123/><U78/><E135/><V32/><F127/><W74/><G35/><T126/><D109/><U37/><E110/><V117/><F38/><W5/><G64/><T9/><D114/><U121/><E121/><V21/><F4/><W12/><G115/><T72/><D72/><U39/><E78/><V55/><F55/><W104/><G36/><T124/><D26/><U133/><E133/><V67/><F67/><W105/><G3/><T41/><D31/><U103/><E103/><V120/><F120/><W75/><G82/><T102/><REACH who="0" step="1"/><D41/><REACH who="0" ten="445,176,242,127" step="2"/><U69/><E69/><V46/><F68/><W134/><G75/><T22/><D22/><U17/><E23/><V90/><F71/><W47/><G74/><T130/><D130/><U87/><E131/><V43/><F117/><W57/><G134/><T60/><D60/><U101/><E8/><V97/><F32/><W29/><G132/><T63/><D63/><U80/><E80/><V28/><F27/><W1/><G29/><T42/><D42/><U91/><E87/><N who="2" m="50543" /><F59/><W113/><G57/><T84/><D84/><U2/><E86/><V116/><F116/><W129/><G113/><T34/><D34/><U49/><E85/><V61/><F61/><W107/><G129/><T33/><D33/><U11/><E11/><V128/><F128/><W111/><G111/><T25/><D25/><U108/><E108/><V98/><F98/><W94/><G96/><T13/><D13/><U45/><E2/><V51/><F97/><RYUUKYOKU ba="1,1" sc="445,30,176,-10,242,-10,127,-10" hai0="9,15,48,53,56,76,79,92,99,102,124,125,126" /><INIT seed="4,2,1,1,5,91" ten="475,166,232,117" oya="0" hai0="112,97,50,114,82,54,26,132,96,61,27,94,108" hai1="85,28,71,64,77,56,115,62,101,21,37,98,116" hai2="24,10,46,81,19,84,124,20,12,65,44,109,92" hai3="58,73,9,16,105,7,31,8,121,42,133,51,32"/><T43/><D108/><U60/><E37/><V120/><F120/><W14/><G121/><T100/><D132/><U67/><E116/><V90/><F109/><W40/><G133/><T129/><D129/><U88/><E115/><N who="0" m="44073" /><D43/><U29/><E77/><V110/><F110/><W122/><G122/><T107/><D61/><U47/><E47/><V99/><F65/><W41/><G105/><T80/><D80/><U48/><E48/><V36/><F36/><W68/><G68/><T35/><D82/><U103/><E21/><V75/><F75/><W86/><G73/><T134/><D35/><U83/><REACH who="1" step="1"/><E101/><REACH who="1" ten="475,156,232,117" step="2"/><N who="2" m="60647" /><F124/><W131/><G131/><T55/><D134/><U89/><E89/><V119/><F119/><W70/><G32/><T63/><D50/><U125/><E125/><V52/><F90/><W118/><G51/><T127/><D127/><U18/><E18/><V59/><F20/><W79/><G16/><T76/><D76/><U30/><E30/><V34/><F19/><W17/><G17/><T106/><D100/><U123/><E123/><V38/><F38/><W5/><G79/><T57/><D26/><U78/><E78/><V113/><F24/><W0/><G118/><T25/><D27/><U66/><E66/><V13/><F46/><W1/><G31/><T117/><D25/><U6/><E6/><V45/><F44/><W87/><G7/><T95/><D117/><U49/><E49/><V128/><F45/><W102/><G42/><T4/><D4/><U69/><E69/><V93/><F34/><W74/><G41/><T39/><D39/><U23/><E23/><RYUUKYOKU ba="2,2" sc="475,-10,156,30,232,-10,117,-10" hai1="28,29,56,60,62,64,67,71,83,85,88,98,103" /><INIT seed="5,3,2,3,4,134" ten="465,186,222,107" oya="1" hai0="51,79,47,129,43,24,88,63,116,121,20,61,82" hai1="37,91,78,14,7,81,85,30,67,3,13,103,94" hai2="71,25,101,6,33,133,55,105,8,23,26,62,35" hai3="15,39,126,66,106,92,113,0,77,64,49,19,59"/><U27/><E37/><V17/><F133/><W22/><G106/><T99/><D116/><U107/><E67/><V21/><F101/><W112/><G39/><T87/><D129/><U90/><E90/><V70/><F105/><W97/><G0/><T96/><D121/><U45/><E45/><V65/><F55/><N who="3" m="32239" /><G77/><T80/><D96/><N who="1" m="61927" /><E3/><V111/><F71/><W46/><G126/><T38/><D38/><U102/><E7/><V131/><F111/><W48/><G113/><T40/><D40/><U117/><E102/><V95/><F95/><W68/><G68/><T56/><D56/><U128/><E128/><V84/><F84/><W123/><G123/><T57/><D57/><U89/><E89/><V127/><F127/><W69/><G69/><T2/><D2/><U5/><E5/><V52/><F131/><W124/><G124/><T11/><D11/><U54/><E54/><V4/><F4/><W18/><G112/><T50/><D50/><U73/><E117/><V60/><F6/><W12/><G92/><N who="0" m="56711" /><D80/><U100/><E100/><V98/><F65/><W75/><G97/><T72/><D72/><U32/><AGARI ba="3,2" hai="13,14,27,30,32,73,78,81,85,91,94" m="61927" machi="32" ten="30,1500,0" yaku="24,1" doraHai="134" who="1" fromWho="1" sc="465,-8,186,44,222,-8,107,-8" /><INIT seed="5,4,0,5,3,31" ten="457,230,214,99" oya="1" hai0="69,76,59,9,68,110,33,83,5,124,25,53,12" hai1="74,130,3,112,77,100,88,43,78,102,2,121,44" hai2="99,47,66,131,119,27,82,91,45,103,75,64,57" hai3="21,40,94,120,58,92,67,30,39,61,73,51,132"/><U105/><E121/><V46/><F131/><W28/><G73/><T13/><D110/><U60/><E112/><V20/><F119/><W87/><G120/><T86/><D124/><U114/><E114/><V19/><F57/><W34/><G34/><T113/><D113/><U26/><E130/><V16/><F19/><W134/><G30/><T15/><D33/><U24/><E60/><V116/><F116/><W111/><G111/><T56/><D25/><U11/><E105/><V62/><F62/><W18/><G28/><T63/><REACH who="0" step="1"/><D56/><REACH who="0" ten="447,230,214,99" step="2"/><U71/><E71/><AGARI ba="4,1" hai="5,9,12,13,15,53,59,63,68,69,71,76,83,86" machi="71" ten="40,2600,0" yaku="1,1,2,1,53,0" doraHai="31" doraHaiUra="41" who="0" fromWho="1" sc="447,48,230,-38,214,0,99,0" /><INIT seed="6,0,0,4,4,132" ten="495,192,214,99" oya="2" hai0="10,2,60,18,46,103,36,94,41,19,47,30,38" hai1="116,126,27,35,108,11,117,9,114,24,31,76,64" hai2="104,16,40,29,112,59,74,102,20,73,21,82,90" hai3="0,66,124,111,12,34,42,72,118,129,75,4,5"/><V95/><F40/><W86/><G86/><T13/><D2/><U63/><E76/><V109/><F109/><W77/><G66/><T113/><D113/><U122/><E63/><V67/><F104/><W49/><G49/><T128/><D128/><U17/><E64/><V96/><F112/><W52/><G52/><T81/><D81/><U39/><E39/><V22/><F29/><W130/><G77/><T107/><D107/><U71/><E71/><V110/><F74/><W25/><G42/><T89/><D103/><U8/><E114/><V92/><F73/><W54/><G54/><T14/><D30/><N who="1" m="19935" /><E108/><V134/><F82/><W23/><G75/><T85/><D60/><U69/><E69/><V33/><F33/><W37/><G37/><T50/><D47/><U79/><E79/><V91/><F134/><W105/><G72/><T125/><D125/><U70/><E70/><V121/><F121/><W48/><G105/><T120/><D120/><U68/><E68/><V32/><F32/><W62/><G34/><T56/><D56/><U97/><E97/><N who="2" m="57591" /><F102/><W98/><G111/><T65/><D65/><U115/><E115/><V99/><F99/><W61/><G98/><T88/><D89/><U101/><E126/><V93/><F93/><W100/><G124/><T26/><D26/><U84/><E122/><V58/><F110/><W135/><G135/><T28/><D28/><U87/><E101/><V3/><F67/><W51/><G100/><T6/><D6/><U7/><E7/><V45/><F96/><W133/><G133/><T1/><D1/><U131/><E31/><RYUUKYOKU ba="0,0" sc="495,30,192,-10,214,-10,99,-10" hai0="10,13,14,18,19,36,38,41,46,50,85,88,94" /><INIT seed="7,1,0,2,2,106" ten="525,182,204,89" oya="3" hai0="52,93,89,104,130,102,115,66,2,107,25,21,41" hai1="131,1,17,22,5,13,100,86,9,128,54,126,119" hai2="56,7,49,90,35,28,30,29,42,97,78,71,96" hai3="10,63,125,105,40,19,67,121,122,129,15,44,43"/><W51/><G105/><T0/><D66/><U133/><E100/><V74/><F71/><W45/><G129/><N who="1" m="49738" /><E133/><V94/><F35/><W64/><G125/><T79/><D93/><U118/><E86/><N who="2" m="52567" /><F74/><W26/><G26/><T83/><D52/><U48/><E126/><V116/><F78/><W120/><REACH who="3" step="1"/><G63/><REACH who="3" ten="525,182,204,79" step="2"/><T70/><D25/><U60/><E60/><V135/><F135/><W46/><G46/><AGARI ba="1,1" hai="1,5,9,13,17,22,46,48,54,118,119" m="49738" machi="46" ten="30,1000,0" yaku="19,1" doraHai="106" who="1" fromWho="3" sc="525,0,182,23,204,0,79,-13" owari="525,62.0,205,1.0,204,-20.0,66,-43.0" /></mjloggm>