<mjloggm ver="2.3"><GO type="169" lobby="0"/><UN n0="%E3%81%BE%E3%81%8A%E3%82%89%E3%82%93" n1="%E8%92%BC%E9%B4%89" n2="%E7%9B%AE%E7%8E%89%E9%87%8E%E9%83%8E" n3="%70%69%2D%70%6F" dan="17,16,16,16" rate="2179.51,2117.10,2082.05,2090.76" sx="F,M,M,M"/><TAIKYOKU oya="0"/><INIT seed="0,0,0,5,2,115" ten="250,250,250,250" oya="0" hai0="97,105,84,90,29,52,46,13,58,12,39,66,122" hai1="24,129,102,98,133,69,125,42,40,10,64,14,87" hai2="134,6,32,33,55,120,88,89,18,104,121,111,107" hai3="131,73,110,123,95,4,7,78,63,96,67,27,45"/><T124/><D122/><U17/><E125/><V132/><F6/><W22/><G110/><T41/><D66/><U76/><E129/><V65/><F65/><W11/><G131/><T109/><D124/><U119/><E133/><V37/><F37/><W51/><G123/><T16/><D29/><U47/><E119/><V71/><F18/><W68/><G11/><T93/><D109/><U19/><E64/><V0/><F0/><W113/><G113/><T49/><D105/><U101/><E69/><V85/><F85/><W21/><G78/><T80/><REACH who="0" step="1"/><D16/><REACH who="0" ten="240,250,250,250" step="2"/><U38/><E19/><V92/><F111/><W83/><G67/><T20/><D20/><U2/><E17/><V30/><F30/><W5/><G21/><T34/><D34/><U28/><E28/><V130/><F130/><W1/><G22/><T126/><D126/><U106/><E106/><V59/><F33/><W128/><G128/><T103/><AGARI ba="0,1" hai="12,13,39,41,46,49,52,58,80,84,90,93,97,103" machi="103" ten="20,12000,1" yaku="1,1,0,1,7,1,54,1,53,1" doraHai="115" doraHaiUra="43" who="0" fromWho="0" sc="240,130,250,-40,250,-40,250,-40" /><INIT seed="0,1,0,3,5,17" ten="370,210,210,210" oya="0" hai0="124,64,111,16,56,101,114,2,13,96,57,49,34" hai1="70,126,91,92,32,25,40,9,33,121,95,125,83" hai2="123,81,107,76,117,14,58,86,11,66,51,27,55" hai3="28,59,69,90,73,20,78,127,22,103,105,37,19"/><T97/><D2/><U75/><E121/><V41/><F117/><W100/><G69/><T52/><D34/><U98/><E70/><V79/><F123/><W6/><G37/><T65/><D114/><U45/><E9/><V23/><F107/><W134/><G105/><T112/><D112/><U88/><E83/><V60/><F41/><W1/><G127/><N who="1" m="48650" /><E75/><V108/><F108/><W15/><G134/><T106/><D124/><U29/><E33/><V43/><F43/><W131/><G131/><T42/><D42/><U36/><E95/><V110/><F110/><W84/><G73/><T128/><D111/><U120/><E120/><V133/><F133/><W130/><G130/><T8/><D128/><U10/><E10/><V21/><F27/><N who="3" m="16503" /><G1/><T113/><D113/><U87/><E87/><V122/><F79/><W3/><G3/><T67/><REACH who="0" step="1"/><D96/><REACH who="0" ten="360,210,210,210" step="2"/><U135/><E135/><V85/><F122/><W47/><G6/><T119/><D119/><U74/><E74/><V132/><F132/><W93/><G78/><T80/><D80/><U115/><E115/><V77/><F77/><W129/><G129/><T61/><AGARI ba="1,1" hai="8,13,16,49,52,56,57,61,64,65,67,97,101,106" machi="61" ten="30,12000,1" yaku="1,1,0,1,54,2,53,1" doraHai="17" doraHaiUra="94" who="0" fromWho="0" sc="360,133,210,-41,210,-41,210,-41" /><INIT seed="0,2,0,2,4,128" ten="493,169,169,169" oya="0" hai0="50,14,114,122,27,11,25,33,71,92,49,63,43" hai1="59,55,72,86,62,15,88,133,74,108,37,85,69" hai2="93,41,124,112,12,104,91,95,130,135,31,13,105" hai3="4,29,52,106,125,42,44,18,57,115,107,77,58"/><T6/><D122/><U28/><E108/><V47/><F112/><W109/><G115/><T97/><D33/><U61/><E37/><V89/><F130/><W111/><G125/><T126/><D114/><U119/><E119/><V127/><F31/><W76/><G29/><T121/><D121/><U3/><E3/><V23/><F47/><W90/><G4/><T35/><D35/><U87/><E28/><V110/><F23/><W83/><G90/><T53/><D126/><U38/><E38/><V54/><F54/><W81/><G18/><T8/><D8/><U26/><E26/><V66/><F66/><W48/><G42/><T30/><D30/><U134/><E15/><V84/><F84/><W22/><G22/><T80/><D80/><N who="3" m="30793" /><G57/><N who="0" m="35247" /><D71/><U21/><E21/><V123/><F41/><W103/><G58/><T98/><D98/><U7/><E7/><V51/><F123/><W113/><G113/><T2/><D2/><U101/><E101/><V75/><F75/><W40/><G40/><T79/><D79/><N who="3" m="30281" /><G103/><N who="0" m="60839" /><D43/><U99/><E74/><V60/><F105/><W70/><G70/><T5/><D6/><U24/><E72/><V118/><F104/><W56/><G56/><T9/><D9/><U68/><E24/><AGARI ba="2,0" hai="5,11,14,24,25,27,49,50" m="60839,35247" machi="24" ten="30,1500,0" yaku="8,1" doraHai="128" who="0" fromWho="1" sc="493,21,169,-21,169,0,169,0" /><INIT seed="0,3,0,0,5,48" ten="514,148,169,169" oya="0" hai0="76,17,60,9,38,77,85,70,33,16,62,69,29" hai1="57,126,86,71,24,54,91,64,125,88,67,95,92" hai2="3,107,84,97,56,46,7,40,31,1,108,51,26" hai3="41,111,75,12,32,134,72,118,109,78,28,45,55"/><T89/><D38/><U132/><E132/><V120/><F120/><W25/><G134/><T133/><D133/><U47/><E47/><V117/><F108/><N who="3" m="41547" /><G118/><T22/><D33/><U135/><E135/><V74/><F74/><N who="3" m="28203" /><G78/><N who="0" m="30315" /><D70/><U122/><E24/><V102/><F117/><W96/><G96/><T112/><D69/><U23/><E23/><V61/><F84/><W80/><G80/><N who="0" m="49319" /><D112/><U39/><E39/><V35/><REACH who="2" step="1"/><F7/><REACH who="2" ten="514,148,159,169" step="2"/><W127/><G127/><N who="1" m="48650" /><E122/><V116/><F116/><W34/><G34/><T106/><D106/><U18/><E71/><V50/><F50/><N who="3" m="26927" /><G12/><T30/><D60/><N who="1" m="35895" /><E18/><V66/><AGARI ba="3,1" hai="1,3,26,31,35,40,46,51,56,61,66,97,102,107" machi="66" ten="20,2700,0" yaku="1,1,0,1,7,1,53,0" doraHai="48" doraHaiUra="90" who="2" fromWho="2" sc="514,-16,148,-10,159,46,169,-10" /><INIT seed="1,0,0,0,5,122" ten="498,138,205,159" oya="1" hai0="12,107,63,44,71,104,132,76,40,16,90,95,55" hai1="46,134,38,53,111,114,116,59,84,88,22,109,0" hai2="13,37,8,58,27,43,50,52,5,57,24,87,86" hai3="18,21,85,14,117,32,127,9,102,61,67,64,36"/><U123/><E116/><V33/><F33/><W91/><G32/><T82/><D132/><U23/><E123/><V49/><F37/><W115/><G115/><T128/><D128/><U29/><E0/><V124/><F124/><W39/><G127/><T89/><D55/><U112/><E134/><V126/><F126/><W1/><G117/><T11/><D63/><U56/><E114/><V81/><F87/><W65/><G102/><T7/><D71/><U105/><E105/><V75/><F75/><W51/><G61/><T131/><D7/><U62/><E112/><V135/><F135/><W125/><G125/><T6/><D6/><U54/><E38/><V28/><F28/><W70/><G70/><T97/><D90/><U119/><E46/><N who="2" m="25823" /><F57/><W108/><G51/><T106/><D131/><U41/><E41/><V26/><F24/><W93/><G1/><T94/><D94/><N who="1" m="54535" /><E119/><V34/><F34/><W25/><REACH who="3" step="1"/><G108/><REACH who="3" ten="498,138,205,149" step="2"/><N who="1" m="41546" /><E29/><AGARI ba="0,1" hai="9,14,18,21,25,29,36,39,64,65,67,85,91,93" machi="29" ten="40,1300,0" yaku="1,1,53,0" doraHai="122" doraHaiUra="118" who="3" fromWho="1" sc="498,0,138,-13,205,0,149,23" /><INIT seed="2,0,0,0,5,130" ten="498,125,205,172" oya="2" hai0="111,125,107,26,88,80,19,2,7,51,48,89,132" hai1="25,70,13,30,53,39,63,67,73,124,117,1,99" hai2="71,90,61,128,131,120,34,52,75,41,50,103,54" hai3="12,129,123,100,85,127,118,18,81,87,98,14,93"/><V92/><F75/><W23/><G123/><T133/><D107/><U77/><E117/><V109/><F34/><W119/><G129/><N who="2" m="49737" /><F120/><W0/><G0/><T24/><D7/><U134/><E124/><V86/><F103/><W114/><G127/><T46/><D2/><U110/><E1/><V36/><F36/><W115/><G14/><T60/><D125/><U16/><E110/><V58/><F109/><W6/><G6/><T27/><D111/><U74/><E39/><V64/><F54/><W31/><G31/><T97/><D19/><U126/><E126/><V59/><F41/><W66/><G66/><T116/><D116/><U102/><E77/><V11/><F11/><W38/><G38/><T10/><D10/><U17/><E53/><V104/><F104/><W69/><G69/><AGARI ba="0,0" hai="50,52,58,59,61,64,69,71,86,90,92" m="49737" machi="69" ten="30,2900,0" yaku="19,1,54,1" doraHai="130" who="2" fromWho="3" sc="498,0,125,0,205,29,172,-29" /><INIT seed="2,1,0,5,2,104" ten="498,125,234,143" oya="2" hai0="108,128,25,100,4,55,99,39,129,61,10,51,14" hai1="52,63,120,122,116,113,82,59,20,111,6,42,38" hai2="127,86,37,45,26,8,29,132,112,103,117,50,93" hai3="27,36,28,134,24,74,95,32,12,71,75,62,65"/><V124/><F117/><W85/><G134/><T56/><D39/><U43/><E116/><V135/><F112/><W5/><G36/><T105/><D108/><U33/><E33/><V54/><F37/><W46/><G46/><T16/><D25/><U101/><E113/><V87/><F8/><W126/><G126/><N who="2" m="48169" /><F103/><W109/><G109/><T0/><REACH who="0" step="1"/><D61/><REACH who="0" ten="488,125,234,143" step="2"/><U68/><E101/><V31/><F31/><W49/><G27/><T118/><D118/><U80/><E111/><V13/><F13/><W121/><G49/><T3/><D3/><U67/><E38/><V102/><F26/><W64/><G121/><T94/><D94/><U88/><E122/><V9/><F29/><W96/><G95/><T92/><D92/><U98/><E120/><V115/><F115/><W107/><G62/><T47/><D47/><U21/><E63/><V30/><F30/><W130/><G24/><T84/><D84/><U110/><E110/><V58/><F86/><W106/><G85/><T34/><D34/><U72/><E98/><N who="2" m="59727" /><F87/><W57/><G28/><T131/><D131/><U53/><E82/><V66/><F45/><W15/><G130/><T133/><D133/><N who="2" m="51274" /><F66/><W79/><G65/><T44/><D44/><U76/><E67/><V22/><F9/><AGARI ba="1,1" hai="0,4,9,10,14,16,51,55,56,99,100,105,128,129" machi="9" ten="40,2600,0" yaku="1,1,54,1,53,0" doraHai="104" doraHaiUra="41" who="0" fromWho="2" sc="488,39,125,0,234,-29,143,0" /><INIT seed="3,0,0,2,0,82" ten="527,125,205,143" oya="3" hai0="21,66,65,73,75,71,119,61,78,45,103,70,63" hai1="87,25,69,80,36,43,134,3,10,124,106,107,1" hai2="98,39,27,6,51,115,46,114,84,123,2,76,64" hai3="130,56,74,50,105,90,67,34,116,101,96,9,16"/><W94/><G130/><T14/><D119/><U81/><E124/><V59/><F123/><W86/><G116/><T57/><D103/><U126/><E69/><V29/><F39/><W31/><G74/><T62/><D45/><U42/><E126/><V40/><F98/><W8/><G34/><T129/><D78/><U88/><E134/><V68/><F2/><W17/><G31/><T79/><D79/><U132/><E132/><V113/><F6/><W83/><G105/><T33/><D33/><U77/><E25/><V5/><F5/><W55/><G67/><T52/><D129/><U12/><E3/><V133/><F133/><W97/><G97/><T108/><D108/><U135/><E1/><V26/><F68/><W93/><G83/><T18/><AGARI ba="0,0" hai="14,18,21,52,57,61,62,63,65,66,70,71,73,75" machi="18" ten="30,4000,0" yaku="0,1,9,1,54,1" doraHai="82" who="0" fromWho="0" sc="527,40,125,-10,205,-10,143,-20" /><INIT seed="4,0,0,5,0,77" ten="567,115,195,123" oya="0" hai0="40,15,116,65,126,61,100,48,91,86,131,13,45" hai1="128,111,74,57,129,0,70,53,130,69,64,39,88" hai2="72,115,36,102,41,97,11,66,38,125,47,99,119" hai3="32,34,24,90,3,37,27,52,78,49,30,108,56"/><T104/><D116/><U84/><E111/><V117/><F115/><W73/><G108/><T98/><D126/><U96/><E74/><V79/><F125/><W82/><G3/><T135/><D135/><U25/><E39/><N who="2" m="21951" /><F99/><W51/><G37/><T120/><D131/><U83/><E0/><V59/><F66/><W10/><G10/><T81/><REACH who="0" step="1"/><D120/><REACH who="0" ten="557,115,195,123" step="2"/><U133/><E133/><V106/><F117/><W43/><G32/><T62/><D62/><U50/><E64/><V92/><F119/><W110/><G110/><T94/><D94/><N who="1" m="56391" /><E25/><V42/><F92/><W95/><G27/><T114/><D114/><U63/><E63/><V26/><F26/><W33/><G33/><T7/><D7/><U20/><E20/><V5/><F5/><W19/><G95/><T46/><D46/><U18/><E18/><V71/><F106/><W75/><G19/><T101/><D101/><U67/><E67/><V123/><F102/><W109/><G109/><T105/><D105/><U112/><E112/><V118/><F123/><W107/><G107/><T89/><D89/><AGARI ba="0,1" hai="50,53,57,69,70,83,84,89,128,129,130" m="56391" machi="89" ten="30,3900,0" yaku="19,1,52,1,54,1" doraHai="77" who="1" fromWho="0" sc="557,-39,115,49,195,0,123,0" /><INIT seed="5,0,0,5,2,41" ten="518,164,195,123" oya="1" hai0="32,60,62,123,132,8,98,108,126,111,83,9,14" hai1="124,106,59,53,22,86,87,107,65,36,63,29,99" hai2="105,6,130,23,34,72,28,74,45,91,35,75,27" hai3="114,1,70,125,133,134,17,55,112,47,19,64,13"/><U30/><E36/><V12/><F105/><W122/><G1/><T121/><D32/><U85/><E124/><V46/><F130/><W10/><G125/><T26/><D126/><U96/><E65/><V5/><F35/><W48/><G122/><N who="0" m="46603" /><D26/><U80/><E80/><V113/><F113/><N who="3" m="43627" /><G19/><T129/><D129/><U7/><E7/><V49/><F91/><W69/><G64/><T88/><D9/><U57/><E57/><V82/><F82/><W42/><G42/><T51/><D132/><AGARI ba="0,0" hai="10,13,17,47,48,55,69,70,132,133,134" m="43627" machi="132" ten="30,3900,0" yaku="20,1,15,1,52,1" doraHai="41" who="3" fromWho="0" sc="518,-39,164,0,195,0,123,39" /><INIT seed="6,0,0,0,0,28" ten="479,164,195,162" oya="2" hai0="100,122,114,92,135,65,17,88,67,116,11,48,5" hai1="104,97,2,105,73,75,49,86,127,34,81,129,37" hai2="47,60,30,32,15,80,132,40,55,57,41,118,106" hai3="76,63,62,16,7,84,61,87,120,79,3,59,131"/><V31/><F106/><W53/><G120/><T0/><D116/><U19/><E2/><V20/><F118/><W85/><G131/><T10/><D100/><U29/><E37/><V13/><F132/><W102/><G102/><T91/><D91/><U89/><E129/><V96/><F32/><W110/><G110/><T93/><D93/><U119/><E119/><V94/><F80/><W126/><G126/><T107/><D107/><U54/><E127/><V33/><F33/><W52/><G3/><T23/><D11/><U68/><E68/><V108/><F108/><W45/><G7/><T18/><D18/><U101/><E105/><V38/><F41/><W83/><G16/><T70/><D70/><U72/><E19/><V46/><F46/><W77/><G83/><T14/><D122/><U128/><E128/><V27/><F31/><W43/><G59/><T6/><D6/><U134/><E134/><V56/><F56/><W9/><G9/><T74/><D74/><U24/><REACH who="1" step="1"/><E72/><REACH who="1" ten="479,154,195,162" step="2"/><V1/><F1/><W25/><G25/><T4/><D135/><U90/><E90/><AGARI ba="0,1" hai="13,15,20,27,30,38,40,47,55,57,60,90,94,96" machi="90" ten="30,1500,0" yaku="7,1" doraHai="28" who="2" fromWho="1" sc="479,0,154,-15,195,25,162,0" /><INIT seed="6,1,0,5,1,11" ten="479,139,220,162" oya="2" hai0="117,69,70,44,36,133,38,2,128,25,101,76,18" hai1="72,67,107,46,57,17,7,120,102,97,92,118,41" hai2="104,54,89,77,123,28,60,6,64,112,75,66,106" hai3="100,21,14,91,8,85,12,58,99,90,126,47,4"/><V40/><F123/><W20/><G126/><T124/><D2/><U16/><E118/><V33/><F112/><W68/><G68/><T52/><D76/><U132/><E120/><V31/><F40/><W53/><G47/><T79/><D79/><U42/><E72/><V24/><F28/><W88/><G85/><T27/><D101/><U113/><E113/><V55/><F66/><W51/><REACH who="3" step="1"/><G14/><REACH who="3" ten="479,139,220,152" step="2"/><T116/><D44/><U19/><E132/><V30/><F75/><W127/><G127/><T105/><D124/><U130/><E130/><V95/><F33/><W13/><G13/><T3/><D128/><U81/><E46/><V62/><F106/><AGARI ba="1,1" hai="4,8,12,20,21,51,53,58,88,90,91,99,100,106" machi="106" ten="40,5200,0" yaku="1,1,52,1,54,1,53,0" doraHai="11" doraHaiUra="131" who="3" fromWho="2" sc="479,0,139,0,220,-55,152,65" /><INIT seed="7,0,0,4,1,75" ten="479,139,165,217" oya="3" hai0="101,92,27,95,91,98,68,130,114,3,24,97,60" hai1="87,58,12,49,28,42,65,62,57,40,20,76,36" hai2="41,61,105,132,94,86,103,13,44,93,134,5,22" hai3="48,119,81,85,31,23,8,46,84,121,45,100,53"/><W133/><G119/><T89/><D3/><U120/><E120/><V15/><F105/><W117/><G117/><T47/><D130/><U124/><E124/><V109/><F109/><W71/><G71/><T33/><D33/><U78/><E36/><V32/><F61/><W122/><G100/><T79/><D79/><U56/><E87/><V16/><F32/><W7/><G133/><N who="2" m="51305" /><F86/><W116/><G116/><T63/><D68/><U115/><E115/><V88/><F103/><W77/><G46/><T35/><D47/><N who="1" m="25847" /><E40/><V18/><F88/><W9/><G84/><T51/><D35/><U4/><E65/><V102/><F5/><W125/><G125/><T38/><D101/><U25/><E62/><V110/><F102/><W128/><G128/><T70/><D70/><U113/><E113/><V111/><F111/><W10/><G7/><T74/><D74/><U26/><E26/><V118/><F118/><W64/><G64/><T50/><D114/><U83/><E83/><V39/><F110/><W104/><G104/><T73/><D73/><U34/><E34/><V108/><F108/><W129/><G129/><T69/><D69/><U19/><E4/><V43/><F43/><W59/><G121/><T1/><D1/><U82/><E82/><V17/><F17/><W30/><G122/><T135/><D135/><U21/><AGARI ba="0,0" hai="12,19,20,21,25,28,56,57,58,76,78" m="25847" machi="21" ten="30,4000,0" yaku="8,1,52,2" doraHai="75" who="1" fromWho="1" sc="479,-10,139,40,165,-10,217,-20" owari="469,56.0,179,-22.0,155,-34.0,197,0.0" /></mjloggm>