<mjloggm ver="2.3"><GO type="169" lobby="0"/><UN n0="%49%68%63%63%6F%74" n1="%23%37%34%E5%A4%A7%E6%B2%BB%E9%83%8E" n2="%E5%89%AF%E5%AF%AE%E9%95%B7" n3="%EF%BC%BC%28%EF%BC%BE%6F%EF%BC%BE%29%EF%BC%8F%E2%98%85" dan="16,16,16,19" rate="2104.71,2091.39,2109.91,2251.12" sx="M,M,M,M"/><TAIKYOKU oya="0"/><INIT seed="0,0,0,5,0,75" ten="250,250,250,250" oya="0" hai0="11,67,8,27,92,94,42,54,46,13,69,102,71" hai1="78,81,20,120,135,104,100,41,68,112,25,130,0" hai2="89,121,106,45,35,90,117,28,10,21,1,131,18" hai3="15,73,55,128,22,9,33,118,65,36,84,44,48"/><T16/><D69/><U108/><E41/><V43/><F106/><W23/><G33/><T125/><D125/><U34/><E20/><V87/><F121/><W61/><G73/><T110/><D110/><U76/><E25/><V30/><F117/><W72/><G72/><T97/><D54/><U107/><E34/><V6/><F131/><W109/><G118/><T52/><D27/><U99/><E68/><V12/><F35/><W5/><G128/><T24/><D24/><U66/><E66/><V64/><F64/><W58/><G109/><T14/><D67/><U96/><E0/><V86/><F86/><W132/><G132/><T50/><D71/><U103/><E108/><V126/><F126/><W127/><G127/><T85/><D42/><U124/><E124/><V74/><F74/><W134/><G36/><T88/><D13/><U4/><E4/><V70/><F70/><W95/><G134/><T113/><D113/><U57/><E57/><V37/><F90/><AGARI ba="0,0" hai="5,9,15,22,23,44,48,55,58,61,65,84,90,95" machi="90" ten="40,1300,0" yaku="8,1" doraHai="75" who="3" fromWho="2" sc="250,0,250,0,250,-13,250,13" /><INIT seed="1,0,0,5,2,26" ten="250,250,237,263" oya="1" hai0="29,4,72,31,14,51,36,49,12,15,134,8,76" hai1="78,71,129,121,132,92,84,17,131,96,52,37,73" hai2="10,101,106,38,35,135,112,117,95,47,74,63,41" hai3="90,25,126,60,45,77,62,118,53,68,3,39,19"/><U9/><E73/><V42/><F106/><W28/><G3/><T43/><D134/><U120/><E71/><V80/><F117/><W83/><G126/><T11/><D36/><U125/><E37/><V115/><F135/><W99/><G118/><T66/><D66/><U98/><E132/><V127/><F127/><W128/><G128/><N who="1" m="49226" /><E125/><V122/><F122/><N who="1" m="47209" /><E52/><V91/><F42/><W109/><G53/><T20/><D76/><U61/><E61/><V70/><F10/><W108/><G62/><T119/><D72/><U24/><E9/><V107/><F35/><W30/><G60/><T56/><D119/><U114/><E114/><V23/><F23/><W57/><G57/><T82/><D82/><N who="1" m="47191" /><E92/><V67/><F107/><W65/><G65/><T69/><D69/><U6/><E6/><V22/><F115/><W18/><G68/><T64/><D64/><U32/><E17/><V93/><F112/><W113/><G19/><N who="0" m="10367" /><D56/><U40/><E40/><V81/><F41/><W55/><G39/><T124/><D124/><U33/><E33/><V7/><F38/><W34/><G34/><T13/><D13/><U87/><E87/><V116/><F74/><N who="3" m="43447" /><G55/><T88/><D43/><U111/><E111/><N who="3" m="42570" /><G45/><T102/><D49/><U1/><E1/><V50/><F47/><W16/><G113/><T75/><D51/><U104/><E104/><V86/><F50/><W58/><G58/><T133/><D133/><U2/><E2/><V27/><F70/><W85/><G85/><T100/><D75/><U46/><E46/><V79/><F86/><W5/><G5/><T89/><D4/><RYUUKYOKU ba="0,0" sc="250,-10,250,30,237,-10,263,-10" hai1="24,32,96,98" /><INIT seed="1,1,0,2,3,51" ten="240,280,227,253" oya="1" hai0="77,131,135,116,83,56,94,31,47,26,132,20,111" hai1="59,118,11,80,70,58,60,68,98,133,72,89,119" hai2="6,54,7,18,121,29,8,46,32,16,74,10,17" hai3="120,122,97,99,85,103,28,27,62,73,107,92,115"/><U106/><E133/><V127/><F74/><W21/><G115/><T5/><D116/><U102/><E11/><N who="2" m="4139" /><F121/><W25/><G73/><T9/><D111/><U129/><E129/><V96/><F127/><W104/><G85/><T15/><D131/><U90/><E72/><V82/><F82/><W101/><G92/><T22/><D22/><U69/><E58/><V44/><F96/><W130/><G130/><T34/><D34/><U48/><E48/><N who="2" m="28935" /><F32/><W61/><G27/><T123/><D123/><N who="3" m="47145" /><G62/><T19/><D94/><U55/><REACH who="1" step="1"/><E80/><REACH who="1" ten="240,270,227,253" step="2"/><V66/><F46/><W113/><G61/><T100/><D56/><U43/><E43/><V91/><F66/><W126/><G126/><T109/><D47/><U128/><E128/><V4/><F91/><AGARI ba="1,1" hai="55,59,60,68,69,70,89,90,91,98,102,106,118,119" machi="91" ten="40,3900,0" yaku="1,1,52,1,53,0" doraHai="51" doraHaiUra="38" who="1" fromWho="2" sc="240,0,270,52,227,-42,253,0" /><INIT seed="1,2,0,4,3,71" ten="240,322,185,253" oya="1" hai0="66,55,98,49,129,67,8,117,26,95,115,3,9" hai1="33,108,116,48,60,6,58,132,68,51,133,23,107" hai2="4,59,30,126,20,97,111,70,112,123,94,96,25" hai3="127,53,77,82,83,104,15,109,90,31,40,18,103"/><U46/><E33/><V16/><F70/><W42/><G109/><T27/><D117/><U62/><E107/><V65/><F123/><W41/><G127/><T125/><D125/><U11/><E116/><V124/><F111/><W113/><G113/><T39/><D129/><U38/><E108/><V87/><F126/><W105/><G31/><T56/><D115/><U93/><E23/><N who="2" m="15679" /><F124/><W21/><G103/><T12/><D3/><U61/><E68/><V86/><F112/><W44/><G90/><T79/><D79/><U80/><E80/><V120/><F4/><W47/><G83/><T17/><D39/><U14/><E93/><V114/><F114/><W118/><G118/><T35/><D35/><U99/><E99/><N who="2" m="37963" /><F94/><W13/><G13/><T130/><D130/><U74/><E74/><V1/><F1/><W7/><G7/><T43/><D43/><N who="1" m="22903" /><E58/><V2/><F2/><W88/><G47/><T50/><D8/><U75/><E75/><V122/><F122/><W57/><G44/><T24/><REACH who="0" step="1"/><D50/><REACH who="0" ten="230,322,185,253" step="2"/><U76/><E76/><V121/><F121/><W84/><REACH who="3" step="1"/><G77/><REACH who="3" ten="230,322,185,243" step="2"/><T54/><D54/><U63/><N who="1" m="15360" /><DORA hai="106" /><U52/><E11/><V29/><F120/><W73/><G73/><T101/><AGARI ba="2,2" hai="9,12,17,24,26,27,49,55,56,66,67,95,98,101" machi="101" ten="30,7900,0" yaku="1,1,0,1,8,1,53,1" doraHai="71,106" doraHaiUra="32,10" who="0" fromWho="0" sc="230,105,322,-41,185,-22,243,-22" /><INIT seed="2,0,0,1,1,34" ten="335,281,163,221" oya="2" hai0="75,56,73,118,14,44,10,107,27,2,30,67,29" hai1="123,122,36,48,85,127,106,79,119,87,82,19,91" hai2="50,93,1,128,9,58,24,131,47,6,17,55,114" hai3="42,96,124,112,62,100,90,113,25,39,76,132,4"/><V33/><F114/><W120/><G120/><N who="1" m="46122" /><E36/><V109/><F109/><W126/><G25/><T77/><D118/><U129/><E119/><V63/><F93/><W65/><G76/><T88/><D107/><U53/><E106/><V80/><F80/><W133/><G4/><T20/><D77/><U99/><E99/><V104/><F104/><N who="3" m="63495" /><G42/><T54/><D2/><U111/><E19/><V61/><F17/><W0/><G0/><T28/><D67/><U13/><E13/><V66/><REACH who="2" step="1"/><F63/><REACH who="2" ten="335,281,153,221" step="2"/><W23/><G62/><N who="0" m="36119" /><D73/><U94/><E111/><V35/><F35/><W70/><G113/><T78/><D75/><U45/><E129/><V115/><F115/><W37/><G112/><T38/><D78/><U3/><E127/><V108/><F108/><W97/><G126/><T98/><D38/><U71/><E71/><V105/><F105/><W89/><G124/><T59/><D44/><U18/><E18/><V68/><F68/><W117/><G39/><T83/><D59/><U134/><E134/><V8/><F8/><W81/><G37/><T21/><D21/><U64/><E64/><V51/><F51/><W72/><G23/><T116/><D116/><U22/><E22/><V110/><F110/><W60/><G117/><T11/><D83/><U7/><E7/><V43/><F43/><W92/><G72/><T135/><D10/><U121/><E121/><V41/><F41/><W46/><G46/><T40/><D40/><U69/><E69/><V15/><F15/><W103/><G81/><T26/><D20/><U130/><E130/><V86/><F86/><W95/><G95/><RYUUKYOKU ba="0,1" sc="335,-30,281,10,153,10,221,10" hai1="3,45,48,53,79,82,85,87,91,94" hai2="1,6,9,24,33,47,50,55,58,61,66,128,131" hai3="60,65,70,89,90,92,97,103,132,133" /><INIT seed="2,1,1,4,1,36" ten="305,291,163,231" oya="2" hai0="20,5,82,60,131,38,94,121,58,112,12,103,59" hai1="34,75,16,52,77,68,90,27,105,47,124,29,83" hai2="3,108,19,65,21,130,81,66,123,24,10,67,28" hai3="69,122,107,73,35,13,33,133,8,53,98,76,93"/><V97/><F123/><W54/><G122/><T11/><D121/><U72/><E105/><V42/><F130/><W118/><G107/><T45/><D112/><U106/><E106/><V49/><F97/><W56/><G69/><T126/><D131/><U9/><E68/><V91/><F108/><W117/><G133/><T80/><D126/><U129/><E129/><V101/><F101/><W109/><G109/><T1/><D59/><U30/><E30/><V70/><F70/><W26/><G54/><T51/><D38/><U120/><E120/><V74/><F74/><W102/><G76/><T2/><D2/><U15/><E124/><V46/><F3/><W115/><G73/><T17/><D94/><U39/><E77/><V71/><F71/><W62/><G115/><T92/><D92/><U43/><REACH who="1" step="1"/><E52/><REACH who="1" ten="305,281,163,231" step="2"/><V135/><F135/><W100/><G53/><T31/><D31/><U0/><E0/><V89/><F81/><W50/><G56/><T48/><D60/><U127/><E127/><V57/><F57/><W78/><G62/><T113/><D80/><U14/><E14/><AGARI ba="1,2" hai="10,14,19,21,24,28,42,46,49,65,66,67,89,91" machi="14" ten="40,3900,0" yaku="8,1,52,1" doraHai="36" who="2" fromWho="1" sc="305,0,281,-42,163,62,231,0" /><INIT seed="2,2,0,4,4,104" ten="305,239,225,231" oya="2" hai0="69,18,51,19,2,60,66,85,13,7,90,71,52" hai1="99,15,110,44,16,43,134,21,108,109,62,12,132" hai2="87,45,82,103,77,98,107,123,53,117,6,61,41" hai3="34,35,46,72,55,54,47,36,74,96,39,122,64"/><V101/><F123/><W9/><G122/><T3/><D69/><U10/><E62/><V28/><F117/><W88/><G96/><T59/><D18/><U128/><E99/><V95/><F28/><W126/><G9/><T29/><D29/><U33/><E33/><V119/><F119/><W68/><G68/><T4/><D2/><U125/><E128/><V102/><F107/><W42/><G42/><T14/><D14/><U118/><E118/><V1/><F1/><W113/><G126/><T23/><REACH who="0" step="1"/><D3/><REACH who="0" ten="295,239,225,231" step="2"/><U31/><E125/><V73/><F6/><W25/><G25/><T105/><D105/><U116/><E116/><V121/><F121/><W91/><REACH who="3" step="1"/><G64/><REACH who="3" ten="295,239,225,221" step="2"/><T89/><D89/><U86/><E31/><V30/><F30/><W92/><G92/><AGARI ba="2,2" hai="4,7,13,19,23,51,52,59,60,66,71,85,90,92" machi="92" ten="30,8000,1" yaku="1,1,7,1,25,2,54,1,53,0" doraHai="104" doraHaiUra="79" who="0" fromWho="3" sc="295,106,239,0,225,0,221,-86" /><INIT seed="3,0,0,4,3,76" ten="401,239,225,135" oya="3" hai0="129,50,128,9,64,48,77,107,97,49,44,37,52" hai1="121,21,63,117,43,58,5,2,18,19,100,40,25" hai2="125,35,73,60,135,0,27,53,72,132,36,94,47" hai3="29,33,96,26,123,24,57,116,91,39,54,85,16"/><W62/><G116/><T11/><D77/><U106/><E121/><V87/><F0/><W17/><G123/><T122/><D122/><U109/><E117/><V3/><F3/><W84/><G39/><T120/><D120/><U99/><E109/><V130/><F130/><N who="0" m="50282" /><D64/><U34/><E34/><V95/><F125/><W6/><G6/><T103/><D37/><U13/><E5/><V1/><F1/><W104/><G104/><T70/><D70/><U12/><E2/><V113/><F113/><W69/><G69/><T56/><D49/><U32/><E32/><V134/><F73/><W68/><G68/><T15/><D15/><U124/><E124/><V45/><F72/><W81/><G96/><T112/><D112/><U41/><REACH who="1" step="1"/><E19/><REACH who="1" ten="401,229,225,135" step="2"/><V110/><F35/><W8/><G8/><T75/><D9/><U80/><E80/><V23/><F110/><W101/><G26/><T20/><D11/><U4/><E4/><V83/><F27/><W74/><G74/><T51/><D75/><U30/><E30/><V108/><F108/><W86/><G101/><T133/><D20/><U90/><E90/><N who="2" m="51583" /><F23/><W82/><G86/><T66/><D133/><U38/><E38/><V79/><F79/><AGARI ba="0,1" hai="16,17,24,29,33,54,57,62,79,81,82,84,85,91" machi="79" ten="30,11600,0" yaku="7,1,52,2,54,1" doraHai="76" who="3" fromWho="2" sc="401,0,229,0,225,-116,135,126" /><INIT seed="3,1,0,1,2,38" ten="401,229,109,261" oya="3" hai0="34,16,5,2,79,107,96,63,17,6,121,124,67" hai1="104,59,135,32,4,52,46,57,112,119,83,71,78" hai2="24,97,93,81,55,94,20,53,74,110,70,45,89" hai3="44,30,40,62,7,86,109,118,114,76,98,50,28"/><W77/><G114/><T127/><D34/><U64/><E112/><V65/><F110/><W134/><G118/><T100/><D121/><U9/><E104/><V123/><F123/><W10/><G109/><T88/><D79/><U56/><E32/><V1/><F1/><W120/><G120/><T33/><D33/><U11/><E119/><V122/><F122/><W66/><G134/><T26/><D2/><U87/><E135/><V39/><F70/><W128/><G128/><T15/><D26/><U35/><E35/><V116/><F116/><W73/><G73/><T54/><D54/><U102/><E102/><V130/><F130/><W131/><G98/><T18/><D15/><U29/><E29/><N who="3" m="11370" /><G131/><T133/><D133/><U69/><E64/><V84/><F65/><W132/><G86/><T13/><D88/><U99/><E99/><V21/><F74/><W101/><G101/><T95/><D107/><U58/><E46/><V92/><F97/><W43/><G132/><T36/><D36/><U129/><E129/><V47/><F21/><W23/><G23/><T14/><D14/><U25/><E25/><V48/><F39/><W82/><G82/><T115/><D13/><U12/><REACH who="1" step="1"/><E9/><REACH who="1" ten="401,219,109,261" step="2"/><V75/><F75/><W85/><G10/><T61/><D115/><U41/><E41/><N who="3" m="15946" /><G85/><T72/><D72/><U27/><E27/><V90/><F24/><W125/><G125/><N who="0" m="48203" /><D67/><U37/><E37/><V80/><F20/><W22/><G22/><T108/><D108/><U117/><E117/><V91/><F84/><W19/><G66/><T31/><D31/><U8/><E8/><RYUUKYOKU ba="1,1" sc="401,10,219,10,109,10,261,-30" hai0="5,6,16,17,18,61,63,95,96,100" hai1="4,11,12,52,56,57,58,59,69,71,78,83,87" hai2="45,47,48,53,55,80,81,89,90,91,92,93,94" /><INIT seed="4,2,1,5,5,117" ten="411,229,119,231" oya="0" hai0="123,127,58,103,80,38,92,118,113,131,78,75,8" hai1="60,121,28,42,83,114,129,87,16,132,54,35,39" hai2="11,97,93,2,18,68,86,107,56,71,85,33,59" hai3="36,125,46,94,81,66,52,20,112,7,43,55,27"/><T115/><D58/><U134/><E129/><V13/><F33/><W34/><G34/><T15/><D38/><U133/><E114/><V41/><F107/><W12/><G112/><T70/><D70/><U120/><E16/><V91/><F2/><W101/><G66/><T6/><D118/><U45/><E28/><V61/><F41/><W10/><G125/><T73/><D127/><U44/><E35/><V25/><F25/><W48/><G36/><T104/><D131/><U57/><REACH who="1" step="1"/><E44/><REACH who="1" ten="411,219,119,231" step="2"/><V4/><F18/><W109/><G109/><T100/><D115/><U23/><E23/><V51/><F71/><W3/><G20/><T24/><D113/><U119/><E119/><V77/><F68/><W21/><G21/><T122/><D24/><U62/><E62/><V47/><F61/><W19/><G19/><T135/><D8/><U95/><E95/><V102/><F47/><W98/><G27/><T79/><D6/><U90/><AGARI ba="2,2" hai="39,42,45,54,57,60,83,87,90,120,121,132,133,134" machi="90" ten="30,12000,2" yaku="1,1,0,1,20,1,52,2,53,1" doraHai="117" doraHaiUra="50" who="1" fromWho="1" sc="411,-62,219,146,119,-32,231,-32" /><INIT seed="5,0,0,2,1,105" ten="349,365,87,199" oya="1" hai0="28,41,82,111,132,104,84,78,123,20,72,22,93" hai1="134,100,62,14,18,12,121,124,5,10,131,43,126" hai2="97,108,60,45,94,99,36,129,56,39,63,44,91" hai3="29,95,66,57,89,101,88,6,21,85,116,4,48"/><U46/><E121/><V119/><F108/><W71/><G116/><T125/><D104/><U73/><E62/><V52/><F119/><W15/><G71/><T30/><D111/><U96/><E134/><V7/><F129/><W92/><G101/><T19/><D125/><U103/><E131/><V23/><F7/><W61/><G48/><T74/><D132/><U79/><E103/><V127/><F127/><W9/><G6/><T114/><D123/><U54/><E54/><V65/><F99/><W47/><G47/><T16/><D114/><U77/><E77/><V8/><F8/><W64/><G21/><T38/><D41/><U117/><E117/><V55/><F55/><W107/><G107/><T133/><D38/><U110/><E110/><V58/><REACH who="2" step="1"/><F23/><REACH who="2" ten="349,365,77,199" step="2"/><W113/><G113/><T33/><D22/><U26/><E96/><V76/><F76/><W120/><G120/><T31/><D133/><U98/><E98/><V37/><AGARI ba="0,1" hai="36,37,39,44,45,52,56,58,60,63,65,91,94,97" machi="37" ten="30,8000,1" yaku="1,1,0,1,54,1,53,2" doraHai="105" doraHaiUra="42" who="2" fromWho="2" sc="349,-20,365,-40,77,90,199,-20" /><INIT seed="6,0,0,3,0,1" ten="329,325,167,179" oya="2" hai0="44,133,37,79,93,20,39,35,106,78,103,66,113" hai1="96,47,89,31,29,87,127,45,11,72,25,95,120" hai2="118,58,59,69,90,52,2,19,126,0,107,18,130" hai3="134,24,132,38,12,64,119,121,131,4,102,46,124"/><V15/><F107/><W8/><G119/><T77/><D35/><U28/><E72/><V22/><F69/><W56/><G121/><T135/><D113/><U3/><E120/><V53/><F118/><W73/><G124/><T123/><D123/><U21/><E127/><V63/><F126/><W27/><G73/><T86/><D66/><U98/><E3/><V65/><F130/><W70/><G70/><T5/><D5/><U49/><E11/><V16/><F65/><W75/><G75/><T114/><D114/><U17/><REACH who="1" step="1"/><E47/><REACH who="1" ten="329,315,167,179" step="2"/><V128/><F128/><W115/><G46/><T6/><D44/><U97/><E97/><V76/><F2/><W57/><G8/><T40/><D40/><AGARI ba="0,1" hai="17,21,25,28,29,31,40,45,49,87,89,95,96,98" machi="40" ten="40,5200,0" yaku="1,1,8,1,53,1" doraHai="1" doraHaiUra="83" who="1" fromWho="0" sc="329,-52,315,62,167,0,179,0" /><INIT seed="7,0,0,3,4,22" ten="277,377,167,179" oya="3" hai0="132,46,25,37,34,83,31,135,35,13,80,1,68" hai1="19,60,86,43,26,10,97,81,118,69,105,41,133" hai2="123,110,120,39,113,122,64,104,103,62,27,2,126" hai3="130,18,119,87,45,15,127,20,38,42,24,9,6"/><W47/><G119/><T125/><D68/><U106/><E118/><V134/><F110/><W84/><G127/><T33/><D37/><U101/><E106/><V91/><F126/><W108/><G108/><T70/><D70/><U76/><E133/><N who="0" m="51273" /><D46/><U50/><E50/><V73/><F134/><W21/><G130/><T117/><D125/><U44/><E44/><V52/><F113/><W12/><G47/><T92/><D117/><U72/><E72/><V79/><F2/><W0/><REACH who="3" step="1"/><G0/><REACH who="3" ten="277,377,167,169" step="2"/><T75/><D1/><U49/><E43/><V65/><F39/><W16/><AGARI ba="0,1" hai="6,9,12,15,16,18,20,21,24,38,42,45,84,87" machi="16" ten="20,18000,2" yaku="1,1,2,1,0,1,7,1,52,1,54,1,53,0" doraHai="22" doraHaiUra="55" who="3" fromWho="3" sc="277,-60,377,-60,167,-60,169,190" owari="217,-18.0,317,12.0,107,-39.0,359,45.0" /></mjloggm>