<mjloggm ver="2.3"><GO type="169" lobby="0"/><UN n0="%E7%9B%AE%E7%8E%89%E9%87%8E%E9%83%8E" n1="%EF%BC%A6%EF%BC%B8%E9%9B%80%E5%A3%AB" n2="%E3%80%90%E7%BD%AA%E6%AD%8C%E3%80%91" n3="%E3%81%98%E3%82%83%E3%82%80%E2%99%AD" dan="16,17,17,17" rate="2074.37,2149.05,2233.96,2131.14" sx="M,M,F,M"/><TAIKYOKU oya="0"/><INIT seed="0,0,0,0,4,68" ten="250,250,250,250" oya="0" hai0="36,58,19,40,4,88,130,123,6,47,128,26,104" hai1="5,56,63,94,48,78,17,114,20,87,43,7,53" hai2="97,49,24,35,102,15,96,10,38,59,133,122,121" hai3="134,52,50,67,72,100,39,108,132,99,71,57,129"/><T9/><D104/><U13/><E114/><V66/><F133/><N who="3" m="51307" /><G72/><T135/><D135/><U69/><E69/><V125/><F125/><W27/><G108/><T124/><D124/><U75/><E75/><V92/><F96/><W85/><G85/><T84/><D123/><U54/><E43/><V61/><F49/><W22/><G129/><N who="0" m="49771" /><D58/><U23/><E20/><V111/><F111/><W31/><G39/><T25/><D19/><U33/><E33/><V110/><F110/><W112/><G112/><T101/><D101/><U60/><E60/><V77/><F77/><W14/><G14/><N who="0" m="5415" /><D6/><U113/><E113/><V41/><F24/><W126/><G126/><T44/><D44/><U83/><REACH who="1" step="1"/><E94/><AGARI ba="0,0" hai="25,26,36,40,47,84,88,94" m="5415,49771" machi="94" ten="30,5800,0" yaku="19,1,52,1,54,1" doraHai="68" who="0" fromWho="1" sc="250,58,250,-58,250,0,250,0" /><INIT seed="0,1,0,5,0,17" ten="308,192,250,250" oya="0" hai0="7,104,1,2,79,119,133,66,33,93,24,83,122" hai1="97,70,10,52,132,37,102,58,65,113,88,22,62" hai2="61,127,38,82,80,110,123,81,59,134,118,29,32" hai3="0,112,99,63,27,109,100,131,126,96,26,120,71"/><T47/><D119/><U21/><E37/><V5/><F123/><W16/><G112/><T49/><D104/><U8/><E113/><V125/><F38/><W68/><G109/><T116/><D116/><U77/><E77/><V87/><F118/><W128/><G0/><T3/><D122/><U106/><E132/><V6/><F134/><W55/><G126/><N who="2" m="48137" /><F110/><W129/><G120/><T23/><D66/><U108/><E108/><V76/><F29/><W114/><G114/><T90/><D33/><U78/><E78/><N who="2" m="46487" /><F32/><W9/><G26/><T42/><D7/><N who="2" m="2570" /><F76/><W101/><G68/><T84/><D133/><U94/><E10/><V111/><F111/><W36/><G36/><T121/><D121/><U95/><E8/><V135/><F135/><W13/><G71/><T67/><D67/><AGARI ba="1,0" hai="59,61,67,81,82" m="2570,46487,48137" machi="67" ten="30,1000,0" yaku="18,1" doraHai="17" who="2" fromWho="0" sc="308,-13,192,0,250,13,250,0" /><INIT seed="1,0,0,5,2,81" ten="295,192,263,250" oya="1" hai0="4,24,59,34,47,9,117,22,73,77,30,126,130" hai1="105,133,96,54,57,35,100,41,135,78,58,112,97" hai2="134,45,87,82,101,1,60,94,68,13,36,115,128" hai3="20,53,110,93,80,99,15,66,39,90,91,109,61"/><U92/><E35/><V72/><F1/><W40/><G53/><T75/><D117/><U11/><E112/><V69/><F134/><N who="1" m="51209" /><E41/><V121/><F121/><W62/><G40/><T17/><D130/><U107/><E78/><V14/><F128/><W88/><G39/><T86/><D126/><U98/><E11/><V64/><F68/><N who="3" m="42063" /><G62/><T29/><D29/><U102/><E54/><V5/><F72/><W71/><G71/><T55/><D47/><U12/><E12/><V16/><F115/><W122/><G122/><T27/><D77/><U84/><E84/><V123/><F123/><W37/><G37/><T124/><D86/><U127/><E127/><V3/><F3/><W104/><G104/><N who="1" m="40010" /><E92/><V46/><F36/><W120/><G120/><T26/><D26/><U106/><N who="1" m="40018" /><U111/><DORA hai="125" /><E111/><N who="3" m="42506" /><G80/><T50/><REACH who="0" step="1"/><D124/><REACH who="0" ten="285,192,263,250" step="2"/><U49/><E49/><V108/><F108/><W25/><G15/><AGARI ba="0,1" hai="4,9,15,17,22,24,27,30,34,50,55,59,73,75" machi="15" ten="30,3900,0" yaku="1,1,2,1,7,1,53,0" doraHai="81,125" doraHaiUra="85,67" who="0" fromWho="3" sc="285,49,192,0,263,0,250,-39" /><INIT seed="2,0,0,5,1,115" ten="334,192,263,211" oya="2" hai0="2,64,103,10,134,91,14,65,59,73,117,77,94" hai1="97,93,63,95,5,133,107,110,47,109,128,98,101" hai2="13,49,18,33,51,16,40,58,124,96,86,41,34" hai3="102,90,69,131,119,67,85,21,87,79,92,81,23"/><V108/><F124/><W89/><G131/><T127/><D2/><U78/><E5/><V121/><F121/><W130/><G130/><T113/><D127/><U36/><E128/><V68/><F68/><W118/><G102/><T111/><D134/><U126/><E133/><V71/><F71/><W6/><G6/><T11/><D111/><N who="1" m="42507" /><E78/><V24/><F108/><W60/><REACH who="3" step="1"/><G79/><REACH who="3" ten="334,192,263,201" step="2"/><T74/><D103/><U31/><E101/><V99/><F34/><W114/><G114/><T20/><D77/><U129/><E129/><V48/><F33/><W9/><G9/><T44/><D10/><U104/><E126/><V55/><F86/><W46/><G46/><T56/><D44/><U12/><E47/><V83/><F99/><W62/><G62/><T52/><D73/><U82/><E63/><V84/><F96/><W28/><G28/><T100/><D74/><U38/><E31/><V45/><F45/><W106/><G106/><T42/><D100/><U135/><E135/><V35/><F35/><W112/><G112/><T43/><D113/><U53/><E98/><V72/><F72/><W4/><G4/><T88/><D11/><U37/><E97/><V123/><F123/><W27/><G27/><T29/><D29/><U22/><E104/><V17/><F24/><W105/><G105/><T75/><D75/><U116/><E107/><V66/><F13/><W50/><G50/><N who="2" m="19561" /><F66/><W0/><G0/><T25/><D14/><U125/><E125/><V61/><F61/><W54/><G54/><T57/><D52/><U32/><E32/><V1/><F1/><W15/><G15/><RYUUKYOKU ba="0,1" sc="334,-15,192,-15,263,15,201,15" hai2="16,17,18,40,41,51,55,58,83,84" hai3="21,23,60,67,69,81,85,87,89,90,92,118,119" /><INIT seed="2,1,1,4,4,15" ten="319,177,278,216" oya="2" hai0="113,55,116,66,82,80,14,114,85,94,127,115,5" hai1="126,117,6,8,22,65,125,79,40,56,69,39,0" hai2="12,72,102,103,81,130,19,98,34,122,104,62,86" hai3="75,124,59,4,87,135,68,76,89,33,35,28,96"/><V50/><F122/><W52/><G68/><T121/><D121/><U99/><E117/><V84/><F34/><W2/><G124/><N who="1" m="47722" /><E79/><V21/><F130/><W53/><G135/><T93/><D116/><U132/><E132/><V30/><F30/><W24/><G75/><T60/><D127/><U133/><E133/><V10/><F62/><W9/><G76/><T106/><D106/><U44/><E99/><V49/><F103/><W11/><G11/><T16/><D55/><U51/><E69/><V120/><F120/><W7/><G96/><T26/><D26/><U25/><E65/><V23/><F72/><W109/><G109/><T61/><D5/><U48/><E56/><V32/><F32/><W78/><G78/><T64/><D61/><U131/><E131/><V128/><F128/><W63/><G7/><T43/><D66/><U77/><E77/><V67/><F67/><W95/><REACH who="3" step="1"/><G33/><REACH who="3" ten="319,177,278,206" step="2"/><T31/><D114/><U17/><AGARI ba="1,2" hai="0,6,8,17,22,25,39,40,44,48,51" m="47722" machi="17" ten="30,2000,0" yaku="18,1,52,1" doraHai="15" who="1" fromWho="1" sc="319,-6,177,43,278,-11,206,-6" /><INIT seed="3,0,0,1,4,123" ten="313,220,267,200" oya="3" hai0="125,63,102,111,41,89,129,16,132,0,112,82,115" hai1="19,81,4,104,45,105,28,86,74,40,72,100,116" hai2="65,31,59,75,97,120,38,51,18,90,108,62,39" hai3="134,119,96,77,48,67,107,68,3,55,26,44,24"/><W88/><G119/><T25/><D111/><U29/><E4/><V78/><F120/><W83/><G3/><T12/><D0/><U47/><E116/><V23/><F108/><W15/><G134/><T99/><D129/><U71/><E71/><V135/><F31/><W32/><G32/><T106/><D41/><U43/><E100/><V92/><F135/><W7/><G68/><T94/><D125/><U60/><E60/><V46/><F75/><W91/><G67/><T1/><D1/><U13/><E86/><V69/><F69/><W22/><G107/><T2/><D2/><U64/><E64/><V95/><F95/><N who="3" m="56423" /><G77/><T73/><D63/><U5/><E5/><V93/><F93/><W127/><G127/><T33/><D25/><U124/><E124/><V11/><F11/><N who="3" m="4607" /><G22/><N who="0" m="11527" /><D33/><U87/><E74/><V110/><F78/><W17/><G17/><T114/><D132/><U58/><E72/><V54/><REACH who="2" step="1"/><F110/><REACH who="2" ten="313,220,257,200" step="2"/><W101/><G101/><T21/><D73/><U121/><E121/><V117/><F117/><W103/><G103/><T57/><D94/><U133/><E133/><V76/><F76/><W50/><G83/><T14/><D115/><U70/><E70/><V36/><F36/><W56/><G91/><T34/><D89/><U113/><E81/><V84/><F84/><W52/><AGARI ba="0,1" hai="24,26,44,48,50,52,55,56" m="4607,56423" machi="52" ten="30,6000,0" yaku="8,1,54,2" doraHai="123" who="3" fromWho="3" sc="313,-20,220,-20,257,-20,200,70" /><INIT seed="3,1,0,0,4,102" ten="293,200,237,270" oya="3" hai0="91,71,103,104,10,39,16,86,58,135,120,20,73" hai1="105,129,75,106,96,54,108,124,100,125,3,88,123" hai2="46,31,33,23,94,42,51,92,41,13,107,80,131" hai3="77,21,28,18,70,25,128,87,35,6,8,26,55"/><W49/><G70/><T110/><D39/><U57/><E123/><V17/><F131/><W95/><G128/><T114/><D71/><U126/><E129/><V53/><F107/><N who="1" m="40969" /><E3/><V112/><F112/><W22/><G35/><T61/><D73/><U5/><E5/><V7/><F7/><W27/><G27/><T130/><D10/><U11/><E11/><V117/><F117/><W43/><G43/><N who="2" m="16393" /><F33/><W50/><G55/><T113/><D120/><U118/><E75/><V62/><F80/><N who="3" m="47503" /><G95/><N who="2" m="36393" /><F62/><W24/><G24/><T132/><D61/><N who="1" m="36023" /><E118/><V79/><F79/><W60/><G60/><T76/><D130/><U83/><E108/><V119/><F119/><W9/><G6/><T2/><D110/><U115/><E115/><V47/><F31/><W12/><G8/><T40/><D2/><U81/><E88/><V133/><F133/><W93/><G93/><AGARI ba="1,0" hai="81,83,93,96,100,124,125,126" m="36023,40969" machi="93" ten="40,8000,1" yaku="18,1,52,3" doraHai="102" who="1" fromWho="3" sc="293,0,200,83,237,0,270,-83" /><INIT seed="4,0,0,3,4,69" ten="293,283,237,187" oya="0" hai0="32,95,107,110,43,94,72,104,74,96,41,88,108" hai1="10,75,79,80,29,117,6,129,135,114,50,58,56" hai2="111,121,62,37,55,13,0,45,51,132,7,21,105" hai3="126,130,33,11,124,27,112,127,134,86,123,65,46"/><T59/><D32/><U17/><E117/><V63/><F121/><W68/><G123/><T70/><D70/><U98/><E29/><V34/><F105/><N who="0" m="40522" /><D59/><U118/><E118/><V35/><F111/><N who="0" m="42538" /><D41/><U54/><E17/><V119/><F119/><W3/><G130/><T53/><D53/><U101/><E129/><V44/><F0/><W120/><G134/><T71/><D71/><U113/><E135/><V93/><F132/><W106/><G112/><T52/><D43/><U64/><E64/><V133/><F133/><W82/><G106/><T87/><D52/><U73/><E73/><V131/><F131/><W2/><G120/><T12/><D12/><U38/><E58/><V20/><F7/><W48/><G68/><T23/><D23/><U19/><E6/><V89/><F62/><W116/><G116/><T76/><D76/><U99/><E54/><V57/><F21/><W15/><G65/><T125/><D125/><N who="3" m="32001" /><W77/><DORA hai="1" /><G27/><T85/><D85/><U91/><E79/><V9/><F20/><W60/><G60/><T25/><D25/><U39/><E56/><V5/><F45/><W67/><G67/><T103/><AGARI ba="0,0" hai="72,74,87,88,94,95,96,103" m="42538,40522" machi="103" ten="30,11700,0" yaku="10,1,34,2,54,1" doraHai="69,1" who="0" fromWho="0" sc="293,117,283,-39,237,-39,187,-39" /><INIT seed="4,1,0,2,4,93" ten="410,244,198,148" oya="0" hai0="5,106,11,91,107,9,42,41,37,97,132,31,115" hai1="58,102,116,133,29,112,96,87,90,86,82,47,19" hai2="55,68,85,53,15,60,23,57,103,109,105,135,46" hai3="130,73,100,98,8,94,114,95,88,79,104,119,54"/><T84/><D31/><U43/><E116/><V67/><F109/><W71/><G71/><T89/><D132/><U36/><E133/><V49/><F135/><W22/><G119/><T13/><D115/><U80/><E112/><V126/><F126/><W34/><G34/><T125/><D125/><U18/><E58/><V117/><F117/><W76/><G114/><T99/><D84/><U62/><E62/><V39/><F85/><W48/><G130/><T108/><D13/><U113/><E29/><V30/><F30/><W77/><G8/><T92/><D92/><U44/><E47/><N who="2" m="27839" /><F103/><W131/><G131/><T7/><REACH who="0" step="1"/><D37/><REACH who="0" ten="400,244,198,148" step="2"/><U110/><E113/><V32/><F15/><W56/><G104/><T25/><D25/><U81/><E110/><AGARI ba="1,1" hai="5,7,9,11,41,42,89,91,97,99,106,107,108,110" machi="110" ten="25,12000,1" yaku="1,1,22,2,52,2,53,0" doraHai="93" doraHaiUra="50" who="0" fromWho="1" sc="400,133,244,-123,198,0,148,0" /><INIT seed="4,2,0,5,0,43" ten="533,121,198,148" oya="0" hai0="3,47,19,125,124,23,104,93,60,80,101,53,65" hai1="73,57,38,99,26,119,30,52,97,106,98,100,34" hai2="55,130,61,76,58,116,29,28,85,21,7,111,87" hai3="75,15,103,89,96,126,0,25,113,48,78,127,132"/><T109/><D3/><U134/><E73/><V1/><F111/><W131/><G0/><T13/><D104/><U2/><E119/><V88/><F130/><W14/><G131/><T12/><D109/><U11/><E38/><V117/><F7/><W49/><G113/><T42/><D80/><U94/><E134/><V4/><F4/><W69/><G69/><T118/><D53/><U50/><REACH who="1" step="1"/><E106/><REACH who="1" ten="533,111,198,148" step="2"/><V95/><F117/><W77/><G132/><T32/><D118/><U59/><E59/><V20/><F116/><W6/><G75/><T74/><D74/><U92/><E92/><V64/><F58/><W62/><G126/><T16/><D93/><U37/><E37/><V24/><F95/><W44/><G127/><T122/><D124/><U10/><E10/><V39/><F39/><W121/><G121/><T79/><D122/><U102/><E102/><V54/><F87/><W31/><G103/><T129/><D101/><U108/><E108/><V33/><F85/><W128/><G128/><T135/><D125/><U8/><E8/><V123/><F123/><W45/><G96/><T46/><D129/><U40/><E40/><V35/><F35/><W18/><G6/><AGARI ba="2,1" hai="2,6,11,26,30,34,50,52,57,94,97,98,99,100" machi="6" ten="40,2600,0" yaku="1,1,54,1,53,0" doraHai="43" doraHaiUra="112" who="1" fromWho="3" sc="533,0,111,42,198,0,148,-32" /><INIT seed="5,0,0,1,0,40" ten="533,153,198,116" oya="1" hai0="20,98,114,90,121,28,8,134,109,4,47,131,76" hai1="83,119,59,21,50,54,29,96,6,0,120,32,11" hai2="38,61,82,12,64,26,17,79,37,19,45,99,104" hai3="135,118,123,91,25,74,117,132,95,35,33,93,27"/><U31/><E119/><N who="3" m="45578" /><G74/><T84/><D114/><U78/><E120/><V63/><F63/><W130/><G123/><T46/><D131/><U112/><E112/><V80/><F80/><W133/><G130/><T126/><D134/><N who="3" m="34305" /><W111/><DORA hai="24" /><G111/><T70/><D126/><U125/><E125/><V36/><F12/><W43/><G43/><T23/><D70/><U81/><E81/><V41/><F26/><N who="3" m="9739" /><G91/><T73/><D90/><U62/><E32/><AGARI ba="0,0" hai="32,33,35,93,95" m="9739,34305,45578" machi="32" ten="50,8000,1" yaku="28,2,12,1,20,1" doraHai="40,24" who="3" fromWho="1" sc="533,0,153,-80,198,0,116,80" /><INIT seed="6,0,0,5,2,12" ten="533,73,198,196" oya="2" hai0="9,90,133,41,128,86,14,1,130,4,35,115,101" hai1="93,65,88,104,34,85,8,122,92,124,25,5,18" hai2="113,64,20,39,129,3,10,45,102,66,84,52,109" hai3="21,97,134,55,54,38,91,74,87,127,96,94,81"/><V26/><F113/><W36/><G74/><T46/><D35/><U37/><E104/><V23/><F109/><W70/><G70/><T71/><D71/><U31/><E37/><V98/><F129/><W19/><G127/><T107/><D115/><U42/><E124/><V50/><F39/><W100/><G134/><T123/><D133/><U7/><E42/><V78/><F3/><W16/><G38/><N who="0" m="21815" /><D123/><U117/><E117/><V62/><F10/><W30/><G36/><T49/><D49/><U83/><E122/><V126/><F126/><W32/><G32/><T56/><D56/><U69/><E92/><N who="2" m="58695" /><F62/><W0/><G0/><T58/><D101/><U59/><E69/><V132/><F132/><W61/><G97/><T75/><D107/><U79/><E59/><V11/><F11/><W119/><G119/><T68/><D58/><U27/><E65/><N who="2" m="25195" /><F26/><N who="3" m="16719" /><G61/><T112/><D75/><U2/><E7/><V76/><F76/><W103/><G103/><T99/><D68/><U44/><E44/><V67/><N who="2" m="25203" /><V28/><DORA hai="110" /><F28/><W105/><G105/><T33/><D33/><U51/><E51/><V17/><F17/><AGARI ba="0,0" hai="16,17,19,54,55,81,87,91,94,96,100" m="16719" machi="17" ten="30,8000,1" yaku="8,1,52,3,54,1" doraHai="12,110" who="3" fromWho="2" sc="533,0,73,0,198,-80,196,80" /><INIT seed="7,0,0,4,5,69" ten="533,73,118,276" oya="3" hai0="36,119,134,74,85,65,133,5,104,2,15,8,107" hai1="121,9,41,87,105,0,43,21,96,118,28,117,89" hai2="4,129,100,92,44,116,76,50,80,120,27,103,102" hai3="98,61,115,112,39,11,71,29,131,24,12,47,108"/><W23/><G131/><T63/><D74/><U114/><E121/><V3/><F116/><W82/><G108/><T130/><D130/><U68/><E68/><V26/><F129/><W18/><G82/><T125/><D125/><U60/><E60/><V31/><F120/><W73/><G73/><T55/><D55/><U88/><E114/><V111/><F111/><W30/><G98/><T128/><D36/><U95/><E0/><V110/><F110/><W40/><G29/><T78/><D128/><U6/><E28/><V70/><F70/><W58/><G71/><T109/><D15/><U35/><E35/><V46/><F46/><W1/><G1/><T75/><D85/><U77/><E77/><V97/><F4/><W127/><G127/><T17/><D17/><U13/><E21/><N who="2" m="15823" /><F27/><W123/><G123/><T135/><D119/><U53/><E117/><V113/><F113/><W122/><G122/><T25/><D25/><U79/><E79/><V10/><F10/><W52/><G112/><T91/><D109/><U84/><E118/><V45/><F45/><W86/><G86/><T37/><D91/><U99/><E53/><N who="2" m="29895" /><F3/><W7/><G115/><T57/><D37/><U34/><E34/><V94/><F94/><W62/><G7/><T64/><D64/><U67/><E67/><V42/><F42/><W14/><G14/><T56/><D56/><U48/><E105/><V16/><F16/><W38/><G39/><T101/><D101/><U93/><E48/><V81/><F76/><W32/><G38/><T54/><D65/><U90/><E90/><AGARI ba="0,0" hai="80,81,90,92,97,100,102,103" m="29895,15823" machi="90" ten="30,1000,0" yaku="8,1" doraHai="69" who="2" fromWho="1" sc="533,0,73,-10,118,10,276,0" owari="533,63.0,63,-44.0,128,-27.0,276,8.0" /></mjloggm>