<mjloggm ver="2.3"><GO type="169" lobby="0"/><UN n0="%E7%81%B0%E5%8E%9F%E5%93%80" n1="%E3%83%A1%E3%82%AB%E3%82%BC%E3%83%83%E3%83%88%E3%83%B3" n2="%63%6F%76%61%79%61%2B%2B" n3="%E3%82%A2%E3%82%B9%E3%82%BF%E3%83%8A" dan="16,16,16,16" rate="2079.32,2127.76,2174.29,2042.09" sx="F,M,M,M"/><TAIKYOKU oya="0"/><INIT seed="0,0,0,2,0,50" ten="250,250,250,250" oya="0" hai0="105,75,3,7,67,131,108,95,22,36,102,113,1" hai1="41,46,43,81,123,80,27,76,72,16,120,9,53" hai2="32,45,56,59,121,18,69,98,112,6,118,78,125" hai3="79,55,87,12,84,2,89,54,70,86,71,35,116"/><T88/><D113/><U82/><E43/><V97/><F121/><W48/><G2/><T60/><D36/><U126/><E126/><V29/><F112/><W28/><G116/><T127/><D127/><U44/><E44/><V5/><F69/><W133/><G133/><T61/><D75/><U93/><E93/><V14/><F125/><W17/><G79/><T65/><D131/><U110/><E110/><V15/><F78/><W122/><G122/><T101/><D108/><U91/><E91/><V106/><F32/><W57/><G89/><T119/><D119/><U117/><E117/><V109/><F29/><W66/><G66/><T103/><D105/><U124/><E124/><V74/><F74/><W129/><G129/><T25/><D3/><U51/><E41/><V128/><F109/><W52/><G48/><T19/><D7/><U107/><E107/><V64/><F128/><W11/><REACH who="3" step="1"/><G57/><REACH who="3" ten="250,250,250,240" step="2"/><T130/><D1/><U83/><REACH who="1" step="1"/><E27/><AGARI ba="0,1" hai="11,12,17,27,28,35,52,54,55,70,71,84,86,87" machi="27" ten="40,12000,2" yaku="1,1,2,1,52,3,54,1,53,1" doraHai="50" doraHaiUra="4" who="3" fromWho="1" sc="250,0,250,-120,250,0,240,130" /><INIT seed="1,0,0,2,0,28" ten="250,130,250,370" oya="1" hai0="59,0,73,122,51,104,16,113,90,100,21,79,52" hai1="91,55,19,26,18,83,50,127,32,53,130,15,120" hai2="3,77,41,111,2,88,38,95,23,22,24,123,109" hai3="57,125,69,99,85,93,106,81,115,96,6,94,45"/><U89/><E120/><V80/><F123/><W43/><G69/><T116/><D0/><U30/><E127/><V101/><F101/><W110/><G115/><T131/><D116/><U108/><E130/><V42/><F77/><W133/><G125/><T39/><D39/><U12/><E108/><N who="2" m="41547" /><F80/><W35/><G110/><T86/><D113/><U48/><E30/><N who="2" m="17687" /><F23/><W17/><G106/><T58/><D131/><U46/><E83/><V105/><F105/><W44/><G133/><T40/><D79/><U75/><E26/><V36/><F41/><W82/><G57/><T67/><D73/><U61/><E61/><V68/><F68/><W25/><G6/><T87/><D40/><U72/><REACH who="1" step="1"/><E46/><REACH who="1" ten="250,120,250,370" step="2"/><N who="2" m="23879" /><F38/><W5/><G25/><N who="0" m="14503" /><D122/><U117/><E117/><V13/><F13/><W66/><G82/><T1/><D1/><U98/><E98/><AGARI ba="0,1" hai="2,3,88,95,98" m="23879,17687,41547" machi="98" ten="30,2000,0" yaku="14,1,54,1" doraHai="28" who="2" fromWho="1" sc="250,0,120,-20,250,30,370,0" /><INIT seed="2,0,0,0,3,13" ten="250,100,280,370" oya="2" hai0="48,65,36,74,86,0,132,43,11,133,21,39,121" hai1="107,42,85,5,66,92,106,7,87,126,82,47,103" hai2="123,134,14,110,120,89,93,101,60,16,49,113,56" hai3="67,78,127,17,8,100,50,28,2,52,128,58,12"/><V4/><F113/><W69/><G127/><T95/><D74/><U57/><E126/><V22/><F101/><W119/><G119/><T122/><D65/><U117/><E117/><V63/><F134/><N who="0" m="51818" /><D48/><U32/><E32/><V30/><F110/><W125/><G125/><T10/><D21/><U77/><E107/><V116/><F116/><W108/><G108/><T33/><D33/><U104/><E104/><V1/><F30/><W54/><G128/><T29/><D29/><U124/><E124/><V73/><F73/><W105/><G78/><T96/><D86/><U23/><E106/><V40/><F1/><W118/><G118/><T31/><D31/><U70/><E70/><V75/><F75/><W19/><G28/><T135/><D135/><U99/><E23/><V88/><F4/><W20/><G69/><T41/><D0/><U51/><REACH who="1" step="1"/><E87/><REACH who="1" ten="250,90,280,370" step="2"/><N who="2" m="52383" /><F123/><W71/><G71/><T44/><D121/><U38/><E38/><V98/><F120/><W114/><G105/><T18/><D122/><U79/><E79/><V61/><F98/><W97/><G97/><T55/><D39/><U94/><E94/><V24/><F89/><W83/><G114/><T102/><D36/><U130/><E130/><V26/><F40/><W129/><G129/><T59/><D41/><U91/><E91/><V46/><F46/><W109/><G109/><T6/><D44/><U84/><E84/><V81/><F81/><W34/><G83/><T27/><D43/><U111/><E111/><V115/><F115/><W25/><G34/><T72/><D72/><U3/><E3/><V15/><F26/><RYUUKYOKU ba="0,1" sc="250,-15,90,15,280,15,370,-15" hai1="5,7,42,47,51,57,66,77,82,85,92,99,103" hai2="14,15,16,22,24,49,56,60,61,63" /><INIT seed="2,1,1,4,0,53" ten="235,105,295,355" oya="2" hai0="121,4,10,129,46,59,92,115,80,17,64,13,43" hai1="95,108,110,112,12,28,54,44,109,0,84,116,60" hai2="50,39,29,62,30,42,32,76,91,125,103,6,34" hai3="19,22,123,135,77,98,41,118,120,61,66,79,82"/><V133/><F39/><W81/><G118/><T15/><D121/><U65/><E0/><V107/><F76/><W37/><G135/><T63/><D115/><U3/><E3/><V128/><F6/><W57/><G98/><T126/><D126/><U68/><E116/><V101/><F125/><W38/><G81/><T127/><D127/><U96/><E112/><V26/><F133/><W51/><G51/><N who="0" m="27103" /><D129/><U83/><E28/><V131/><F62/><W35/><G35/><T33/><D33/><U23/><E12/><V24/><F91/><W14/><G79/><T88/><D80/><U111/><E23/><V27/><F27/><W40/><G40/><T134/><D134/><U70/><E70/><V106/><F50/><W5/><G5/><T31/><D31/><U20/><E20/><V119/><F42/><W49/><G49/><T36/><D36/><U105/><E105/><V71/><F71/><W102/><G102/><T94/><D88/><N who="1" m="55399" /><E54/><V1/><F1/><W47/><REACH who="3" step="1"/><G38/><REACH who="3" ten="235,105,295,345" step="2"/><T55/><D4/><U75/><E75/><AGARI ba="1,2" hai="14,19,22,37,41,47,57,61,66,75,77,82,120,123" machi="75" ten="30,7700,0" yaku="1,1,2,1,7,1,52,1,53,0" doraHai="53" doraHaiUra="7" who="3" fromWho="1" sc="235,0,105,-80,295,0,345,100" /><INIT seed="3,0,0,4,1,13" ten="235,25,295,445" oya="3" hai0="133,50,46,54,120,4,44,37,134,121,19,95,122" hai1="9,118,124,8,22,127,85,126,39,49,31,125,106" hai2="90,108,103,128,55,16,1,104,132,68,131,41,73" hai3="92,40,101,57,105,59,26,33,116,111,10,0,65"/><W29/><G116/><T30/><D30/><U123/><N who="1" m="31744" /><DORA hai="11" /><U115/><E39/><V86/><F1/><W53/><G105/><T64/><D4/><U6/><E106/><V67/><F73/><W130/><G40/><N who="0" m="22543" /><D95/><U129/><E123/><V58/><F108/><W51/><G130/><T93/><D93/><U71/><E71/><V114/><F114/><W34/><G111/><T76/><D76/><U70/><E70/><V18/><F41/><W79/><G79/><T87/><D87/><U38/><E38/><V15/><F68/><W35/><G0/><T109/><D109/><U12/><E115/><V25/><F67/><W80/><G80/><T23/><D64/><U3/><E129/><N who="2" m="49739" /><F104/><W60/><REACH who="3" step="1"/><G10/><REACH who="3" ten="235,25,295,435" step="2"/><T7/><D121/><U69/><E69/><V28/><F103/><W56/><G56/><T48/><D120/><U82/><E118/><V117/><F117/><W94/><G94/><T72/><D122/><U74/><E74/><V52/><F58/><W98/><AGARI ba="0,1" hai="26,29,33,34,35,51,53,57,59,60,65,92,98,101" machi="98" ten="30,3000,0" yaku="1,1,0,1,53,0" doraHai="13,11" doraHaiUra="17,110" who="3" fromWho="3" sc="235,-10,25,-10,295,-10,435,40" /><INIT seed="3,1,0,2,5,101" ten="225,15,285,475" oya="3" hai0="23,134,21,22,102,69,56,120,46,103,8,16,123" hai1="0,60,19,31,61,33,6,84,13,74,11,64,132" hai2="65,32,54,12,30,126,106,42,67,100,48,79,51" hai3="93,133,35,111,82,38,90,39,47,88,71,76,80"/><W29/><G71/><T62/><D69/><U58/><E74/><V37/><F79/><W59/><G133/><T17/><D134/><U99/><E132/><V44/><F12/><W68/><G68/><T28/><D28/><U97/><E61/><V96/><F126/><W92/><G59/><T112/><D46/><U55/><E64/><V110/><F110/><W104/><G47/><T115/><D115/><U118/><E84/><V131/><F131/><W77/><G29/><T14/><D112/><U81/><E81/><V7/><F7/><W9/><G9/><T95/><D95/><U49/><E60/><V26/><F37/><W1/><G1/><T85/><D85/><U2/><E118/><V122/><F122/><W73/><G35/><T124/><D124/><U125/><E125/><V129/><F129/><W10/><G10/><T66/><D120/><U25/><REACH who="1" step="1"/><E0/><REACH who="1" ten="225,5,285,475" step="2"/><V53/><F67/><W27/><G73/><T109/><D123/><U36/><E36/><V4/><F65/><W41/><G111/><T98/><D109/><U3/><E3/><V116/><F116/><W45/><G38/><T130/><D130/><U72/><E72/><V24/><F42/><W57/><G41/><T87/><D87/><U127/><E127/><V86/><F86/><W128/><G39/><T114/><D114/><U105/><E105/><V75/><F75/><W34/><G104/><T43/><D62/><U107/><E107/><V20/><F106/><W63/><G128/><T135/><D66/><U117/><E117/><V40/><F40/><W52/><G63/><T83/><D43/><RYUUKYOKU ba="1,1" sc="225,-10,5,30,285,-10,475,-10" hai1="2,6,11,13,19,25,31,33,49,55,58,97,99" /><INIT seed="4,2,1,1,1,88" ten="215,35,275,465" oya="0" hai0="38,130,55,3,61,31,104,129,76,49,7,9,57" hai1="92,123,126,133,79,70,39,17,75,41,22,25,69" hai2="81,106,124,73,128,90,37,43,28,54,44,45,60" hai3="100,0,74,26,8,1,83,56,13,122,109,125,2"/><T78/><D104/><U77/><E123/><V42/><F106/><W65/><G109/><T116/><D116/><U24/><E133/><V40/><F28/><W86/><G122/><T47/><D38/><U68/><E126/><V132/><F73/><W85/><G125/><T16/><D31/><U58/><E75/><V99/><F124/><W11/><G26/><T102/><D102/><U12/><E58/><N who="2" m="34903" /><F81/><W89/><G100/><T82/><D16/><U121/><E121/><V84/><F99/><W91/><G74/><T117/><D117/><U95/><E25/><V115/><F84/><W46/><G46/><N who="2" m="18025" /><F90/><W18/><G65/><N who="0" m="39087" /><D82/><U29/><E41/><V64/><F132/><W50/><G18/><T94/><D94/><U101/><E39/><V66/><F37/><W5/><G13/><T15/><D15/><U21/><REACH who="1" step="1"/><E101/><REACH who="1" ten="215,25,275,465" step="2"/><V118/><F118/><W23/><G5/><T27/><D27/><U48/><E48/><V63/><F40/><W14/><G50/><T30/><D30/><U71/><N who="1" m="17408" /><DORA hai="19" /><U107/><E107/><V33/><F42/><W103/><G103/><T110/><D110/><U53/><E53/><V87/><F43/><W52/><G52/><T120/><D120/><U119/><E119/><V20/><F66/><W4/><G4/><T114/><D114/><U36/><E36/><V96/><F64/><W59/><G59/><T35/><D35/><U32/><E32/><V112/><F112/><W127/><G56/><T62/><D62/><U93/><AGARI ba="2,2" hai="12,17,21,22,24,29,77,79,92,93,95" m="17408" machi="93" ten="60,24000,4" yaku="1,1,0,1,52,5,53,4" doraHai="88,19" doraHaiUra="67,134" who="1" fromWho="1" sc="215,-122,25,266,275,-62,465,-62" /><INIT seed="5,0,0,0,1,87" ten="93,291,213,403" oya="1" hai0="113,92,82,124,14,132,22,114,135,72,30,65,32" hai1="3,29,98,6,49,66,108,128,61,36,5,31,15" hai2="127,26,133,102,7,94,16,17,83,33,45,109,67" hai3="100,44,23,119,54,130,88,58,117,111,77,118,78"/><U74/><E36/><V62/><F109/><W131/><G111/><T13/><D65/><U20/><E74/><V27/><F7/><N who="1" m="2569" /><E3/><V90/><F102/><W52/><G100/><T96/><D124/><U85/><E128/><N who="3" m="49194" /><G23/><T57/><D57/><N who="1" m="37167" /><E108/><V59/><F133/><N who="0" m="51274" /><D32/><U75/><E75/><V64/><F83/><W38/><G88/><N who="0" m="55303" /><D72/><U79/><E98/><N who="2" m="57687" /><F33/><W112/><G112/><N who="0" m="43115" /><D82/><N who="1" m="47327" /><E49/><V69/><F127/><W11/><G119/><T104/><D104/><U34/><E34/><V106/><F106/><W81/><G118/><T35/><D35/><U60/><E60/><V25/><F69/><W8/><G117/><T116/><D116/><U129/><E129/><V93/><F67/><W51/><G81/><T99/><D99/><U110/><E110/><V56/><F56/><W46/><G58/><T71/><D71/><U91/><E91/><V73/><F73/><W120/><G78/><T115/><N who="0" m="43123" /><T40/><DORA hai="42" /><D40/><U63/><E63/><V103/><F64/><W28/><G77/><T86/><D86/><U105/><E105/><V76/><F76/><W123/><G123/><T21/><D21/><U68/><E68/><V80/><F62/><W89/><G120/><T97/><D97/><U55/><E55/><V48/><F59/><W101/><G54/><T95/><D95/><U18/><AGARI ba="0,0" hai="15,18,20,29,31" m="47327,37167,2569" machi="18" ten="30,1500,0" yaku="8,1" doraHai="87,42" who="1" fromWho="1" sc="93,-5,291,15,213,-5,403,-5" /><INIT seed="5,1,0,1,3,60" ten="88,306,208,398" oya="1" hai0="102,49,117,23,48,56,14,17,116,68,84,103,3" hai1="75,10,16,26,45,54,21,135,128,90,101,40,109" hai2="33,46,94,22,42,118,2,66,127,120,133,104,57" hai3="55,111,36,115,8,131,129,98,77,39,29,110,96"/><U50/><E75/><V89/><F118/><W113/><G77/><T69/><D3/><U62/><E135/><V9/><F120/><W76/><G76/><T25/><D69/><U13/><E128/><N who="3" m="49226" /><G29/><T7/><D68/><U31/><E109/><N who="3" m="41482" /><G55/><T123/><D123/><U18/><E101/><V92/><F104/><W64/><G8/><T114/><D114/><N who="3" m="43529" /><G64/><T99/><D116/><U4/><E90/><V132/><F9/><W81/><G81/><T83/><D117/><U6/><E6/><V97/><F132/><W58/><G58/><AGARI ba="1,0" hai="4,10,13,16,18,21,26,31,40,45,50,54,58,62" machi="58" ten="40,3900,0" yaku="8,1,54,1" doraHai="60" who="1" fromWho="3" sc="88,0,306,42,208,0,398,-42" /><INIT seed="5,2,0,2,5,22" ten="88,348,208,356" oya="1" hai0="53,129,94,125,83,76,60,48,88,45,13,90,120" hai1="104,35,127,42,133,80,131,98,97,62,111,69,84" hai2="132,32,37,58,65,3,121,100,102,64,75,16,19" hai3="113,18,96,82,47,30,95,63,46,68,7,26,59"/><U93/><E35/><V114/><F121/><W36/><G68/><T124/><D120/><U130/><E42/><V128/><F75/><W38/><G113/><T41/><D129/><N who="1" m="49163" /><E111/><V99/><F128/><W20/><G7/><T33/><D33/><U44/><E44/><N who="3" m="16938" /><G38/><T8/><D60/><U109/><E109/><V123/><F123/><W107/><G36/><T50/><D125/><U24/><E127/><V87/><F37/><W2/><G2/><T67/><D67/><N who="1" m="41207" /><E133/><V119/><F132/><W21/><G107/><T43/><D124/><U110/><E110/><V15/><F119/><W17/><G82/><T14/><D41/><U1/><E1/><V39/><F39/><W112/><G112/><T72/><D94/><U78/><E104/><V126/><F3/><W28/><G21/><T51/><D43/><U70/><E70/><V122/><F122/><W10/><G10/><T54/><D48/><U31/><E93/><V12/><F32/><W116/><G116/><T101/><D101/><U86/><E86/><V34/><F34/><W6/><G6/><T55/><D51/><U89/><E78/><V74/><F74/><W61/><G61/><T52/><REACH who="0" step="1"/><D14/><REACH who="0" ten="78,348,208,356" step="2"/><U92/><E92/><V0/><F0/><W85/><G95/><T56/><D56/><U117/><E117/><V118/><F118/><W40/><G40/><T29/><D29/><U108/><E108/><V71/><F126/><W103/><G30/><T5/><AGARI ba="2,1" hai="5,8,13,45,50,52,53,54,55,72,76,83,88,90" machi="5" ten="30,8000,1" yaku="1,1,0,1,54,2,53,1" doraHai="22" doraHaiUra="77" who="0" fromWho="0" sc="78,96,348,-42,208,-22,356,-22" /><INIT seed="6,0,0,0,1,135" ten="174,306,186,334" oya="2" hai0="88,84,52,54,134,33,77,78,91,101,133,18,105" hai1="70,124,38,81,15,103,73,59,79,10,121,11,45" hai2="89,56,127,113,98,55,86,132,114,51,71,8,117" hai3="100,43,46,111,3,110,104,39,67,72,120,61,123"/><V1/><F117/><W126/><G72/><T94/><D33/><U118/><E118/><V34/><F34/><W131/><G3/><T119/><D119/><U35/><E35/><V66/><F132/><N who="0" m="50794" /><D18/><U109/><E70/><V28/><F28/><W21/><G21/><T128/><D128/><U32/><E32/><V44/><F71/><N who="3" m="42479" /><G131/><T106/><D54/><U2/><E109/><N who="3" m="41482" /><G126/><T16/><D16/><N who="1" m="8311" /><E59/><V50/><F127/><W74/><G74/><T53/><D53/><U19/><E124/><V26/><F98/><AGARI ba="0,0" hai="39,43,46,98,100,104,120,123" m="41482,42479" machi="98" ten="30,1000,0" yaku="23,1" doraHai="135" who="3" fromWho="2" sc="174,0,306,0,186,-10,334,10" /><INIT seed="7,0,0,3,2,100" ten="174,306,176,344" oya="3" hai0="84,135,96,44,48,93,134,102,5,13,63,98,91" hai1="58,29,21,117,82,103,20,46,129,116,97,26,0" hai2="49,71,66,104,2,130,11,90,36,52,18,126,42" hai3="133,80,65,28,77,10,74,59,127,70,41,122,79"/><W125/><G122/><T9/><D63/><U106/><E0/><V6/><F104/><W131/><G70/><T35/><D35/><U109/><E109/><V27/><F90/><W34/><G131/><T4/><D4/><U83/><E129/><V120/><F130/><W107/><G107/><T67/><D67/><U124/><E124/><N who="3" m="47690" /><G133/><N who="0" m="50699" /><D102/><U12/><E58/><V121/><F18/><W112/><G112/><T45/><D45/><U55/><E55/><AGARI ba="0,0" hai="5,9,13,44,48,55,84,91,93,96,98" m="50699" machi="55" ten="30,1000,0" yaku="20,1" doraHai="100" who="0" fromWho="1" sc="174,10,306,-10,176,0,344,0" owari="184,-22.0,296,10.0,176,-32.0,344,44.0" /></mjloggm>