<mjloggm ver="2.3"><GO type="169" lobby="0"/><UN n0="%E3%82%B4%E3%83%9F%E3%83%84%E3%83%A2" n1="%39%39%39" n2="%E3%83%90%E3%82%A4%E3%82%A2%E3%83%A9%E3%83%B3" n3="%E7%AB%8B%E8%8F%AF%E5%A5%8F" dan="17,17,16,16" rate="2162.18,2182.48,2107.41,2100.67" sx="M,F,M,F"/><TAIKYOKU oya="0"/><INIT seed="0,0,0,0,2,14" ten="250,250,250,250" oya="0" hai0="22,16,88,29,114,101,44,18,86,54,28,33,24" hai1="13,125,71,52,17,109,49,45,131,61,5,48,27" hai2="50,83,134,110,70,93,117,105,81,41,91,113,39" hai3="74,82,100,58,30,43,97,35,3,133,99,126,104"/><T53/><D114/><U107/><E109/><V32/><F110/><W132/><G3/><T63/><D101/><U121/><E121/><V26/><F105/><W7/><G7/><T59/><D33/><U103/><E131/><V128/><F39/><W84/><G43/><T98/><D98/><U89/><E125/><V21/><F70/><W73/><G30/><T94/><D29/><U119/><E119/><V23/><F32/><W87/><G58/><N who="0" m="35287" /><D44/><U37/><E5/><V0/><F0/><W67/><G67/><T123/><D123/><U55/><E37/><V57/><F128/><W95/><G35/><T122/><D122/><U12/><E107/><V20/><F117/><W31/><G31/><T118/><D118/><U112/><E103/><V34/><F34/><W36/><G36/><T69/><D69/><U79/><E112/><V8/><F57/><W2/><G2/><T130/><D130/><U9/><E79/><V90/><F41/><W85/><G126/><T56/><D56/><U68/><E89/><V42/><F91/><N who="3" m="55551" /><G82/><T78/><D78/><U19/><E71/><V102/><F83/><W40/><G40/><T10/><D10/><U11/><E68/><V124/><F81/><W4/><G4/><T129/><D129/><U92/><E92/><V80/><F93/><W6/><G6/><T62/><AGARI ba="0,0" hai="16,18,22,24,28,53,59,62,86,88,94" m="35287" machi="62" ten="30,12000,1" yaku="8,1,52,2,54,2" doraHai="14" who="0" fromWho="0" sc="250,120,250,-40,250,-40,250,-40" /><INIT seed="0,1,0,3,5,102" ten="370,210,210,210" oya="0" hai0="92,76,61,16,63,2,125,12,28,25,40,126,29" hai1="104,84,115,108,44,10,106,128,31,62,118,45,94" hai2="13,117,95,116,113,19,66,99,107,37,50,1,97" hai3="65,93,68,39,47,124,131,72,127,135,6,83,79"/><T8/><D40/><U82/><E118/><N who="2" m="45675" /><F1/><W58/><G6/><T133/><D76/><U111/><E31/><V100/><F37/><W46/><G68/><T71/><D133/><U110/><E128/><V35/><F35/><W49/><G131/><T56/><D71/><U53/><E115/><V15/><F113/><W11/><G11/><T119/><D119/><U24/><E94/><V120/><F120/><W57/><G135/><T36/><D36/><U38/><E24/><V123/><F123/><W27/><G27/><T78/><D78/><N who="1" m="46167" /><E10/><V51/><F66/><W90/><G39/><T41/><D41/><N who="1" m="22583" /><E45/><V48/><F19/><W64/><G64/><T21/><D2/><U60/><E53/><V20/><F20/><W70/><G70/><T26/><D26/><U22/><E22/><V87/><F87/><W114/><G114/><T101/><D29/><U0/><E0/><V74/><F74/><W33/><G33/><T96/><REACH who="0" step="1"/><D63/><AGARI ba="1,0" hai="60,62,63,104,106,108,110,111" m="22583,46167" machi="63" ten="30,3900,0" yaku="14,1,52,2" doraHai="102" who="1" fromWho="0" sc="370,-42,210,42,210,0,210,0" /><INIT seed="1,0,0,0,5,121" ten="328,252,210,210" oya="1" hai0="1,122,115,17,47,70,125,100,78,30,35,81,72" hai1="79,85,2,106,89,8,50,49,16,45,38,112,23" hai2="66,4,31,10,74,97,128,41,77,28,3,7,135" hai3="129,88,80,63,134,25,46,99,52,68,51,55,110"/><U61/><E112/><V83/><F135/><W119/><G134/><T40/><D115/><U0/><E106/><V132/><F132/><W37/><G119/><T103/><D125/><U19/><E79/><V21/><F128/><W5/><G129/><T120/><D70/><U13/><E38/><V69/><F4/><W117/><G117/><T101/><D1/><U11/><E61/><V18/><F66/><W42/><G5/><T123/><D17/><U57/><E57/><V133/><F69/><W87/><G25/><N who="0" m="18895" /><D103/><U36/><E36/><AGARI ba="0,0" hai="36,40,47,72,78,81,100,101,120,122,123" m="18895" machi="36" ten="30,1000,0" yaku="13,1" doraHai="121" who="0" fromWho="1" sc="328,10,252,-10,210,0,210,0" /><INIT seed="2,0,0,2,0,100" ten="338,242,210,210" oya="2" hai0="25,74,124,7,24,9,94,44,64,35,6,4,30" hai1="107,97,101,28,16,105,77,123,56,130,102,52,73" hai2="108,83,5,113,18,0,135,1,89,20,133,10,72" hai3="129,90,80,2,27,60,11,17,22,15,84,58,117"/><V51/><F72/><W12/><G117/><T75/><D124/><U33/><E130/><V118/><F83/><W34/><G129/><T43/><D25/><U71/><E123/><V110/><F89/><W99/><G34/><T32/><D32/><U66/><E73/><V116/><F1/><W48/><G48/><T19/><D64/><U23/><E77/><V112/><F51/><W49/><G49/><T86/><D86/><U114/><E114/><N who="2" m="44139" /><F116/><W82/><G82/><T45/><D45/><U3/><E3/><V14/><F118/><W67/><G2/><T131/><D131/><U55/><E56/><V39/><F39/><W36/><G36/><T91/><D91/><U50/><E50/><V119/><F119/><W120/><G120/><T31/><D31/><U59/><E59/><V54/><F54/><W128/><G128/><T37/><D94/><U46/><E46/><V106/><F106/><W29/><G15/><T41/><D41/><U127/><E127/><V79/><F79/><W40/><G40/><T134/><D134/><AGARI ba="0,0" hai="0,5,10,14,18,20,108,110,133,134,135" m="44139" machi="134" ten="40,7700,0" yaku="20,1,34,2" doraHai="100" who="2" fromWho="0" sc="338,-77,242,0,210,77,210,0" /><INIT seed="2,1,0,4,1,73" ten="261,242,287,210" oya="2" hai0="50,65,23,6,114,84,37,1,103,110,54,125,106" hai1="87,7,123,96,122,8,77,107,48,56,68,80,129" hai2="104,55,9,28,124,44,15,130,3,83,76,99,34" hai3="81,53,58,4,108,79,39,67,57,105,25,46,113"/><V19/><F130/><W27/><G105/><T89/><D37/><U74/><E68/><V49/><F124/><W69/><G113/><T128/><D125/><U88/><E129/><V97/><F104/><W101/><G101/><T17/><D128/><U118/><E118/><V30/><F3/><W60/><G108/><T45/><D110/><U16/><E56/><V126/><F126/><W42/><G4/><T11/><D114/><U135/><E48/><V62/><F62/><W31/><G31/><T59/><D106/><U2/><E135/><V29/><REACH who="2" step="1"/><F34/><REACH who="2" ten="261,242,277,210" step="2"/><W51/><REACH who="3" step="1"/><G58/><REACH who="3" ten="261,242,277,200" step="2"/><T63/><D59/><U109/><E109/><V78/><F78/><W0/><G0/><T24/><D1/><U116/><E116/><V121/><F121/><W131/><G131/><T93/><D63/><U82/><E122/><V100/><F100/><W21/><G21/><T111/><D103/><U35/><E123/><V12/><F12/><W127/><G127/><T70/><D111/><U66/><E35/><V10/><F10/><W40/><G40/><T119/><D119/><U94/><E107/><V47/><F47/><W134/><G134/><T133/><D133/><U92/><E2/><V18/><F18/><W112/><G112/><T86/><D70/><U117/><E117/><V52/><F52/><W98/><G98/><N who="0" m="57647" /><D65/><U36/><E66/><V120/><F120/><W102/><G102/><T132/><D132/><U64/><E64/><V26/><F26/><W5/><G5/><T43/><D54/><U14/><E96/><V32/><F32/><W61/><G61/><T41/><D41/><RYUUKYOKU ba="1,2" sc="261,10,242,-30,277,10,200,10" hai0="6,11,17,23,24,43,45,50,84,86" hai2="9,15,19,28,29,30,44,49,55,76,83,97,99" hai3="25,27,39,42,46,51,53,57,60,67,69,79,81" /><INIT seed="2,2,2,1,0,3" ten="271,212,287,210" oya="2" hai0="115,7,6,41,55,67,29,128,108,12,26,122,18" hai1="61,43,83,104,9,63,68,85,72,105,135,88,103" hai2="98,74,66,5,4,53,95,28,117,121,54,84,73" hai3="96,59,112,71,21,13,94,93,87,131,79,47,39"/><V20/><F121/><W75/><G71/><T45/><D122/><U92/><E135/><V1/><F1/><W34/><G34/><T106/><D115/><U48/><E68/><V2/><F2/><W123/><G123/><T81/><D108/><U56/><E9/><V130/><F117/><W35/><G35/><T51/><D128/><U129/><E129/><V86/><F66/><W14/><G131/><T38/><D106/><U27/><E27/><N who="2" m="16487" /><F74/><W22/><G112/><T52/><D67/><U133/><E133/><V119/><F73/><W32/><G32/><T37/><D37/><U102/><E63/><V111/><F111/><W132/><G132/><T124/><D124/><U99/><E72/><V44/><F119/><W109/><G109/><T17/><D17/><U126/><E126/><V33/><F33/><W116/><G75/><T127/><D127/><U11/><E11/><V30/><F30/><W107/><G107/><T120/><D120/><U100/><E104/><V8/><F8/><W91/><G116/><T77/><D29/><U57/><E105/><V101/><F130/><W134/><G134/><T19/><D26/><U0/><E0/><V46/><F46/><W64/><G39/><T70/><D70/><U25/><E25/><V10/><F10/><W49/><G64/><T24/><D24/><U89/><E61/><V65/><F65/><W40/><G59/><T50/><D38/><U113/><E113/><V62/><F62/><W15/><G79/><T80/><D12/><U114/><E114/><V118/><F118/><W16/><G22/><T31/><D77/><RYUUKYOKU ba="2,2" sc="271,-15,212,15,287,-15,210,15" hai1="43,48,56,57,83,85,88,89,92,99,100,102,103" hai3="13,14,15,16,21,40,47,49,87,91,93,94,96" /><INIT seed="3,3,2,5,1,105" ten="256,227,272,225" oya="3" hai0="94,126,77,57,85,116,64,1,107,10,4,71,34" hai1="103,52,26,91,45,123,104,95,81,66,59,119,96" hai2="125,51,7,9,29,11,35,106,42,70,65,31,14" hai3="41,17,102,15,92,129,24,47,2,127,109,19,133"/><W60/><G2/><T114/><D107/><U69/><E119/><V78/><F106/><W27/><G127/><T3/><D116/><U23/><E123/><V131/><F35/><W74/><G129/><T79/><D71/><U0/><E0/><V58/><F70/><W75/><G133/><T135/><D34/><U68/><E45/><N who="2" m="26039" /><F131/><W82/><G109/><T110/><D110/><U83/><E66/><V36/><F36/><W122/><G122/><T98/><D135/><U101/><E68/><V99/><F99/><W90/><G102/><N who="1" m="38922" /><E69/><V84/><F11/><W115/><G115/><T46/><D114/><U13/><E13/><V6/><F6/><W50/><G60/><T80/><D126/><U86/><E86/><V132/><F125/><W76/><G75/><T37/><D79/><U88/><E91/><V33/><F33/><W28/><G15/><T20/><D1/><U32/><E32/><V124/><F124/><W128/><G128/><T44/><D37/><U18/><E104/><V87/><F87/><W72/><G72/><T8/><D8/><U130/><E130/><V97/><F97/><W93/><G93/><T48/><D20/><U22/><E22/><V121/><F121/><W118/><G118/><T67/><D57/><U39/><E39/><V73/><F73/><W112/><G112/><T63/><D46/><U38/><E38/><V40/><F132/><W12/><G28/><T134/><D134/><U25/><E25/><N who="3" m="9802" /><G12/><T108/><D108/><U62/><AGARI ba="3,2" hai="18,23,26,52,59,62,81,83,88,95,96" m="38922" machi="62" ten="30,7900,0" yaku="25,1,8,1,54,2" doraHai="105" who="1" fromWho="1" sc="256,-23,227,108,272,-23,225,-42" /><INIT seed="4,0,0,1,4,103" ten="233,335,249,183" oya="0" hai0="41,100,89,118,114,96,67,36,125,95,85,28,111" hai1="104,88,55,122,106,33,70,29,53,43,116,1,128" hai2="124,73,119,99,123,11,6,66,83,69,65,44,79" hai3="90,98,34,23,127,13,112,133,7,80,84,32,38"/><T5/><D118/><U60/><E116/><V81/><F119/><W27/><G112/><T107/><D114/><U58/><E122/><V20/><F124/><W71/><G127/><T0/><D125/><U19/><E1/><V135/><F135/><W129/><G133/><T52/><D111/><U91/><E70/><V113/><F69/><W110/><G110/><T12/><D0/><U134/><E43/><V24/><F123/><W10/><G71/><T115/><D115/><U87/><E134/><V48/><F83/><W57/><G38/><T102/><D102/><U49/><E128/><V47/><F99/><W2/><G129/><T92/><D67/><U26/><E19/><V74/><F73/><W54/><G2/><T4/><D28/><U120/><E120/><V45/><F48/><W105/><G98/><T61/><D12/><U22/><E33/><V126/><F126/><W93/><G80/><T14/><D14/><U94/><E91/><V86/><F74/><W64/><G64/><T82/><D36/><U15/><E15/><N who="2" m="5623" /><F113/><W78/><G78/><T40/><D107/><U68/><E68/><V75/><F75/><W130/><G105/><T56/><D82/><U59/><AGARI ba="0,0" hai="22,26,29,49,53,55,58,59,60,87,88,94,104,106" machi="59" ten="20,8000,1" yaku="0,1,7,1,52,2,54,1" doraHai="103" who="1" fromWho="1" sc="233,-40,335,80,249,-20,183,-20" /><INIT seed="5,0,0,1,2,29" ten="193,415,229,163" oya="1" hai0="76,102,99,54,105,25,39,91,65,59,14,26,110" hai1="46,112,8,60,3,1,119,72,20,111,55,45,115" hai2="83,10,71,40,94,11,118,100,124,101,125,27,22" hai3="90,123,122,89,97,66,49,34,108,85,6,133,109"/><U62/><E111/><V23/><F71/><W96/><G6/><T114/><D110/><U18/><E119/><V126/><F118/><W79/><G49/><T95/><D114/><U131/><E72/><V9/><F40/><W69/><G69/><T58/><D39/><U41/><E131/><V135/><F94/><W42/><G42/><T87/><D65/><U82/><E82/><V32/><F83/><W35/><G85/><T132/><D132/><U121/><E121/><V28/><REACH who="2" step="1"/><F135/><REACH who="2" ten="193,415,219,163" step="2"/><W5/><G133/><T50/><D76/><U67/><E41/><V2/><F2/><W47/><G79/><T68/><D68/><U129/><E1/><V31/><F31/><W44/><REACH who="3" step="1"/><G5/><REACH who="3" ten="193,415,219,153" step="2"/><T19/><REACH who="0" step="1"/><D59/><REACH who="0" ten="183,415,219,153" step="2"/><U106/><E112/><V80/><F80/><W120/><G120/><T75/><D75/><U77/><E115/><V57/><F57/><W16/><G16/><T127/><D127/><U81/><E18/><V84/><F84/><W98/><G98/><T37/><D37/><U116/><E116/><V24/><F24/><W48/><G48/><T64/><D64/><AGARI ba="0,3" hai="34,35,44,47,64,66,89,90,96,97,108,109,122,123" machi="64" ten="25,8000,1" yaku="1,1,22,2,52,2,53,0" doraHai="29" doraHaiUra="13" who="3" fromWho="0" sc="183,-80,415,0,219,0,153,110" /><INIT seed="6,0,0,3,5,49" ten="103,415,219,263" oya="2" hai0="111,17,71,73,77,131,15,64,81,123,37,3,75" hai1="116,104,132,118,86,30,121,119,39,42,28,65,40" hai2="10,66,6,74,115,62,60,89,122,114,36,53,88" hai3="44,63,51,18,102,8,45,57,134,110,133,90,124"/><V67/><F36/><W11/><G110/><T0/><D75/><U78/><E132/><N who="3" m="50794" /><G124/><T85/><D123/><U48/><E121/><V84/><F74/><W82/><G102/><T70/><D111/><U52/><E39/><V14/><F122/><W43/><G45/><T76/><D131/><U21/><E104/><V80/><F89/><W32/><G32/><T5/><D37/><U129/><E129/><V58/><REACH who="2" step="1"/><F62/><REACH who="2" ten="103,415,209,263" step="2"/><W130/><G130/><T106/><D73/><U13/><E118/><V97/><F97/><W47/><G90/><T54/><D77/><U1/><E116/><V108/><F108/><W23/><G82/><T96/><D96/><U22/><E119/><V94/><F94/><W105/><G105/><T59/><D106/><U72/><E78/><V128/><F128/><W27/><G47/><T33/><D76/><U38/><E72/><V46/><F46/><W83/><G83/><T61/><D81/><U12/><E38/><V109/><F109/><W26/><G26/><T35/><D85/><U91/><E86/><V101/><F101/><W4/><G4/><T16/><D5/><U87/><E91/><V127/><F127/><W68/><G27/><T55/><D61/><U95/><E87/><V135/><F135/><W34/><G63/><T29/><D59/><U93/><E95/><V79/><F79/><W25/><G57/><T120/><D120/><U113/><E93/><V92/><F92/><W41/><G44/><T20/><D15/><U126/><E13/><V31/><F31/><W98/><G98/><T56/><D29/><U107/><E12/><RYUUKYOKU ba="0,1" sc="103,-10,415,-10,209,30,263,-10" hai2="6,10,14,53,58,60,66,67,80,84,88,114,115" /><INIT seed="6,1,1,2,0,101" ten="93,405,239,253" oya="2" hai0="131,58,69,85,62,119,22,34,29,57,70,80,39" hai1="32,130,79,121,98,16,117,122,40,26,5,118,82" hai2="99,30,53,87,73,56,18,89,109,19,93,71,116" hai3="13,47,125,23,92,52,46,95,24,67,17,54,100"/><V97/><F71/><W113/><G125/><T0/><D131/><U64/><E130/><V127/><F116/><W7/><G113/><T84/><D119/><U68/><E40/><V28/><F73/><W31/><G67/><T25/><D39/><U41/><E41/><V37/><F37/><W111/><G111/><T108/><D108/><U112/><E112/><V2/><F2/><W83/><G83/><T129/><D129/><U72/><E5/><V75/><F75/><W11/><G100/><T103/><D0/><U4/><E4/><V86/><F127/><W9/><G47/><T8/><D8/><U3/><E3/><V88/><F109/><W38/><G38/><T128/><D128/><U33/><E98/><V77/><F77/><W123/><G123/><N who="1" m="47114" /><E32/><V91/><F30/><W51/><G54/><T12/><D103/><U35/><E35/><V66/><F28/><W96/><G96/><N who="2" m="36937" /><F66/><W50/><G50/><T94/><D58/><U104/><E33/><V105/><F105/><W107/><G107/><T102/><D102/><U42/><E104/><V60/><F91/><W106/><G106/><T61/><D61/><N who="1" m="39951" /><E42/><V78/><F78/><W124/><G124/><T15/><D34/><U43/><E43/><V90/><F90/><W49/><G49/><T132/><D70/><U126/><E126/><V133/><F133/><W65/><G65/><N who="0" m="39119" /><D69/><U1/><E1/><AGARI ba="1,1" hai="1,7,9,11,13,17,23,24,31,46,51,52,92,95" machi="1" ten="30,2000,0" yaku="7,1,54,1" doraHai="101" who="3" fromWho="1" sc="93,0,405,-23,239,0,253,33" /><INIT seed="7,0,0,5,2,110" ten="93,382,239,286" oya="3" hai0="106,122,27,93,47,21,73,127,75,62,79,32,74" hai1="42,24,80,76,52,69,29,105,64,23,16,18,129" hai2="8,58,9,112,61,84,108,49,55,14,99,50,17" hai3="78,37,101,25,13,82,103,130,44,11,66,2,132"/><W38/><G130/><T59/><D106/><U20/><E105/><V28/><F112/><W45/><G132/><T56/><D122/><U71/><E129/><V68/><F108/><W89/><G66/><T124/><D32/><U134/><E134/><V46/><F68/><W120/><G120/><T30/><D59/><U63/><E42/><V115/><F115/><W36/><G2/><T83/><D124/><U123/><E123/><V34/><F34/><W70/><G70/><T95/><D127/><U15/><E71/><V96/><F28/><W22/><G89/><T109/><D109/><U116/><E116/><V35/><F35/><W100/><G22/><T67/><D47/><U104/><E104/><V12/><F84/><W128/><G25/><T0/><D0/><U88/><E88/><V91/><F91/><W10/><G128/><T43/><D43/><U118/><E118/><V4/><F50/><W92/><G92/><T57/><D57/><U135/><E135/><V72/><F72/><W1/><G1/><T86/><D93/><U51/><E15/><V39/><F39/><W5/><REACH who="3" step="1"/><G10/><REACH who="3" ten="93,382,239,276" step="2"/><T131/><D131/><U77/><E23/><V87/><F9/><W81/><G81/><T126/><D126/><U102/><E102/><V60/><F8/><W94/><G94/><T125/><D125/><U114/><E114/><V111/><F111/><W40/><G40/><T54/><D67/><U19/><E80/><V90/><F90/><W113/><G113/><T119/><D95/><U6/><E69/><V48/><F96/><W41/><G41/><T107/><D119/><RYUUKYOKU ba="0,1" sc="93,15,382,-15,239,-15,276,15" hai0="21,27,30,54,56,62,73,74,75,79,83,86,107" hai3="5,11,13,36,37,38,44,45,78,82,100,101,103" /><INIT seed="7,1,1,3,0,30" ten="108,367,224,291" oya="3" hai0="69,19,50,75,55,43,18,39,105,90,35,96,100" hai1="72,120,57,36,78,103,16,40,104,17,127,37,92" hai2="111,28,64,113,117,59,56,81,71,63,5,24,60" hai3="109,87,76,116,15,91,93,32,45,47,131,4,129"/><W119/><G109/><T110/><D110/><U6/><E120/><V133/><F111/><W79/><G4/><T130/><D130/><N who="3" m="49673" /><G15/><T21/><D69/><U84/><E104/><V34/><F117/><N who="3" m="45131" /><G32/><T125/><D125/><U62/><E127/><V1/><F133/><W29/><G29/><T128/><D128/><U86/><E72/><V38/><F113/><W74/><G74/><T107/><D107/><U73/><E73/><V31/><F31/><W52/><G45/><T58/><D75/><U44/><E36/><V61/><F38/><W94/><G94/><T70/><D70/><U33/><E6/><V118/><F81/><W106/><G106/><T48/><D39/><U49/><E37/><V83/><F83/><W108/><G108/><T134/><D134/><U7/><E33/><V85/><F118/><W68/><G68/><T26/><D35/><U13/><E7/><V123/><F5/><W53/><G47/><T51/><D19/><U23/><E17/><V112/><F34/><W12/><G12/><T122/><D122/><U54/><E78/><AGARI ba="1,1" hai="52,53,76,78,79,87,91,93" m="45131,49673" machi="78" ten="30,2900,0" yaku="19,1,54,1" doraHai="30" who="3" fromWho="1" sc="108,0,367,-32,224,0,291,42" /><INIT seed="7,2,0,3,2,13" ten="108,335,224,333" oya="3" hai0="110,23,44,4,107,8,67,84,12,61,32,91,79" hai1="34,59,56,135,95,41,46,116,7,11,72,54,87" hai2="24,103,25,80,130,82,105,83,2,27,33,133,38" hai3="6,69,21,99,88,134,81,75,124,63,48,19,132"/><W121/><G121/><T125/><D107/><U97/><E135/><N who="3" m="51754" /><G124/><T66/><D32/><U120/><E72/><V114/><F38/><W92/><G6/><T94/><D125/><U71/><E120/><V29/><F2/><W111/><G111/><T43/><D110/><U131/><E71/><V106/><F133/><W40/><G40/><T122/><D122/><U60/><E131/><V42/><F42/><W85/><G75/><T5/><D5/><U98/><E116/><V26/><F130/><W15/><G48/><T1/><D79/><U77/><E34/><V28/><F33/><W39/><G39/><T20/><D1/><U49/><E59/><V113/><N who="2" m="6144" /><DORA hai="64" /><V45/><F45/><W55/><G55/><T14/><D14/><N who="1" m="5503" /><E95/><V57/><F57/><W74/><G74/><T58/><REACH who="0" step="1"/><D67/><REACH who="0" ten="98,335,224,333" step="2"/><U126/><E126/><V115/><REACH who="2" step="1"/><F103/><REACH who="2" ten="98,335,214,333" step="2"/><N who="3" m="60903" /><G63/><T0/><D0/><U53/><E41/><V30/><AGARI ba="2,2" hai="28,29,30,80,82,83,105,106,113,114,115" m="6144" machi="30" ten="60,32000,5" yakuman="40" doraHai="13,64" doraHaiUra="109,104" who="2" fromWho="2" sc="98,-82,335,-82,214,346,333,-162" owari="16,-48.0,253,5.0,560,66.0,171,-23.0" /></mjloggm>