<mjloggm ver="2.3"><GO type="169" lobby="0"/><UN n0="%E3%82%AB%E3%83%A9%E3%82%B9%E3%81%AE%E5%AD%90" n1="%E7%84%A1%E6%9C%88%E6%95%A3%E6%B0%B4" n2="%E7%9B%AE%E7%8E%89%E9%87%8E%E9%83%8E" n3="%63%68%69%61%6B%69%37" dan="16,17,16,16" rate="2092.13,2218.55,2080.74,2130.61" sx="M,F,M,M"/><TAIKYOKU oya="0"/><INIT seed="0,0,0,5,2,22" ten="250,250,250,250" oya="0" hai0="71,49,111,93,86,29,78,42,18,119,92,91,98" hai1="70,124,33,101,53,106,107,116,122,118,130,109,24" hai2="39,95,110,59,27,81,40,9,77,120,48,51,123" hai3="99,96,85,56,34,8,112,45,32,97,54,31,126"/><T103/><D119/><U12/><E122/><V2/><F110/><W23/><G112/><T88/><D111/><U105/><E101/><V3/><F95/><W108/><G108/><T132/><D71/><U1/><E109/><V102/><F102/><W90/><G126/><T69/><D69/><U135/><E124/><V36/><F59/><W43/><G8/><T113/><D113/><U52/><E1/><V30/><F3/><W127/><G127/><T115/><D115/><U46/><E70/><V20/><F51/><W41/><G23/><T133/><D78/><U17/><E130/><V64/><F48/><W55/><G55/><T131/><D131/><U79/><E79/><V100/><F100/><W67/><G67/><T73/><D73/><U75/><E75/><N who="2" m="43199" /><F39/><W47/><G34/><T117/><D117/><U4/><E53/><V11/><F11/><W21/><G32/><T84/><D29/><U26/><E33/><V25/><F25/><N who="3" m="16815" /><G43/><T89/><D18/><U44/><E52/><V61/><F61/><N who="3" m="35991" /><G41/><T57/><D57/><U65/><E116/><V62/><F62/><W134/><G134/><N who="0" m="51819" /><D49/><U74/><E135/><V94/><F64/><W10/><G10/><T14/><D42/><U66/><E118/><V125/><F125/><W58/><G58/><T87/><D14/><U68/><E68/><V15/><F40/><W28/><G28/><T50/><D50/><U16/><E12/><V114/><F114/><W76/><G76/><T7/><D7/><U72/><E107/><AGARI ba="0,0" hai="84,86,87,88,89,91,92,93,98,103,107" m="51819" machi="107" ten="40,12000,1" yaku="20,1,34,2,54,1" doraHai="22" who="0" fromWho="1" sc="250,120,250,-120,250,0,250,0" /><INIT seed="0,1,0,0,2,87" ten="370,130,250,250" oya="0" hai0="16,93,21,54,113,20,11,120,104,86,81,31,60" hai1="109,39,68,8,70,22,108,130,107,47,27,55,105" hai2="83,131,33,52,95,85,73,0,132,36,77,123,119" hai3="97,118,26,61,100,106,115,40,56,114,66,128,125"/><T79/><D120/><U4/><E130/><V76/><F36/><W10/><G128/><T88/><D104/><U32/><E32/><V71/><F0/><W98/><G118/><T111/><D113/><U17/><E105/><V41/><F33/><W112/><G125/><T90/><D111/><N who="1" m="42571" /><E107/><V69/><F41/><W15/><G40/><T51/><D60/><U12/><E39/><V18/><F119/><W82/><G97/><N who="0" m="57511" /><D79/><U25/><E25/><V5/><F132/><W91/><G26/><N who="0" m="14599" /><D11/><U37/><E37/><V80/><F123/><W84/><REACH who="3" step="1"/><G115/><REACH who="3" ten="370,130,250,240" step="2"/><T96/><D96/><U121/><E121/><V94/><F131/><W49/><G49/><AGARI ba="1,1" hai="4,8,12,17,22,27,47,49,55,68,70" m="42571" machi="49" ten="30,1000,0" yaku="14,1" doraHai="87" who="1" fromWho="3" sc="370,0,130,23,250,0,240,-13" /><INIT seed="1,0,0,0,1,111" ten="370,153,250,227" oya="1" hai0="133,110,22,69,29,88,4,33,130,25,15,16,89" hai1="58,96,19,101,28,116,83,61,32,14,1,122,77" hai2="82,93,98,126,31,134,87,129,68,52,3,108,78" hai3="11,46,97,80,45,21,114,76,49,90,35,86,9"/><U135/><E122/><V23/><F3/><W38/><G35/><T66/><D110/><U113/><E1/><V8/><F68/><W123/><G123/><T62/><D130/><U109/><E116/><V73/><F129/><W18/><G38/><T112/><D112/><U42/><E109/><V44/><F108/><W132/><G132/><T67/><D133/><U107/><E135/><V65/><F65/><W40/><G114/><T50/><D67/><U39/><E113/><V119/><F119/><W51/><G97/><T64/><D64/><U75/><E42/><V84/><F126/><W70/><G70/><T34/><D34/><U53/><E39/><V37/><F8/><W131/><G76/><T85/><D50/><U115/><E115/><V79/><F79/><W30/><G30/><T17/><D4/><U81/><E81/><V12/><F37/><W59/><G59/><T92/><D89/><U120/><E120/><V128/><F128/><W121/><G121/><T0/><D17/><U24/><E14/><V43/><F43/><W118/><G118/><T99/><REACH who="0" step="1"/><D0/><REACH who="0" ten="360,153,250,227" step="2"/><U72/><REACH who="1" step="1"/><E19/><REACH who="1" ten="360,143,250,227" step="2"/><N who="2" m="10727" /><F134/><W124/><G131/><T6/><D6/><U74/><AGARI ba="0,2" hai="24,28,32,53,58,61,72,74,75,77,83,96,101,107" machi="74" ten="20,3900,0" yaku="1,1,0,1,7,1,53,0" doraHai="111" doraHaiUra="91" who="1" fromWho="1" sc="360,-13,143,59,250,-13,227,-13" /><INIT seed="1,1,0,4,1,56" ten="347,202,237,214" oya="1" hai0="115,111,103,24,47,88,71,15,120,133,116,50,97" hai1="122,110,9,123,121,90,42,55,63,16,31,118,59" hai2="73,39,0,99,40,69,125,77,57,6,25,64,60" hai3="104,27,29,35,132,130,61,13,62,91,80,22,102"/><U79/><E118/><V66/><F125/><W76/><G130/><T8/><D116/><U7/><E79/><V100/><F25/><W70/><G70/><T54/><D115/><U12/><E31/><V101/><F64/><W85/><G132/><T98/><D111/><U45/><E90/><V75/><F57/><W37/><G37/><T10/><D133/><U106/><E106/><N who="2" m="63775" /><F101/><W112/><G112/><T58/><D71/><U109/><REACH who="1" step="1"/><E7/><REACH who="1" ten="347,192,237,214" step="2"/><V21/><F77/><W41/><G76/><T87/><D120/><U65/><E65/><V127/><F6/><W95/><G104/><T44/><D88/><U94/><E94/><V28/><F28/><W72/><G72/><T89/><D89/><U30/><E30/><V107/><F107/><W124/><G124/><T113/><D113/><U49/><AGARI ba="1,1" hai="9,12,16,42,45,49,55,59,63,109,110,121,122,123" machi="49" ten="40,12000,1" yaku="1,1,0,1,52,1,54,1,53,1" doraHai="56" doraHaiUra="46" who="1" fromWho="1" sc="347,-41,192,133,237,-41,214,-41" /><INIT seed="1,2,0,3,4,128" ten="306,325,196,173" oya="1" hai0="45,90,31,18,43,24,36,95,17,107,41,37,51" hai1="0,102,86,80,56,30,62,116,48,98,123,40,71" hai2="113,89,106,57,72,111,15,65,118,13,25,26,9" hai3="117,69,74,121,115,104,75,60,93,94,91,105,8"/><U12/><E0/><V127/><F72/><W23/><G121/><T67/><D107/><U73/><E73/><V82/><F106/><W54/><G115/><T44/><D51/><U28/><E116/><V14/><F118/><W134/><G117/><T21/><REACH who="0" step="1"/><D67/><REACH who="0" ten="296,325,196,173" step="2"/><U85/><E48/><V16/><F113/><W52/><G105/><T124/><D124/><U135/><E123/><V88/><F127/><W55/><G104/><T83/><D83/><U108/><E80/><V35/><F82/><W61/><G75/><T29/><D29/><U96/><E30/><V66/><F111/><W7/><G74/><T39/><D39/><U78/><E28/><V22/><F66/><W3/><G94/><T63/><D63/><U50/><E62/><N who="2" m="38095" /><F35/><W77/><G61/><T49/><D49/><U47/><E50/><V19/><F26/><W4/><G60/><T42/><D42/><U27/><E40/><V101/><F101/><W103/><G103/><T92/><D92/><U6/><E102/><V125/><F125/><W2/><G93/><T58/><D58/><U10/><E56/><V53/><F53/><W110/><G52/><T122/><D122/><U32/><E108/><V130/><F130/><W132/><G55/><T126/><D126/><U81/><E32/><V5/><F25/><W133/><G54/><T76/><D76/><U120/><E27/><V68/><F68/><W34/><G77/><T46/><D46/><U131/><E47/><V59/><F59/><W33/><G69/><T64/><D64/><U99/><E71/><V1/><F19/><W11/><G34/><RYUUKYOKU ba="2,1" sc="296,15,325,-15,196,15,173,-15" hai0="17,18,21,24,31,36,37,41,43,44,45,90,95" hai2="1,5,9,13,14,15,16,22,88,89" /><INIT seed="2,3,1,1,0,69" ten="311,310,211,158" oya="2" hai0="65,7,12,36,52,93,44,126,31,120,40,99,87" hai1="32,124,134,81,14,90,6,70,100,133,86,41,73" hai2="132,111,38,118,77,19,37,51,98,78,115,13,72" hai3="46,62,130,127,105,53,8,101,10,84,20,83,94"/><V88/><F115/><W54/><G127/><T59/><D120/><U48/><E124/><V113/><F113/><W3/><G130/><T107/><D126/><U17/><E70/><V79/><F118/><W67/><G105/><T64/><D107/><U68/><E68/><V35/><F35/><W45/><G3/><T96/><D31/><U75/><E32/><V125/><F72/><W109/><G109/><T63/><D96/><U24/><E100/><V135/><F125/><W58/><G20/><T131/><D131/><U121/><E24/><V28/><F28/><W74/><G74/><T42/><D40/><U27/><E27/><V102/><F51/><W15/><G8/><T76/><D7/><U117/><E6/><V50/><F50/><W80/><G80/><T97/><D97/><U47/><E117/><V39/><F111/><W114/><G114/><T82/><D12/><U49/><E49/><V1/><F1/><W0/><G0/><T22/><REACH who="0" step="1"/><D22/><REACH who="0" ten="301,310,211,158" step="2"/><N who="1" m="11575" /><E121/><V5/><F5/><W9/><G15/><T85/><D85/><U66/><E86/><V103/><F103/><AGARI ba="3,2" hai="36,42,44,52,59,63,64,65,76,82,87,93,99,103" machi="103" ten="30,7700,0" yaku="1,1,7,1,52,1,54,1,53,0" doraHai="69" doraHaiUra="18" who="0" fromWho="2" sc="301,106,310,0,211,-86,158,0" /><INIT seed="3,0,0,0,3,57" ten="407,310,125,158" oya="3" hai0="98,11,48,74,117,103,43,65,18,4,51,113,122" hai1="114,42,78,79,129,83,22,62,41,100,52,105,125" hai2="73,104,134,111,89,96,120,87,8,40,68,61,31" hai3="23,106,112,27,13,15,49,124,55,115,82,9,29"/><W6/><G106/><T123/><D117/><U58/><E114/><V56/><F73/><W97/><G124/><T3/><D74/><U36/><E125/><V64/><F120/><W126/><G126/><T132/><D113/><U127/><E127/><V80/><F111/><W17/><G82/><T95/><D132/><U94/><E105/><V135/><F40/><N who="1" m="15465" /><E36/><V85/><F31/><W30/><G97/><T91/><D65/><U5/><E129/><V28/><F28/><W84/><G84/><T93/><D51/><U35/><E35/><V92/><F8/><W47/><REACH who="3" step="1"/><G30/><REACH who="3" ten="407,310,125,148" step="2"/><T50/><D123/><U24/><E83/><V119/><F119/><W99/><G99/><T45/><D122/><U46/><E78/><N who="2" m="46231" /><F87/><W70/><G70/><T76/><D98/><U10/><E79/><V102/><F104/><W25/><G25/><T0/><D76/><U59/><E24/><V44/><F68/><W71/><G71/><T19/><D93/><U53/><E94/><V14/><F135/><W88/><G88/><T37/><D95/><U60/><E100/><V2/><F89/><W12/><G12/><T77/><D77/><U90/><E90/><V72/><F14/><W7/><G7/><T26/><D4/><U130/><E5/><V32/><F134/><W39/><G39/><T101/><D91/><U66/><E130/><V81/><F96/><W34/><AGARI ba="0,1" hai="6,9,13,15,17,23,27,29,34,47,49,55,112,115" machi="34" ten="20,3900,0" yaku="1,1,0,1,7,1,53,0" doraHai="57" doraHaiUra="86" who="3" fromWho="3" sc="407,-13,310,-13,125,-13,148,49" /><INIT seed="3,1,0,4,3,50" ten="394,297,112,197" oya="3" hai0="106,122,20,125,21,69,126,56,24,86,118,10,26" hai1="60,54,65,79,47,108,88,99,87,89,57,17,84" hai2="46,31,4,8,128,40,74,94,114,6,34,75,16" hai3="111,85,67,81,49,116,13,95,91,120,1,123,41"/><W130/><G1/><T96/><D122/><U38/><E108/><V19/><F114/><W9/><G116/><T134/><D118/><U132/><E132/><V36/><F128/><W43/><G130/><T11/><D69/><U103/><E79/><V107/><F107/><W55/><G111/><T100/><D134/><U45/><E17/><V98/><F6/><W58/><G67/><T117/><D117/><U62/><E38/><V101/><F31/><W80/><G123/><T61/><D86/><N who="1" m="32811" /><E60/><V78/><F34/><W92/><G120/><T109/><D109/><U133/><E133/><V37/><F36/><W90/><G81/><T112/><D112/><U102/><E89/><V28/><F28/><W25/><G25/><N who="0" m="9835" /><D21/><U35/><E35/><V0/><F75/><W83/><G83/><AGARI ba="1,0" hai="0,4,8,16,19,37,40,46,74,78,83,94,98,101" machi="83" ten="40,5200,0" yaku="25,2,54,1" doraHai="50" who="2" fromWho="3" sc="394,0,297,0,112,55,197,-55" /><INIT seed="4,0,0,4,1,36" ten="394,297,167,142" oya="0" hai0="34,91,53,39,17,118,107,0,120,25,95,105,57" hai1="84,111,90,21,87,102,78,76,88,49,117,14,5" hai2="41,119,115,125,48,114,22,38,108,64,132,113,55" hai3="61,51,46,30,62,26,69,133,122,52,134,81,59"/><T47/><D120/><U29/><E111/><V100/><F108/><W54/><G81/><T11/><D118/><U72/><E72/><V40/><F100/><W60/><G26/><T65/><D107/><U70/><E70/><V73/><F73/><W99/><G99/><T85/><D105/><U3/><E102/><V1/><F1/><W12/><G12/><T83/><D65/><U45/><E3/><V18/><F119/><W42/><G30/><T126/><D126/><U67/><E67/><V23/><F125/><W92/><G92/><T28/><D0/><U121/><E121/><V104/><F104/><W56/><G122/><T86/><D11/><N who="1" m="4463" /><E117/><V124/><F132/><N who="3" m="50795" /><G69/><T97/><D17/><U37/><E29/><V116/><F116/><W19/><G19/><T82/><D82/><U68/><E68/><V135/><F135/><W33/><G33/><T112/><D112/><U44/><E21/><N who="2" m="7691" /><F124/><W127/><G127/><T31/><D31/><U103/><E103/><V93/><F18/><W75/><G75/><T24/><D24/><U94/><E90/><V15/><F93/><W43/><G62/><T7/><D83/><U8/><E94/><V96/><F115/><W10/><G10/><T2/><D2/><U109/><E8/><V6/><F6/><W101/><G101/><T32/><D32/><U16/><E16/><V110/><F114/><W20/><G20/><T27/><D7/><U71/><E71/><V66/><F113/><W98/><G98/><T9/><D27/><U123/><E123/><V129/><F96/><W89/><G89/><T106/><D91/><RYUUKYOKU ba="0,0" sc="394,-10,297,-10,167,-10,142,30" hai3="42,43,46,51,52,54,56,59,60,61" /><INIT seed="5,1,0,1,4,109" ten="384,287,157,172" oya="1" hai0="60,71,129,102,69,26,133,103,81,25,111,37,117" hai1="127,107,52,18,97,15,80,105,135,14,130,82,53" hai2="119,0,19,2,47,30,73,41,16,17,13,121,62" hai3="35,57,79,42,12,6,87,9,94,45,56,113,116"/><U34/><E34/><V27/><F121/><W31/><G116/><T93/><D111/><U32/><E32/><V132/><F119/><W7/><G113/><T65/><D117/><U112/><E97/><V78/><F132/><W128/><G128/><T46/><D129/><U126/><E18/><V124/><F124/><W4/><G35/><T39/><D133/><U108/><E130/><V85/><F73/><W125/><G125/><T100/><D93/><U76/><E135/><V74/><F74/><W43/><G31/><T21/><D71/><U54/><E54/><V75/><F75/><W88/><G79/><T61/><D61/><U114/><E76/><V33/><F62/><W131/><G131/><T104/><D104/><U90/><E90/><V49/><REACH who="2" step="1"/><F13/><REACH who="2" ten="384,287,147,172" step="2"/><W29/><G29/><T55/><D60/><U23/><E108/><V20/><F20/><AGARI ba="1,1" hai="14,15,20,23,52,53,80,82,105,107,112,114,126,127" machi="20" ten="25,12000,1" yaku="22,2,52,2,54,1" doraHai="109" who="1" fromWho="2" sc="384,0,287,133,147,-123,172,0" /><INIT seed="5,2,0,1,2,103" ten="384,420,24,172" oya="1" hai0="20,1,87,127,30,37,45,34,2,109,19,71,4" hai1="32,84,120,9,27,78,126,43,28,7,15,0,18" hai2="123,47,94,125,12,53,22,67,52,25,111,38,131" hai3="110,119,54,49,13,76,89,60,50,134,61,6,51"/><U14/><E120/><V104/><F123/><W117/><G110/><T105/><D109/><U73/><E73/><V23/><F111/><W121/><G121/><T57/><D71/><U98/><E126/><V40/><F125/><W11/><G134/><T135/><D135/><U48/><E98/><V107/><F131/><W112/><G112/><T58/><D127/><U97/><E97/><V108/><F108/><W85/><G76/><T86/><D105/><U66/><E66/><V92/><F67/><W69/><G69/><T21/><D4/><U62/><E62/><V95/><F12/><W59/><REACH who="3" step="1"/><G61/><REACH who="3" ten="384,420,24,162" step="2"/><T124/><D124/><U35/><E78/><V17/><REACH who="2" step="1"/><F23/><REACH who="2" ten="384,420,14,162" step="2"/><W101/><G101/><T80/><D21/><U81/><E32/><V91/><F91/><W8/><G8/><T29/><D20/><U55/><E9/><V79/><F79/><W72/><G72/><T132/><D34/><U116/><E35/><V10/><F10/><W118/><G118/><T115/><D132/><U74/><E116/><V90/><F90/><W114/><G114/><T68/><D115/><U133/><E74/><V3/><F3/><W31/><G31/><T122/><D30/><U70/><E28/><V5/><F5/><W41/><G41/><T42/><D29/><U75/><E43/><V77/><F77/><W99/><G99/><T44/><D42/><U96/><E96/><V128/><F128/><W113/><G113/><T100/><D2/><U64/><E75/><V93/><N who="2" m="23552" /><DORA hai="106" /><V88/><F88/><W16/><G16/><T36/><D19/><U26/><E18/><RYUUKYOKU ba="2,2" sc="384,-15,420,-15,14,15,162,15" hai2="17,22,25,38,40,47,52,53,104,107" hai3="6,11,13,49,50,51,54,59,60,85,89,117,119" /><INIT seed="6,3,2,4,4,115" ten="369,405,29,177" oya="2" hai0="84,37,57,125,26,55,111,19,102,101,23,12,114" hai1="44,59,24,78,65,74,71,91,3,129,5,83,86" hai2="64,135,21,70,10,53,99,6,27,118,76,28,87" hai3="48,107,30,39,13,121,113,33,81,90,58,132,69"/><V22/><F135/><W85/><G121/><T73/><D111/><U31/><E71/><V95/><F22/><W36/><G132/><T35/><D114/><U32/><E129/><V62/><F53/><W63/><G113/><T8/><D37/><U17/><E17/><V77/><F87/><W47/><G107/><T117/><D73/><U67/><E44/><V94/><F94/><W133/><G133/><T110/><D110/><U46/><E46/><V92/><F92/><W68/><G39/><T80/><D125/><U18/><E18/><V38/><F38/><W112/><G112/><T50/><D117/><U120/><E120/><V51/><F51/><W128/><G36/><T75/><D35/><U122/><E59/><V15/><REACH who="2" step="1"/><F118/><REACH who="2" ten="369,405,19,177" step="2"/><W93/><G93/><T72/><D75/><U108/><E108/><V60/><F60/><W130/><G63/><T56/><D72/><U0/><E122/><V25/><F25/><W11/><G85/><T106/><D106/><U29/><E74/><V97/><F97/><W123/><G48/><T43/><D43/><U96/><E96/><V42/><F42/><W105/><G105/><T116/><D116/><U61/><E61/><V20/><F20/><W100/><G130/><T9/><D9/><U103/><E86/><V52/><F52/><W34/><G11/><T2/><D50/><U41/><E41/><V40/><F40/><W79/><G128/><T54/><D55/><U49/><E49/><V88/><AGARI ba="3,3" hai="6,10,15,21,27,28,62,64,70,76,77,88,95,99" machi="88" ten="20,12000,1" yaku="1,1,0,1,7,1,54,1,53,1" doraHai="115" doraHaiUra="7" who="2" fromWho="2" sc="369,-43,405,-43,19,159,177,-43" /><INIT seed="6,4,0,4,0,24" ten="326,362,178,134" oya="2" hai0="72,66,1,50,122,68,116,108,47,49,132,42,60" hai1="104,126,14,57,45,107,65,94,36,100,46,38,5" hai2="62,91,134,23,80,87,109,0,75,44,21,123,12" hai3="69,101,39,70,56,54,114,86,79,18,112,37,4"/><V103/><F123/><W48/><G101/><T25/><D72/><U105/><E126/><V16/><F0/><W41/><G86/><T84/><D122/><U10/><E65/><V102/><F109/><W58/><G4/><T15/><D108/><U118/><E57/><V82/><F134/><W64/><G18/><T83/><D132/><U63/><E63/><V2/><F2/><W59/><G79/><T129/><D1/><U35/><E35/><V117/><F117/><W90/><G90/><T55/><D129/><U115/><E115/><N who="3" m="44074" /><G41/><T128/><D128/><U113/><E113/><V19/><F75/><W81/><G81/><T53/><D116/><U125/><E5/><V111/><F82/><W78/><G78/><T31/><D15/><U71/><E14/><N who="2" m="9367" /><F111/><W52/><G64/><T133/><D133/><U30/><E104/><V17/><F17/><W28/><G28/><T61/><D61/><U8/><E105/><V26/><F26/><W124/><G124/><T99/><D99/><U67/><E107/><V96/><F96/><W88/><G88/><T13/><D13/><U6/><E125/><V22/><F22/><W73/><G73/><T95/><D95/><U77/><E94/><V33/><F33/><W97/><G97/><T3/><D3/><U76/><E30/><V119/><F119/><W20/><G20/><N who="0" m="15783" /><D50/><U32/><E118/><V131/><F131/><W27/><G27/><T110/><D110/><U29/><E32/><V106/><F106/><W40/><G40/><T121/><D121/><U130/><E130/><V93/><F93/><W51/><G59/><RYUUKYOKU ba="4,0" sc="326,15,362,-15,178,-15,134,15" hai0="42,47,49,53,55,60,66,68,83,84" hai3="37,39,48,51,52,54,56,58,69,70" /><INIT seed="7,5,0,5,3,73" ten="341,347,163,149" oya="3" hai0="63,74,11,103,34,4,10,78,113,119,121,55,122" hai1="47,12,84,15,99,36,5,8,27,24,56,26,19" hai2="110,127,18,97,57,42,2,87,71,1,82,30,0" hai3="28,46,105,51,100,70,107,95,124,6,49,131,23"/><W21/><G70/><T123/><D119/><U64/><E36/><V66/><F71/><W117/><G117/><T20/><D34/><U69/><E69/><V67/><F30/><W68/><G68/><T45/><D113/><U44/><E99/><V32/><F32/><W31/><G131/><T96/><D11/><N who="1" m="6559" /><E84/><V14/><F42/><W33/><G33/><T29/><D20/><U134/><E134/><V133/><F127/><W118/><G118/><T50/><D29/><U40/><E40/><V92/><F110/><W116/><G116/><T22/><D22/><U58/><E58/><V101/><F133/><W83/><G124/><T53/><D63/><AGARI ba="5,0" hai="5,8,15,24,26,27,44,47,56,63,64" m="6559" machi="63" ten="30,1000,0" yaku="8,1" doraHai="73" who="1" fromWho="0" sc="341,-25,347,25,163,0,149,0" owari="316,12.0,372,47.0,163,-24.0,149,-35.0" /></mjloggm>