<mjloggm ver="2.3"><GO type="169" lobby="0"/><UN n0="%E3%83%99%E3%83%AB%E3%81%A0%E3%81%91%E8%A8%AD%E5%AE%9A%EF%BC%96" n1="%50%61%65%6C%6C%61" n2="%62%75%74%69%74%61%6D%61" n3="%E3%83%87%E3%82%B8%E3%82%BF%E3%83%AB%E4%BB%99%E4%BA%BA" dan="17,16,17,17" rate="2155.71,2091.04,2111.82,2168.05" sx="M,M,M,F"/><TAIKYOKU oya="0"/><INIT seed="0,0,0,5,5,13" ten="250,250,250,250" oya="0" hai0="6,105,23,77,87,17,12,33,60,108,28,120,29" hai1="34,111,26,47,110,62,3,42,126,14,135,70,133" hai2="10,128,83,31,5,85,113,119,112,82,0,32,93" hai3="55,50,99,86,68,37,57,89,95,45,41,20,11"/><T91/><D120/><U52/><E126/><V125/><F125/><W79/><G11/><T123/><D123/><U109/><E3/><V76/><F128/><W43/><G68/><T94/><D105/><U69/><E14/><V4/><F119/><W58/><G43/><T74/><D108/><U30/><E62/><V102/><F4/><W131/><G131/><T63/><D33/><U92/><E92/><V64/><F64/><W67/><G67/><T73/><D6/><U56/><E56/><V61/><F61/><W36/><G58/><T71/><D63/><U97/><E52/><V84/><F31/><W54/><G54/><T46/><D46/><U72/><E97/><V39/><F32/><W130/><G130/><T38/><D38/><N who="1" m="21975" /><E72/><V48/><F39/><W40/><G40/><T53/><D74/><U25/><E25/><V15/><F48/><W107/><G37/><T35/><D35/><U81/><E81/><V106/><F106/><W44/><G107/><T127/><D127/><U2/><E2/><V27/><F27/><W49/><G44/><T114/><D71/><AGARI ba="0,0" hai="26,30,34,69,70,71,109,110,111,133,135" m="21975" machi="71" ten="40,2600,0" yaku="14,1,23,1" doraHai="13" who="1" fromWho="0" sc="250,-26,250,26,250,0,250,0" /><INIT seed="1,0,0,2,1,129" ten="224,276,250,250" oya="1" hai0="90,109,75,42,11,18,127,38,107,63,40,126,65" hai1="94,85,56,82,9,41,14,34,17,122,98,20,88" hai2="76,121,47,80,19,108,66,21,67,62,99,23,33" hai3="28,4,6,79,7,84,55,87,86,118,36,60,26"/><U130/><E122/><V96/><F33/><W81/><G36/><T1/><D107/><U74/><E130/><V2/><F121/><W5/><G118/><T59/><D109/><U8/><E34/><V114/><F108/><W102/><G102/><T125/><D75/><U24/><E41/><V13/><F114/><W117/><G117/><T104/><D104/><U58/><E74/><V52/><F2/><W45/><N who="3" m="1024" /><DORA hai="64" /><W27/><G27/><T29/><D1/><U128/><E128/><V116/><F116/><W48/><REACH who="3" step="1"/><G60/><REACH who="3" ten="224,276,250,240" step="2"/><T113/><D38/><U106/><E106/><V73/><F62/><W78/><G78/><T49/><D113/><U54/><E24/><V15/><F76/><W51/><G51/><T89/><D49/><N who="1" m="30799" /><E58/><V37/><F37/><W119/><G119/><T22/><D90/><AGARI ba="0,1" hai="8,9,14,17,20,82,85,88,90,94,98" m="30799" machi="90" ten="30,2900,0" yaku="8,1,54,1" doraHai="129,64" who="1" fromWho="0" sc="224,-29,276,39,250,0,240,0" /><INIT seed="1,1,0,1,4,73" ten="195,315,250,240" oya="1" hai0="61,71,64,77,0,89,134,46,66,74,103,105,45" hai1="65,93,92,30,3,9,67,88,85,128,54,53,34" hai2="37,110,125,50,95,94,124,135,19,6,47,127,72" hai3="82,117,130,69,109,48,87,32,2,98,39,36,91"/><U115/><E115/><V97/><F110/><W56/><G109/><T78/><D74/><U90/><E128/><V25/><F25/><W129/><G69/><T38/><D0/><U70/><E34/><V121/><F121/><W76/><G2/><T104/><D134/><U79/><E79/><V106/><F135/><W51/><G32/><T18/><D103/><U31/><E3/><V80/><F37/><W8/><G117/><T63/><D89/><U14/><E70/><V24/><F6/><W42/><G8/><T52/><D71/><U17/><E54/><V26/><F106/><W21/><G21/><T5/><D5/><U15/><E53/><V55/><F19/><W43/><G56/><T86/><D52/><U131/><E131/><N who="3" m="50186" /><G51/><T1/><D1/><U116/><E116/><V40/><F40/><N who="3" m="15403" /><G48/><T29/><D18/><U81/><E81/><V133/><F133/><W100/><G91/><T108/><D108/><U111/><E111/><V60/><F60/><W83/><G83/><T99/><D29/><N who="1" m="10763" /><E14/><V33/><F33/><W132/><G132/><T49/><D49/><U84/><AGARI ba="1,0" hai="9,15,17,65,67,84,85,88,90,92,93" m="10763" machi="84" ten="30,3000,0" yaku="8,1,54,1" doraHai="73" who="1" fromWho="1" sc="195,-11,315,33,250,-11,240,-11" /><INIT seed="1,2,0,0,1,135" ten="184,348,239,229" oya="1" hai0="60,12,40,8,2,1,102,4,82,29,103,30,16" hai1="120,92,33,66,7,72,13,47,46,18,127,71,125" hai2="6,31,83,77,86,5,93,38,98,50,20,76,107" hai3="61,42,126,35,10,74,129,58,116,114,88,27,11"/><U111/><E120/><V121/><F38/><W118/><G74/><T128/><D40/><U70/><E72/><V75/><F121/><W95/><G114/><T94/><D128/><U68/><E66/><V122/><F122/><W44/><G129/><T51/><D51/><U134/><E134/><V79/><F107/><W113/><G113/><T91/><D82/><U104/><E104/><V106/><F106/><W80/><G80/><T23/><D2/><U99/><E33/><V14/><F75/><W131/><G131/><T32/><D60/><U65/><E65/><V34/><F34/><W87/><G27/><N who="0" m="18527" /><D29/><U22/><E7/><N who="2" m="2571" /><F50/><N who="3" m="26903" /><G35/><T90/><D90/><N who="1" m="55703" /><E111/><V49/><F49/><W119/><G10/><T45/><D45/><U115/><E115/><V19/><F31/><W85/><G11/><T41/><D41/><U132/><E132/><V28/><F28/><W57/><G85/><AGARI ba="2,0" hai="1,4,8,12,16,23,85,91,94,102,103" m="18527" machi="85" ten="30,2000,0" yaku="24,1,54,1" doraHai="135" who="0" fromWho="3" sc="184,26,348,0,239,0,229,-26" /><INIT seed="2,0,0,5,1,88" ten="210,348,239,203" oya="2" hai0="43,45,81,115,109,62,75,71,83,89,129,63,2" hai1="98,41,39,3,101,14,30,77,123,79,53,92,51" hai2="57,21,114,9,48,18,93,29,91,58,116,133,6" hai3="17,65,61,72,42,1,27,13,25,134,103,111,122"/><V50/><F114/><W68/><G72/><T24/><D115/><U28/><E123/><V10/><F116/><W46/><G122/><T11/><D109/><U36/><E3/><V126/><F29/><W132/><G1/><T15/><D129/><U19/><E39/><V82/><F133/><N who="3" m="51307" /><G103/><T125/><D125/><U31/><E41/><V66/><F82/><W87/><G87/><T86/><D71/><U124/><E36/><V38/><F38/><N who="3" m="21847" /><G111/><T84/><D2/><U49/><E124/><V76/><F76/><N who="1" m="29257" /><E53/><N who="2" m="31911" /><F126/><W5/><G5/><T73/><D73/><U110/><E110/><V119/><F6/><W105/><G105/><T108/><D75/><U4/><E4/><V26/><F119/><W128/><G128/><T112/><D112/><U80/><E80/><V70/><F70/><W131/><G131/><T54/><D108/><U117/><E117/><V67/><F67/><W22/><AGARI ba="0,0" hai="13,17,22,25,27,61,65,68" m="21847,51307" machi="22" ten="30,1100,0" yaku="20,1" doraHai="88" who="3" fromWho="3" sc="210,-3,348,-3,239,-5,203,11" /><INIT seed="3,0,0,1,0,45" ten="207,345,234,214" oya="3" hai0="28,41,4,123,8,83,109,9,119,69,22,107,15" hai1="2,133,87,40,39,35,44,115,129,86,46,134,63" hai2="97,96,92,49,59,99,52,135,74,121,26,70,56" hai3="48,31,110,90,19,24,67,13,0,85,65,118,3"/><W111/><G118/><T42/><D107/><U37/><E35/><V108/><F70/><W80/><G67/><T47/><D69/><U73/><E73/><V81/><F108/><N who="3" m="41515" /><G65/><T131/><D109/><U55/><E2/><V10/><F135/><N who="1" m="51721" /><E129/><V7/><F121/><W113/><G113/><T64/><D64/><U128/><E128/><V33/><F59/><W60/><G60/><T117/><D131/><U104/><E104/><V34/><F92/><W38/><G38/><T14/><D123/><U11/><E11/><V23/><F81/><W75/><G75/><T53/><D83/><U17/><E17/><V66/><F66/><W106/><G106/><T103/><D117/><U20/><E20/><V29/><REACH who="2" step="1"/><F74/><REACH who="2" ten="207,345,224,214" step="2"/><W112/><G112/><T71/><D71/><U54/><E115/><V50/><F50/><W101/><G48/><T82/><D119/><U32/><E39/><V51/><F51/><W1/><G101/><T61/><D103/><U79/><E37/><V57/><F57/><W126/><G126/><T89/><D82/><U84/><E63/><V62/><F62/><W30/><G24/><T72/><D72/><U105/><E105/><V124/><F124/><W94/><G80/><T58/><D61/><U36/><E36/><V100/><F100/><W127/><G127/><T98/><D58/><U68/><E68/><V130/><F130/><W93/><G94/><T88/><D47/><U125/><E44/><V95/><F95/><W91/><G91/><T132/><D89/><U27/><E125/><V43/><F43/><N who="0" m="16394" /><D132/><U116/><E116/><V25/><F25/><RYUUKYOKU ba="0,1" sc="207,-15,345,-15,224,15,214,15" hai2="7,10,23,26,29,33,34,49,52,56,96,97,99" hai3="0,1,3,13,19,30,31,85,90,93" /><INIT seed="3,1,1,1,5,82" ten="192,330,239,229" oya="3" hai0="2,108,68,41,130,17,22,72,94,109,61,55,40" hai1="111,35,1,19,50,5,88,104,33,70,123,135,95" hai2="121,57,73,86,100,96,134,31,11,64,12,107,27" hai3="59,113,29,69,48,133,16,24,87,8,15,119,38"/><W74/><G74/><T18/><D2/><U66/><E123/><V14/><F73/><W106/><G119/><T20/><D72/><U28/><E111/><N who="0" m="42569" /><D130/><U91/><E135/><V37/><F134/><W43/><G133/><T32/><D32/><U34/><E104/><V79/><F37/><W80/><G69/><T6/><D6/><U49/><E28/><V54/><F64/><W99/><G113/><T84/><D22/><U10/><E19/><V90/><F79/><W62/><G38/><T3/><D3/><U129/><E129/><V47/><F47/><W125/><G125/><T60/><D18/><U76/><E76/><V77/><F77/><W52/><G106/><T83/><D94/><U128/><E128/><V115/><F115/><W102/><G99/><T75/><D75/><U124/><E124/><V39/><F39/><W7/><G102/><T118/><D118/><U56/><E70/><V131/><F121/><W105/><G105/><T132/><D132/><U67/><E91/><V92/><F11/><W78/><G7/><T98/><D98/><U51/><REACH who="1" step="1"/><E56/><REACH who="1" ten="192,320,239,229" step="2"/><V89/><F90/><W63/><G43/><T122/><D122/><U53/><E53/><V112/><F131/><W23/><AGARI ba="1,2" hai="8,15,16,23,24,29,48,52,59,62,63,78,80,87" machi="23" ten="20,18000,2" yaku="0,1,7,1,8,1,52,1,54,2" doraHai="82" who="3" fromWho="3" sc="192,-61,320,-61,239,-61,229,203" /><INIT seed="3,2,0,3,3,117" ten="131,259,178,432" oya="3" hai0="116,4,87,21,31,133,22,41,43,25,63,18,91" hai1="120,121,46,52,101,84,2,97,106,85,42,6,108" hai2="5,27,17,78,9,109,110,3,90,33,30,105,45" hai3="51,81,50,125,92,111,34,23,134,69,79,12,99"/><W8/><G34/><T19/><D116/><U7/><E52/><V58/><F105/><W88/><G69/><T75/><D133/><U29/><E85/><V77/><F45/><W38/><G38/><T35/><D75/><U62/><E84/><V130/><F130/><W11/><G134/><T118/><D118/><U39/><E108/><N who="2" m="41579" /><F90/><W135/><G135/><T95/><D4/><U86/><E86/><V89/><F89/><W80/><G125/><T24/><REACH who="0" step="1"/><D63/><REACH who="0" ten="121,259,178,432" step="2"/><U37/><E62/><V64/><F78/><W55/><G111/><T20/><D20/><U66/><E7/><V0/><F77/><W100/><G79/><T112/><D112/><U74/><E74/><V48/><F5/><W123/><G23/><T131/><D131/><U36/><E6/><V113/><F113/><W32/><G11/><T126/><D126/><U132/><E132/><V10/><F10/><W67/><G8/><T107/><D107/><U124/><E124/><V71/><F9/><W28/><G32/><T127/><D127/><U114/><E114/><V1/><F1/><W15/><G80/><T47/><D47/><U70/><E2/><V122/><F0/><W61/><G81/><T94/><D94/><U76/><E76/><V102/><F3/><W104/><G92/><T26/><AGARI ba="2,1" hai="18,19,21,22,24,25,26,31,35,41,43,87,91,95" machi="26" ten="20,5200,0" yaku="1,1,0,1,7,1,9,1,53,0" doraHai="117" doraHaiUra="98" who="0" fromWho="0" sc="121,68,259,-15,178,-15,432,-28" /><INIT seed="4,0,0,2,2,93" ten="189,244,163,404" oya="0" hai0="86,20,67,128,99,17,4,1,52,24,77,40,78" hai1="125,96,131,5,90,27,70,132,110,134,18,75,87" hai2="91,29,3,115,2,98,33,38,15,62,44,120,88" hai3="41,104,123,84,16,122,6,64,7,63,0,56,21"/><T65/><D128/><U102/><E110/><V10/><F120/><N who="3" m="46123" /><G0/><T36/><D36/><U34/><E125/><V109/><F109/><W135/><G135/><N who="1" m="51754" /><E75/><V12/><F115/><W114/><G114/><T35/><D40/><U11/><E70/><V23/><F33/><W37/><G84/><T116/><D116/><U130/><E18/><V112/><F112/><W127/><G127/><T50/><D35/><U32/><E90/><V119/><F119/><W13/><G104/><T95/><D4/><U76/><E87/><V59/><F38/><W25/><G13/><T71/><D1/><N who="1" m="431" /><E76/><N who="0" m="29289" /><D86/><U54/><E54/><V105/><F44/><AGARI ba="0,0" hai="6,7,16,21,25,37,41,44,56,63,64" m="46123" machi="44" ten="30,2000,0" yaku="13,1,54,1" doraHai="93" who="3" fromWho="2" sc="189,0,244,0,163,-20,404,20" /><INIT seed="5,0,0,2,2,107" ten="189,244,143,424" oya="1" hai0="124,82,17,89,88,0,13,6,45,104,51,39,50" hai1="11,23,38,101,53,24,127,110,129,18,73,93,49" hai2="109,33,59,69,118,12,54,28,27,2,40,121,35" hai3="32,86,1,119,77,58,55,62,95,132,133,75,103"/><U100/><E127/><V9/><F69/><W60/><G32/><T64/><D104/><U123/><E123/><V8/><F121/><W67/><G1/><T26/><D124/><U85/><E129/><V63/><F109/><W15/><G119/><T117/><D117/><U125/><E125/><V65/><F118/><W114/><G15/><T4/><D64/><U90/><E38/><V19/><F40/><W42/><G42/><T99/><D39/><U74/><E110/><V91/><F33/><W92/><G114/><T106/><D0/><U79/><E11/><V131/><F131/><W112/><G112/><T31/><D106/><U20/><E79/><V29/><F29/><W115/><G115/><T94/><D51/><U97/><E20/><V72/><F72/><W21/><G75/><T68/><D68/><U98/><E98/><V36/><F36/><W57/><G21/><N who="0" m="15823" /><D89/><U43/><E43/><V96/><F65/><W48/><G103/><T5/><D82/><U130/><E101/><V61/><F61/><W126/><G126/><T30/><D30/><U135/><E130/><V41/><F41/><W108/><G108/><T52/><D5/><U122/><E122/><V113/><F113/><W105/><G105/><T84/><D99/><U37/><E37/><V56/><F56/><W102/><G102/><T120/><D120/><U10/><E10/><AGARI ba="0,0" hai="4,6,10,13,17,45,50,52,84,88,94" m="15823" machi="10" ten="30,3900,0" yaku="8,1,54,2" doraHai="107" who="0" fromWho="1" sc="189,39,244,-39,143,0,424,0" /><INIT seed="6,0,0,0,1,55" ten="228,205,143,424" oya="2" hai0="117,48,15,98,3,69,40,57,11,89,24,97,133" hai1="67,23,12,30,111,87,76,95,47,0,85,45,108" hai2="79,37,70,84,72,62,81,19,105,8,14,59,7" hai3="125,113,118,51,46,44,13,56,130,58,90,83,94"/><V91/><F70/><W39/><G118/><T29/><D69/><U127/><E0/><V5/><F105/><W129/><G83/><T96/><D3/><U124/><E67/><V31/><F37/><W128/><G125/><N who="1" m="48202" /><E95/><V77/><F31/><W119/><G119/><T126/><D117/><U88/><E76/><N who="2" m="29259" /><F72/><W20/><G113/><T100/><D126/><U17/><E30/><V60/><F60/><W82/><G82/><T73/><D73/><U101/><E101/><V74/><F74/><W92/><G39/><T16/><D89/><U121/><E121/><V2/><F2/><W33/><G33/><T38/><D38/><U28/><E28/><V104/><F104/><W6/><G92/><T120/><D120/><U93/><E87/><V63/><F63/><W75/><G75/><T64/><D100/><U53/><E53/><AGARI ba="0,0" hai="5,7,8,14,19,53,59,62,81,84,91" m="29259" machi="53" ten="30,2900,0" yaku="8,1,52,1" doraHai="55" who="2" fromWho="1" sc="228,0,205,-29,143,29,424,0" /><INIT seed="6,1,0,3,4,122" ten="228,176,172,424" oya="2" hai0="100,116,52,73,10,46,128,11,48,104,81,79,133" hai1="129,96,22,19,58,4,74,1,55,33,123,86,78" hai2="72,94,34,9,134,113,130,88,2,80,64,124,25" hai3="54,8,38,107,60,69,66,26,70,28,41,39,99"/><V6/><F113/><W84/><G70/><T0/><D128/><U115/><E123/><V110/><F130/><W131/><G131/><T36/><D133/><U51/><E129/><V43/><F134/><W76/><G54/><T20/><D116/><U125/><E125/><V109/><F124/><W97/><G97/><T120/><D120/><U98/><E115/><V14/><F64/><W47/><G8/><T103/><D36/><U105/><E33/><V67/><F67/><W82/><G47/><T90/><D104/><U30/><E105/><V59/><F43/><W93/><G41/><T121/><D121/><U49/><E74/><V135/><F135/><W42/><G42/><T117/><D117/><U71/><E71/><V40/><F40/><W7/><G7/><T68/><D68/><U45/><E30/><V32/><F59/><W12/><G12/><T50/><D20/><U27/><E4/><V53/><F53/><W111/><G107/><T15/><D0/><U85/><E1/><V61/><F61/><W56/><G69/><T65/><D65/><U126/><E126/><V3/><F3/><W63/><G63/><T91/><D48/><N who="1" m="18507" /><E45/><V92/><F2/><W95/><G39/><T87/><D11/><U24/><E24/><V83/><F94/><W114/><G93/><T112/><D112/><U106/><E106/><V102/><F102/><N who="0" m="38954" /><D73/><U18/><E18/><AGARI ba="1,0" hai="10,15,18,46,50,52,79,81,87,90,91" m="38954" machi="18" ten="30,2000,0" yaku="8,1,54,1" doraHai="122" who="0" fromWho="1" sc="228,23,176,-23,172,0,424,0" /><INIT seed="7,0,0,1,4,28" ten="251,153,172,424" oya="3" hai0="31,99,123,72,70,101,5,77,82,103,120,3,125" hai1="114,124,42,54,121,119,134,11,63,122,52,88,130" hai2="39,27,71,89,15,65,62,115,129,18,35,36,109" hai3="43,133,93,67,108,66,111,105,37,34,90,94,57"/><W126/><G105/><T113/><D101/><U76/><E76/><V14/><F109/><W79/><G79/><T25/><D125/><U106/><E106/><V95/><F115/><W32/><G43/><T4/><D4/><U104/><E104/><V9/><F129/><W69/><G37/><T127/><D127/><U84/><E124/><V17/><F27/><W64/><G57/><T107/><D113/><U102/><E114/><V1/><F35/><W78/><G78/><T50/><D50/><U40/><E102/><V46/><F46/><W41/><G41/><T91/><D70/><U135/><E130/><V60/><F60/><W81/><G69/><T73/><D73/><U132/><E119/><V96/><F1/><W112/><G112/><T49/><D49/><U30/><E30/><V53/><F53/><N who="1" m="20585" /><E63/><V48/><F48/><W2/><G126/><T19/><D19/><U55/><N who="1" m="20593" /><U45/><DORA hai="26" /><E11/><AGARI ba="0,0" hai="9,11,14,15,17,18,36,39,62,65,71,89,95,96" machi="11" ten="30,2000,0" yaku="7,1,9,1" doraHai="28,26" who="2" fromWho="1" sc="251,0,153,-20,172,20,424,0" owari="251,5.0,133,-37.0,192,-21.0,424,53.0" /></mjloggm>