<mjloggm ver="2.3"><GO type="169" lobby="0"/><UN n0="%50%61%65%6C%6C%61" n1="%EF%BC%88%E2%89%A7%E2%96%BD%E2%89%A6%EF%BC%89" n2="%E5%9F%BA%E7%A4%8E%E8%AB%96" n3="%EF%BC%93%EF%BD%90%E3%81%8C%E3%83%84%E3%83%A2%E3%82%8C%E3%81%AA%E3%81%84" dan="16,20,17,17" rate="2099.31,2165.13,2131.23,2231.01" sx="M,M,M,M"/><TAIKYOKU oya="0"/><INIT seed="0,0,0,5,1,39" ten="250,250,250,250" oya="0" hai0="50,106,66,43,3,121,52,124,58,104,85,132,94" hai1="117,35,77,70,28,91,88,37,48,60,102,6,82" hai2="76,27,40,63,92,53,47,18,93,61,54,97,122" hai3="45,10,51,44,110,38,103,23,42,33,62,133,83"/><T112/><D121/><U56/><E37/><V126/><F76/><W65/><G33/><T7/><D112/><U131/><E117/><V80/><F80/><W59/><G110/><T116/><D116/><U55/><E131/><V79/><F79/><W125/><G125/><T115/><D115/><U32/><E102/><V49/><F126/><W73/><G133/><T34/><D132/><U74/><E6/><V31/><F18/><W46/><G103/><T72/><D124/><U84/><E28/><V87/><F87/><W64/><G10/><T107/><D72/><U98/><E98/><V41/><F122/><W16/><G65/><T69/><D34/><U90/><REACH who="1" step="1"/><E74/><REACH who="1" ten="250,240,250,250" step="2"/><V17/><F31/><W4/><G4/><T130/><D7/><U127/><E127/><V99/><F99/><W24/><G38/><T123/><D130/><U36/><E36/><V68/><F97/><W96/><G96/><T113/><D113/><U1/><E1/><V30/><F30/><W119/><G119/><T118/><D3/><U135/><E135/><V109/><F109/><W26/><G26/><T20/><D118/><U0/><E0/><V114/><F114/><W111/><G111/><T22/><D123/><U11/><E11/><V75/><F27/><W15/><G24/><T5/><D5/><U2/><E2/><V100/><F100/><W21/><G21/><T128/><D128/><U95/><E95/><V129/><F129/><W8/><G23/><N who="0" m="8747" /><D94/><U67/><AGARI ba="0,1" hai="32,35,48,55,56,60,67,70,77,82,84,88,90,91" machi="67" ten="30,4000,0" yaku="1,1,0,1,54,1,53,0" doraHai="39" doraHaiUra="25" who="1" fromWho="1" sc="250,-20,240,50,250,-10,250,-10" /><INIT seed="1,0,0,3,2,1" ten="230,290,240,240" oya="1" hai0="102,81,127,8,49,46,87,62,42,89,76,50,30" hai1="48,105,34,113,72,57,10,58,117,40,54,128,15" hai2="70,90,19,22,78,86,9,35,116,67,112,61,59" hai3="92,93,120,91,134,39,109,27,44,29,83,131,38"/><U31/><E72/><V65/><F116/><W129/><G120/><T66/><D127/><U4/><E117/><V74/><F35/><W11/><G109/><T52/><D30/><U55/><E113/><V68/><F112/><W96/><G134/><T111/><D111/><U71/><E71/><V103/><F103/><W85/><G92/><T41/><D102/><U0/><E128/><N who="3" m="49226" /><G44/><T99/><D8/><U12/><E105/><V84/><F74/><W106/><G106/><T32/><D32/><U7/><E40/><V107/><F107/><W75/><G75/><T94/><REACH who="0" step="1"/><D50/><REACH who="0" ten="220,290,240,240" step="2"/><U77/><E34/><V73/><F9/><W28/><G11/><T119/><D119/><U53/><E31/><V26/><F22/><N who="3" m="15479" /><G29/><T43/><D43/><U45/><E7/><V118/><F118/><W36/><G38/><T130/><D130/><U97/><E4/><V23/><F23/><W56/><G36/><T16/><D16/><U17/><E17/><V123/><F19/><W115/><G39/><T100/><D100/><U5/><E10/><V80/><F123/><W108/><G108/><T13/><D13/><U124/><E12/><V63/><F26/><W132/><G115/><T47/><D47/><U24/><E15/><V95/><REACH who="2" step="1"/><F73/><REACH who="2" ten="220,290,230,240" step="2"/><W18/><G18/><T98/><D98/><U2/><E97/><V79/><F79/><N who="3" m="46335" /><G132/><T51/><D51/><U135/><E48/><V6/><F6/><W101/><G101/><T25/><D25/><U88/><E135/><V20/><F20/><W133/><G133/><T14/><D14/><U104/><E24/><V121/><F121/><RYUUKYOKU ba="0,2" sc="220,10,290,-30,230,10,240,10" hai0="41,42,46,49,52,62,66,76,81,87,89,94,99" hai2="59,61,63,65,67,68,70,78,80,84,86,90,95" hai3="56,91,93,96" /><INIT seed="2,1,2,1,2,134" ten="230,260,240,250" oya="2" hai0="7,113,104,132,48,88,56,122,85,68,98,64,25" hai1="45,94,115,129,112,61,20,73,12,29,131,30,101" hai2="10,114,70,4,39,32,24,38,18,124,102,31,90" hai3="81,97,93,3,87,6,58,103,111,34,36,46,72"/><V92/><F114/><N who="1" m="43561" /><E73/><V21/><F70/><W106/><G34/><T66/><D122/><U120/><E61/><V57/><F102/><W13/><G111/><T71/><D132/><U123/><E45/><V52/><F32/><W50/><G13/><T96/><D113/><U99/><E12/><V86/><F31/><N who="1" m="11785" /><E20/><V118/><F118/><W69/><G69/><T0/><D25/><U130/><AGARI ba="1,2" hai="94,99,101,120,123,129,130,131" m="11785,43561" machi="130" ten="40,1500,0" yaku="19,1" doraHai="134" who="1" fromWho="1" sc="230,-5,260,38,240,-8,250,-5" /><INIT seed="3,0,0,4,4,57" ten="225,298,232,245" oya="3" hai0="134,129,48,32,20,28,71,61,59,24,109,83,45" hai1="115,60,0,55,125,40,15,69,72,11,29,77,106" hai2="126,99,54,14,5,79,76,91,1,81,111,124,6" hai3="87,49,80,58,38,8,66,36,26,52,113,97,65"/><W112/><G36/><T68/><D109/><U70/><E0/><V133/><F1/><W123/><G123/><T25/><D134/><U37/><E106/><V22/><F111/><W104/><G38/><T64/><D129/><U21/><E115/><V127/><F133/><W98/><G112/><T84/><D25/><U33/><E33/><V35/><F35/><W2/><G113/><T116/><D32/><U51/><E125/><V34/><F34/><W31/><G2/><T86/><D116/><U74/><E70/><V4/><F54/><W16/><G31/><T75/><D75/><U119/><E119/><V128/><F128/><W73/><G73/><T10/><D10/><U30/><E37/><V78/><F99/><N who="3" m="37899" /><G104/><T17/><D28/><U47/><E69/><V105/><F105/><W88/><G8/><T100/><D100/><U94/><E74/><V42/><F42/><W13/><G13/><T90/><REACH who="0" step="1"/><D84/><REACH who="0" ten="215,298,232,245" step="2"/><U135/><E135/><V102/><F102/><W43/><G43/><AGARI ba="0,1" hai="17,20,24,43,45,48,59,61,64,68,71,83,86,90" machi="43" ten="30,7700,0" yaku="1,1,2,1,7,1,52,1,53,0" doraHai="57" doraHaiUra="93" who="0" fromWho="3" sc="215,87,298,0,232,0,245,-77" /><INIT seed="4,0,0,3,4,128" ten="302,298,232,168" oya="0" hai0="126,9,60,115,8,85,64,69,88,44,75,47,6" hai1="76,22,43,51,68,93,28,7,73,105,15,87,0" hai2="37,112,24,41,123,79,130,50,125,62,13,49,17" hai3="18,67,78,89,92,59,70,86,25,134,16,19,23"/><T4/><D115/><U39/><E105/><V90/><F123/><W27/><G70/><T5/><D75/><U118/><E118/><V129/><F79/><W72/><G134/><T131/><D126/><U58/><E68/><V42/><F125/><W45/><G45/><T26/><D26/><N who="1" m="16471" /><E0/><V48/><F24/><W46/><G46/><T109/><D131/><N who="2" m="50186" /><F112/><W106/><G106/><T108/><D47/><U91/><E39/><V12/><F37/><W111/><G111/><N who="0" m="42571" /><D44/><N who="1" m="26015" /><E73/><V36/><F36/><W53/><G67/><T32/><D32/><U71/><E71/><V81/><F62/><W33/><G33/><T82/><AGARI ba="0,0" hai="4,5,6,8,9,60,64,69,82,85,88" m="42571" machi="82" ten="30,3000,0" yaku="10,1,54,1" doraHai="128" who="0" fromWho="0" sc="302,30,298,-10,232,-10,168,-10" /><INIT seed="4,1,0,5,5,38" ten="332,288,222,158" oya="0" hai0="102,34,83,14,125,110,6,113,81,1,27,43,69" hai1="108,12,101,112,40,42,88,72,71,100,29,10,120" hai2="94,41,46,59,109,85,122,135,13,48,0,9,21" hai3="44,30,98,68,53,16,3,123,79,66,75,128,39"/><T73/><D113/><U121/><E71/><V36/><F122/><W51/><G123/><T107/><D125/><U22/><E72/><V50/><F109/><W64/><G128/><T23/><D69/><U84/><E108/><V77/><F135/><W93/><G30/><T92/><D107/><U89/><E112/><V17/><F0/><W33/><G33/><T134/><D134/><U58/><E121/><V55/><F36/><W131/><G131/><T4/><D110/><U15/><E120/><V25/><F77/><W31/><G31/><T78/><D81/><N who="1" m="49167" /><E89/><V126/><F126/><W62/><G3/><T8/><D43/><N who="1" m="16427" /><E58/><V57/><F57/><W82/><G39/><T86/><D34/><U7/><E15/><V45/><F45/><W97/><G66/><T54/><D1/><U67/><E67/><V115/><F115/><W114/><G114/><T104/><D104/><U129/><E129/><V96/><F85/><W28/><G68/><T11/><D14/><U60/><E60/><V87/><F87/><W49/><G62/><T52/><D73/><U106/><E106/><V26/><REACH who="2" step="1"/><F21/><REACH who="2" ten="332,288,212,158" step="2"/><W32/><G32/><T130/><D130/><U116/><E116/><V80/><F80/><W133/><G133/><T56/><D56/><U2/><E2/><V37/><F37/><W91/><G82/><T74/><D74/><U76/><E76/><V47/><F47/><W18/><G79/><T35/><D35/><U111/><E111/><V65/><F65/><W124/><G64/><T95/><D78/><U5/><E22/><V70/><F70/><W127/><G124/><RYUUKYOKU ba="1,1" sc="332,-10,288,-10,212,30,158,-10" hai2="9,13,17,25,26,41,46,48,50,55,59,94,96" /><INIT seed="5,2,1,1,5,116" ten="322,278,242,148" oya="1" hai0="94,30,13,71,114,52,27,55,66,0,129,118,79" hai1="58,51,119,46,104,97,87,107,20,6,88,7,36" hai2="44,24,8,54,86,3,70,75,38,135,45,121,113" hai3="76,72,17,123,111,127,2,106,10,102,64,77,120"/><U43/><E119/><V125/><F75/><W67/><G111/><T28/><D114/><U59/><E107/><V99/><F70/><W132/><G132/><T82/><D118/><U69/><E69/><V91/><F135/><W22/><G127/><T128/><D0/><U47/><E104/><V4/><F125/><W14/><G102/><T5/><D94/><N who="1" m="56519" /><E36/><V85/><F113/><W73/><G106/><T16/><D5/><N who="1" m="1547" /><E47/><V25/><F99/><W63/><G2/><T83/><D66/><U103/><E103/><V62/><F85/><W101/><G101/><T108/><D71/><U18/><E87/><V57/><F45/><W37/><G37/><T89/><D108/><U15/><AGARI ba="2,1" hai="15,18,20,43,46,51,58,59" m="1547,56519" machi="15" ten="30,3000,0" yaku="8,1,54,1" doraHai="116" who="1" fromWho="1" sc="322,-12,278,46,242,-12,148,-12" /><INIT seed="5,3,0,1,2,102" ten="310,324,230,136" oya="1" hai0="112,27,39,106,85,121,87,53,72,13,10,118,75" hai1="81,43,120,69,66,71,12,98,64,44,40,96,88" hai2="90,6,31,54,14,92,36,67,48,56,28,114,19" hai3="94,84,100,97,47,58,59,33,80,124,17,42,9"/><U131/><E120/><V68/><F36/><W105/><G33/><T74/><D118/><U76/><E131/><V110/><F110/><W7/><G17/><T95/><D112/><U52/><E71/><V86/><F114/><W117/><G124/><T123/><D39/><U101/><E69/><V116/><F116/><W3/><G117/><T113/><D113/><U49/><E12/><V46/><F46/><W24/><G24/><T78/><D27/><U73/><E88/><V83/><F6/><W22/><G22/><T51/><D106/><U21/><E96/><V111/><F111/><W35/><G35/><T34/><D34/><U107/><REACH who="1" step="1"/><E21/><REACH who="1" ten="310,314,230,136" step="2"/><V128/><F128/><W16/><G97/><T0/><D121/><U25/><E25/><V65/><F83/><W126/><G80/><T93/><D123/><U11/><E11/><V130/><F130/><W122/><G9/><T18/><D78/><U77/><E77/><V70/><F70/><W8/><G8/><T82/><D0/><U30/><E30/><N who="2" m="11307" /><F68/><W15/><G3/><T63/><D13/><U1/><E1/><V29/><F29/><W125/><G15/><T2/><D10/><AGARI ba="3,1" hai="10,14,19,48,54,56,65,67,86,90,92" m="11307" machi="10" ten="30,1000,0" yaku="8,1" doraHai="102" who="2" fromWho="0" sc="310,-19,314,0,230,29,136,0" /><INIT seed="6,0,0,3,1,97" ten="291,314,259,136" oya="2" hai0="48,120,63,84,75,36,14,23,9,92,45,7,29" hai1="126,54,49,130,78,47,104,26,107,19,59,69,11" hai2="37,85,39,28,106,83,13,2,21,57,118,38,125" hai3="68,1,44,62,93,108,109,134,70,96,17,80,110"/><V74/><F118/><W20/><G1/><T35/><D120/><U81/><E69/><V12/><F2/><W5/><G5/><T46/><D75/><U52/><E130/><V65/><F74/><W124/><G124/><T127/><D127/><U33/><E126/><V51/><F125/><W31/><G134/><T100/><D35/><U114/><E114/><V117/><F106/><W122/><G122/><T4/><D36/><U112/><E112/><V34/><F34/><W64/><G44/><T3/><D3/><U22/><E11/><V101/><F117/><W135/><G135/><T24/><D4/><U111/><E111/><V87/><F87/><W10/><G80/><T132/><D132/><U27/><E33/><V41/><F28/><W25/><G10/><T131/><D131/><U82/><E82/><V0/><F37/><W66/><G17/><T103/><D63/><U89/><E89/><V58/><F38/><W42/><G42/><N who="0" m="24631" /><D46/><U6/><E6/><V79/><F0/><W91/><REACH who="3" step="1"/><G64/><REACH who="3" ten="291,314,259,126" step="2"/><T61/><D7/><U115/><E115/><V15/><F65/><W123/><G123/><T73/><D9/><U119/><E119/><V72/><F39/><W53/><G53/><T99/><D29/><U90/><E54/><V77/><F41/><W129/><G129/><T67/><D67/><U102/><E52/><V40/><F40/><W30/><G30/><T32/><D32/><U133/><E133/><V60/><F72/><W98/><G98/><T128/><D73/><U116/><E116/><V121/><F121/><W88/><G88/><T105/><D128/><RYUUKYOKU ba="0,1" sc="291,-10,314,-10,259,-10,126,30" hai3="20,25,31,62,66,68,70,91,93,96,108,109,110" /><INIT seed="7,1,1,1,1,51" ten="281,304,249,156" oya="3" hai0="88,34,4,39,126,74,108,123,90,32,38,11,135" hai1="76,97,127,132,133,124,17,6,87,52,0,63,98" hai2="62,81,94,57,13,23,44,119,8,54,72,71,121" hai3="134,131,50,46,77,115,20,55,15,56,122,29,84"/><W40/><G122/><T101/><D123/><U61/><E17/><V111/><F119/><W42/><G115/><T95/><D108/><U128/><E128/><V91/><F111/><W49/><G131/><T105/><D74/><U85/><E0/><V70/><F121/><W82/><G134/><N who="1" m="51818" /><E6/><V27/><F44/><W35/><G35/><T120/><D120/><U58/><E63/><V103/><F103/><W28/><REACH who="3" step="1"/><G40/><REACH who="3" ten="281,304,249,146" step="2"/><T107/><D34/><U93/><E127/><V102/><F72/><W67/><G67/><T26/><D32/><U1/><E124/><V25/><F71/><W36/><G36/><T130/><D39/><U113/><E113/><V109/><F70/><W18/><AGARI ba="1,2" hai="15,18,20,28,29,42,46,49,50,55,56,77,82,84" machi="18" ten="30,11700,0" yaku="1,1,0,1,8,1,52,1,53,0" doraHai="51" doraHaiUra="116" who="3" fromWho="3" sc="281,-40,304,-40,249,-40,146,140" /><INIT seed="7,2,0,2,2,36" ten="241,264,209,286" oya="3" hai0="123,120,79,53,35,59,130,91,15,89,82,121,107" hai1="97,122,0,131,63,86,69,19,8,4,117,17,26" hai2="3,74,94,93,31,67,13,25,110,78,92,58,113" hai3="114,104,61,81,111,5,102,18,37,132,135,20,6"/><W55/><G37/><T16/><D35/><U98/><E122/><V88/><F3/><W24/><G114/><T41/><D107/><U33/><E117/><V60/><F110/><W95/><G104/><T22/><D130/><U62/><E131/><V103/><F113/><W9/><G111/><T54/><D41/><U64/><E63/><V75/><F13/><W115/><G115/><T85/><REACH who="0" step="1"/><D53/><REACH who="0" ten="231,264,209,286" step="2"/><U12/><E33/><V28/><F103/><W80/><G55/><T126/><D126/><U76/><E64/><V45/><F74/><W134/><G135/><T71/><D71/><U124/><E69/><V112/><F112/><W14/><G134/><T65/><D65/><U100/><E100/><V87/><F31/><W84/><G132/><T50/><AGARI ba="2,1" hai="15,16,22,50,54,59,79,82,85,89,91,120,121,123" machi="50" ten="30,4000,0" yaku="1,1,0,1,54,1,53,0" doraHai="36" doraHaiUra="30" who="0" fromWho="0" sc="231,56,264,-12,209,-12,286,-22" /><INIT seed="8,0,0,4,5,128" ten="287,252,197,264" oya="0" hai0="61,129,27,115,33,7,72,111,95,46,12,122,13" hai1="29,113,17,6,21,100,134,124,37,32,67,51,110" hai2="39,41,49,133,56,114,87,34,103,70,98,130,91" hai3="89,135,104,62,58,55,97,75,15,123,43,63,77"/><T16/><D115/><U132/><E37/><V105/><F114/><W102/><G123/><T88/><D122/><U52/><E113/><V36/><F70/><W76/><G75/><T25/><D72/><U60/><E110/><V1/><F1/><W64/><G43/><T42/><D129/><U19/><E6/><V2/><F2/><W38/><G38/><T30/><D111/><U69/><E124/><V31/><F130/><W3/><G3/><T127/><D127/><U20/><E32/><V11/><F11/><W65/><G135/><N who="1" m="51754" /><E100/><V94/><F133/><W126/><G126/><T4/><D61/><U120/><E120/><V73/><F73/><W112/><G62/><T8/><D27/><N who="1" m="16623" /><E20/><V59/><F34/><W96/><G102/><T90/><D12/><U22/><E22/><V125/><F31/><W5/><G15/><T40/><D40/><U85/><E85/><V50/><F125/><W68/><G5/><T48/><D90/><U74/><E74/><V84/><F39/><W47/><G89/><T9/><D9/><U0/><E0/><V83/><F36/><W78/><G112/><T82/><D82/><U45/><AGARI ba="0,0" hai="17,19,45,51,52,60,67,69" m="16623,51754" machi="45" ten="30,8000,1" yaku="20,1,52,3,54,1" doraHai="128" who="1" fromWho="1" sc="287,-40,252,80,197,-20,264,-20" owari="247,5.0,332,43.0,177,-32.0,244,-16.0" /></mjloggm>