<mjloggm ver="2.3"><GO type="169" lobby="0"/><UN n0="%EF%BC%88%EF%BC%8A%EF%BC%9E%EF%BC%9C%EF%BC%89" n1="%E9%AB%98%E7%94%BA%EF%BC%A0%E3%81%AA%E3%81%AE%E3%81%AF" n2="%EF%BC%BC%28%EF%BC%BE%6F%EF%BC%BE%29%EF%BC%8F%E2%98%85" n3="%E3%80%90%E7%BD%AA%E6%AD%8C%E3%80%91" dan="18,17,19,17" rate="2185.19,2127.28,2248.87,2230.29" sx="M,F,M,F"/><TAIKYOKU oya="0"/><INIT seed="0,0,0,5,5,84" ten="250,250,250,250" oya="0" hai0="6,124,49,126,5,8,21,109,116,16,74,113,54" hai1="110,63,122,19,44,7,87,102,1,105,52,73,133" hai2="93,70,118,68,58,9,119,125,83,47,89,100,132" hai3="2,11,45,111,32,104,56,91,66,78,3,14,90"/><T123/><D74/><U81/><E73/><V57/><F132/><W36/><G104/><T23/><D123/><U75/><E75/><V50/><F9/><W24/><G78/><T72/><D72/><U62/><E122/><V92/><F125/><N who="0" m="48234" /><D116/><N who="2" m="44586" /><F83/><W64/><G111/><T39/><D39/><U15/><E110/><V12/><F12/><W112/><G112/><T76/><D76/><U28/><E28/><V4/><F4/><N who="0" m="1642" /><D109/><U103/><E133/><V0/><F0/><W43/><G3/><T96/><D96/><U98/><E1/><V117/><F117/><W85/><G2/><T77/><D77/><U120/><E120/><V69/><F100/><W99/><G99/><T86/><D113/><U106/><E7/><V131/><F93/><W38/><G38/><T134/><D134/><U129/><E103/><V115/><F115/><W65/><G85/><T31/><D86/><U27/><E105/><V59/><F131/><W17/><REACH who="3" step="1"/><G56/><REACH who="3" ten="250,250,250,240" step="2"/><N who="0" m="32847" /><D31/><AGARI ba="0,1" hai="11,14,17,24,31,32,36,43,45,64,65,66,90,91" machi="31" ten="40,5200,0" yaku="1,1,52,2,53,0" doraHai="84" doraHaiUra="80" who="3" fromWho="0" sc="250,-52,250,0,250,0,240,62" /><INIT seed="1,0,0,0,2,66" ten="198,250,250,302" oya="1" hai0="44,19,105,6,84,62,94,7,47,37,107,25,102" hai1="128,8,118,100,95,22,83,71,92,110,21,12,54" hai2="112,79,58,29,48,69,76,9,51,133,134,60,109" hai3="2,55,24,126,38,18,122,125,43,1,49,130,99"/><U115/><E118/><V40/><F29/><W53/><G122/><T90/><D62/><U89/><E115/><V81/><F112/><W32/><G38/><T65/><D65/><U111/><E128/><V85/><F109/><N who="1" m="41481" /><E100/><V114/><F114/><W108/><G108/><T124/><D124/><U56/><E83/><V131/><F131/><W35/><G43/><T101/><D105/><U67/><E92/><V57/><F9/><W52/><G49/><T11/><D107/><U77/><E77/><V33/><F33/><N who="3" m="12875" /><G99/><N who="0" m="59639" /><D102/><U74/><E74/><V127/><F127/><N who="3" m="48651" /><G130/><T63/><D37/><U23/><E67/><N who="2" m="41191" /><F79/><W88/><G88/><T91/><D91/><U106/><E106/><V72/><F72/><W16/><G24/><T13/><D63/><N who="1" m="36247" /><E89/><V10/><F76/><W46/><G46/><N who="0" m="17451" /><D25/><U123/><E95/><AGARI ba="0,0" hai="6,7,11,13,19,84,90,95" m="17451,59639" machi="95" ten="30,1000,0" yaku="8,1" doraHai="66" who="0" fromWho="1" sc="198,10,250,-10,250,0,302,0" /><INIT seed="2,0,0,4,0,1" ten="208,240,250,302" oya="2" hai0="16,51,127,117,23,6,105,78,29,82,47,79,134" hai1="65,64,46,115,80,35,99,34,76,39,67,128,84" hai2="73,19,2,124,36,75,133,83,113,42,125,31,8" hai3="12,90,101,114,116,55,119,54,72,92,68,27,129"/><V100/><F133/><W56/><G68/><T94/><D105/><U63/><E128/><V89/><F31/><W109/><G72/><T52/><D134/><U103/><E115/><V88/><F100/><W38/><G38/><T3/><D117/><U4/><E4/><N who="2" m="1047" /><F113/><W108/><G101/><T86/><D127/><N who="2" m="48714" /><F19/><W74/><G74/><N who="2" m="28169" /><F83/><W102/><G102/><T98/><D29/><U110/><E34/><V21/><F21/><W97/><G114/><T33/><D33/><U123/><E35/><V106/><F106/><W91/><G91/><N who="0" m="55647" /><D3/><U10/><E103/><V131/><F131/><W43/><G129/><T15/><D6/><U77/><E80/><V112/><F112/><W81/><G81/><T60/><D60/><U5/><E63/><V11/><F11/><W20/><G20/><T87/><D87/><U118/><E10/><V111/><F111/><W30/><G30/><T93/><D93/><U24/><E84/><V62/><F62/><W17/><G17/><T107/><D107/><U13/><E110/><V45/><AGARI ba="0,0" hai="36,42,45,88,89" m="28169,48714,1047" machi="45" ten="40,7800,0" yaku="18,1,52,1,54,1" doraHai="1" who="2" fromWho="2" sc="208,-26,240,-26,250,78,302,-26" /><INIT seed="2,1,0,3,3,30" ten="182,214,328,276" oya="2" hai0="2,132,59,103,37,35,131,19,76,38,99,36,124" hai1="101,25,20,81,129,135,41,24,109,55,16,119,88" hai2="75,61,4,53,92,68,82,89,9,13,23,123,94" hai3="67,79,117,14,69,105,63,15,83,96,78,118,64"/><V121/><F94/><W126/><G126/><T112/><D112/><U70/><E70/><V122/><F23/><W45/><G67/><T1/><D124/><U98/><E119/><V6/><F6/><W133/><G133/><T113/><D113/><U107/><E135/><V11/><F11/><W66/><G66/><T3/><D132/><U130/><E41/><V134/><F134/><W120/><G120/><T95/><D131/><N who="1" m="50187" /><E55/><V97/><F68/><W43/><G79/><T104/><D59/><U47/><E47/><V65/><F65/><W0/><G0/><T51/><D51/><U27/><E109/><V28/><F28/><W80/><G80/><T86/><D19/><U12/><E81/><V18/><F18/><W127/><G127/><T46/><D76/><U125/><E125/><V39/><F39/><W58/><G69/><T7/><D7/><U31/><E88/><V106/><F82/><W40/><G118/><T128/><D128/><U54/><E54/><V60/><F53/><W90/><G117/><T72/><D72/><U102/><E101/><V71/><F75/><W56/><G56/><T111/><D111/><U29/><AGARI ba="1,0" hai="12,16,20,24,25,27,29,31,98,102,107" m="50187" machi="29" ten="40,2700,0" yaku="19,1,54,1" doraHai="30" who="1" fromWho="1" sc="182,-8,214,30,328,-14,276,-8" /><INIT seed="3,0,0,1,4,96" ten="174,244,314,268" oya="3" hai0="34,114,63,38,37,30,1,133,66,70,128,51,85" hai1="130,64,40,88,78,89,15,71,95,75,72,81,129" hai2="26,115,36,124,16,87,134,50,121,62,91,29,118" hai3="68,98,73,43,117,80,24,9,22,21,23,57,103"/><W127/><G117/><T104/><D114/><U100/><E40/><V32/><F36/><W46/><G68/><T131/><D85/><N who="1" m="48311" /><E64/><V33/><F118/><W13/><G127/><T94/><D94/><U69/><E69/><V92/><F124/><W53/><G73/><N who="1" m="28234" /><E15/><V8/><F115/><W17/><G80/><T101/><D1/><U107/><E71/><V56/><F134/><W84/><G84/><T86/><D51/><U44/><E44/><V83/><F121/><W76/><G76/><T122/><D122/><U90/><E107/><V31/><F50/><W113/><G113/><T74/><D74/><U93/><E93/><V108/><F92/><N who="3" m="58823" /><G46/><T48/><D48/><U119/><E119/><V12/><F31/><N who="3" m="17807" /><G43/><T106/><D106/><U20/><E20/><V77/><F33/><W10/><G10/><T28/><D37/><U4/><E4/><V102/><F8/><W6/><G6/><T125/><D38/><U126/><E126/><V2/><F32/><W116/><G116/><T5/><D34/><U55/><E55/><V60/><F2/><W19/><G17/><T79/><D5/><U67/><E67/><V41/><F16/><W99/><G53/><T59/><D125/><U27/><E27/><V58/><F26/><W135/><G57/><T45/><D59/><U42/><E42/><V18/><F58/><W7/><G7/><T105/><D105/><U120/><E120/><V61/><F41/><W97/><G135/><T132/><D132/><U11/><E11/><V25/><F56/><W111/><G23/><T39/><D133/><U3/><E3/><RYUUKYOKU ba="0,0" sc="174,-10,244,30,314,-10,268,-10" hai1="88,89,90,95,100,129,130" /><INIT seed="4,1,0,2,1,37" ten="164,274,304,258" oya="0" hai0="109,76,120,22,122,0,38,56,98,11,123,112,46" hai1="125,96,133,124,134,35,65,135,61,84,66,108,94" hai2="50,114,10,47,12,4,77,111,23,29,117,48,33" hai3="41,80,121,54,21,1,5,24,104,107,85,119,25"/><T63/><D109/><U115/><E35/><V28/><F111/><W72/><G121/><T127/><D76/><U18/><E108/><V13/><F114/><W30/><G119/><T97/><D112/><U71/><E115/><V105/><F117/><W86/><G72/><T3/><D22/><U58/><E84/><V106/><F48/><W14/><G1/><T99/><D127/><N who="1" m="48715" /><E18/><V36/><F36/><W44/><G86/><T62/><D11/><U42/><E42/><V129/><F77/><W55/><G107/><T130/><D130/><U53/><E71/><V26/><F129/><W67/><G67/><N who="1" m="25610" /><E94/><V45/><F45/><W27/><G104/><T87/><D87/><U52/><E96/><V83/><F83/><W2/><G2/><T7/><D7/><U79/><E79/><V16/><REACH who="2" step="1"/><F29/><REACH who="2" ten="164,274,294,258" step="2"/><W17/><G30/><T32/><D32/><U51/><E135/><V75/><F75/><W49/><REACH who="3" step="1"/><G5/><REACH who="3" ten="164,274,294,248" step="2"/><T128/><D128/><U92/><E92/><V113/><F113/><W132/><G132/><T9/><D122/><U88/><E134/><V60/><F60/><W102/><G102/><T73/><D63/><U110/><E133/><V82/><F82/><W100/><G100/><T126/><D126/><U91/><E110/><V103/><F103/><W8/><G8/><T131/><D9/><U89/><E51/><V59/><F59/><W31/><G31/><T19/><D123/><U95/><E95/><V93/><F93/><W101/><G101/><T74/><D120/><U43/><E61/><V78/><F78/><AGARI ba="1,2" hai="14,17,21,24,25,27,41,44,49,54,55,78,80,85" machi="78" ten="40,8000,1" yaku="1,1,8,1,52,1,53,1" doraHai="37" doraHaiUra="40" who="3" fromWho="2" sc="164,0,274,0,294,-83,248,103" /><INIT seed="5,0,0,3,0,26" ten="164,274,211,351" oya="1" hai0="39,67,44,36,8,75,88,129,62,7,34,132,125" hai1="99,120,2,80,103,102,78,87,71,27,121,119,31" hai2="30,107,126,90,50,51,95,53,104,73,131,47,114" hai3="33,11,84,1,17,72,70,124,117,58,9,116,105"/><U20/><E119/><V65/><F73/><W3/><G105/><T64/><D75/><U74/><E2/><N who="3" m="522" /><G70/><T48/><D125/><U63/><E102/><V32/><F126/><W5/><G72/><T6/><D8/><U83/><E71/><V115/><F65/><W135/><G124/><T68/><D34/><U100/><E100/><V92/><F131/><W93/><G33/><T43/><D129/><U76/><REACH who="1" step="1"/><E63/><REACH who="1" ten="164,264,211,351" step="2"/><V18/><F107/><AGARI ba="0,1" hai="20,27,31,74,76,78,80,83,87,99,103,107,120,121" machi="107" ten="30,11600,0" yaku="1,1,2,1,7,1,52,1,53,0" doraHai="26" doraHaiUra="14" who="1" fromWho="2" sc="164,0,264,126,211,-116,351,0" /><INIT seed="5,1,0,1,5,126" ten="164,390,95,351" oya="1" hai0="14,102,135,19,32,127,46,74,65,111,62,125,130" hai1="105,94,114,25,1,8,47,91,106,26,39,36,15" hai2="103,43,63,75,71,52,38,5,7,100,37,44,120" hai3="53,10,16,33,77,98,0,48,90,110,45,2,85"/><U18/><E114/><V84/><F75/><W104/><G33/><T67/><D74/><U116/><E1/><V107/><F120/><W132/><G110/><T11/><D111/><U76/><E76/><V64/><F38/><W99/><G132/><T118/><D118/><U56/><E39/><V55/><F84/><W72/><G77/><T20/><D32/><U66/><E105/><V134/><F134/><W22/><G72/><T57/><D135/><U17/><E106/><V81/><F81/><W23/><G23/><T113/><D113/><U95/><E95/><V101/><F107/><W29/><G29/><T6/><D102/><U49/><E36/><V80/><F80/><W61/><G61/><T35/><D35/><U3/><E3/><V13/><F13/><W41/><G41/><T119/><D119/><U87/><E18/><V34/><REACH who="2" step="1"/><F34/><REACH who="2" ten="164,390,85,351" step="2"/><W89/><G104/><T70/><D125/><U78/><E116/><V42/><F42/><W82/><G2/><T121/><D127/><U68/><E15/><V50/><F50/><W31/><G0/><T21/><D121/><U131/><E49/><V79/><F79/><W92/><G99/><T109/><D109/><U30/><E78/><V115/><F115/><W108/><G108/><T97/><D97/><U86/><E86/><V93/><F93/><W24/><REACH who="3" step="1"/><G10/><REACH who="3" ten="164,390,85,341" step="2"/><T128/><D20/><N who="1" m="13455" /><E8/><V124/><F124/><W88/><G88/><T133/><D133/><U54/><E91/><V12/><F12/><W73/><G73/><T58/><D11/><U112/><E112/><V96/><F96/><W117/><G117/><RYUUKYOKU ba="1,2" sc="164,-15,390,-15,85,15,341,15" hai2="5,7,37,43,44,52,55,63,64,71,100,101,103" hai3="16,22,24,31,45,48,53,82,85,89,90,92,98" /><INIT seed="6,2,2,2,3,122" ten="149,375,100,356" oya="2" hai0="96,64,63,119,85,41,20,1,127,15,131,44,111" hai1="107,35,108,67,114,19,68,23,117,59,7,82,33" hai2="69,83,81,86,14,5,43,6,47,56,16,79,88" hai3="120,61,70,74,66,103,87,29,124,132,28,126,125"/><V112/><F69/><W105/><G120/><T17/><D1/><U11/><E68/><V93/><F112/><W32/><G74/><T129/><D119/><U9/><E107/><V104/><F104/><W34/><G87/><T90/><D96/><U13/><E117/><V115/><F115/><W97/><G132/><T109/><D127/><U50/><E114/><V60/><F47/><W4/><G4/><N who="2" m="1641" /><F43/><W55/><REACH who="3" step="1"/><G55/><REACH who="3" ten="149,375,100,346" step="2"/><T51/><D131/><U40/><E67/><N who="2" m="39303" /><F79/><W121/><G121/><T8/><D129/><U75/><E75/><V46/><F46/><W133/><G133/><T42/><D42/><U18/><E40/><V25/><F25/><W123/><G123/><T21/><D21/><AGARI ba="2,3" hai="14,16,21,81,83,86,88,93" m="39303,1641" machi="21" ten="30,5800,0" yaku="8,1,54,2" doraHai="122" who="2" fromWho="0" sc="149,-64,375,0,100,94,346,0" /><INIT seed="6,3,0,1,0,55" ten="85,375,194,346" oya="2" hai0="0,81,111,78,9,5,110,80,131,25,125,94,106" hai1="2,89,84,38,83,47,7,115,87,107,57,112,8" hai2="56,134,98,17,92,113,4,30,103,91,72,46,45" hai3="51,6,104,24,61,44,16,93,67,37,50,135,129"/><V99/><F72/><W20/><G104/><T58/><D106/><U18/><E107/><V41/><F113/><N who="1" m="43593" /><E18/><V121/><F121/><W13/><G135/><T11/><D131/><U108/><E108/><V27/><F4/><W35/><G129/><T21/><D125/><U28/><E28/><V127/><F134/><W82/><G37/><T122/><D122/><U79/><E57/><V77/><F77/><W33/><G51/><T114/><D114/><U52/><E52/><V1/><F17/><W42/><G93/><T53/><D11/><U133/><E133/><V119/><F1/><W39/><G39/><T69/><D69/><U10/><E10/><V117/><F56/><W126/><G126/><T128/><D128/><U54/><E54/><V73/><F127/><W96/><G96/><T26/><D26/><U70/><E70/><V34/><F73/><W90/><G13/><T59/><D59/><U48/><E48/><V49/><F46/><W15/><G15/><T118/><D118/><U124/><E124/><V71/><F71/><W75/><G6/><T29/><D94/><AGARI ba="3,0" hai="27,30,34,41,45,49,91,92,94,98,99,103,117,119" machi="94" ten="30,1500,0" yaku="7,1" doraHai="55" who="2" fromWho="0" sc="85,-24,375,0,194,24,346,0" /><INIT seed="6,4,0,5,0,62" ten="61,375,218,346" oya="2" hai0="23,95,3,85,127,76,20,116,55,0,9,11,94" hai1="14,105,25,42,123,27,88,96,1,52,111,50,135" hai2="68,64,61,98,103,70,49,120,130,19,113,28,10" hai3="82,89,97,93,60,110,8,40,81,100,18,33,108"/><V78/><F120/><W90/><G33/><T37/><D37/><U121/><E1/><V7/><F113/><W6/><G40/><T46/><D116/><U56/><E111/><V17/><F130/><W29/><G29/><T107/><D107/><U59/><E42/><V45/><F78/><W54/><G18/><T87/><D127/><U112/><E112/><V48/><F70/><W21/><G21/><T2/><D76/><U71/><E71/><V125/><F28/><W44/><G110/><T13/><D46/><U51/><E14/><V32/><F32/><W101/><G108/><T114/><D114/><U109/><E109/><V53/><F49/><W41/><G54/><T75/><D75/><U12/><E12/><V77/><F77/><W31/><G60/><T39/><D39/><U67/><E135/><V119/><F125/><W79/><G90/><T57/><D55/><N who="1" m="31871" /><E105/><V124/><F119/><W58/><G58/><T16/><D57/><N who="1" m="32919" /><E123/><V84/><F124/><W26/><G44/><T66/><D3/><U86/><E96/><V132/><F84/><W122/><G41/><T4/><D13/><U134/><E134/><V126/><F132/><W72/><G122/><T69/><D69/><U128/><E121/><V35/><F126/><W74/><G31/><T43/><D43/><U36/><E128/><V30/><F30/><W92/><G26/><T99/><D99/><U34/><E36/><V5/><F35/><W104/><G104/><T24/><D24/><U117/><E117/><V133/><F133/><W22/><G72/><T83/><D0/><U65/><E34/><RYUUKYOKU ba="4,0" sc="61,0,375,0,218,0,346,0" /><INIT seed="7,5,0,2,1,99" ten="61,375,218,346" oya="3" hai0="129,37,107,131,8,16,39,63,89,92,61,44,111" hai1="108,128,121,91,120,64,71,68,122,101,72,113,134" hai2="116,30,77,46,82,57,40,36,79,87,83,127,4" hai3="24,42,81,96,52,69,13,98,66,65,80,76,45"/><W43/><G69/><T7/><D107/><U5/><E72/><V85/><F127/><W1/><G1/><T25/><D111/><U12/><E108/><V41/><F116/><W105/><G24/><T86/><D131/><U109/><E109/><V21/><F41/><N who="3" m="15371" /><G105/><T34/><D129/><U20/><E128/><V17/><F57/><W93/><G98/><T6/><D37/><U29/><E101/><V32/><F4/><W62/><G13/><T115/><D39/><U118/><E118/><V130/><F130/><W74/><G74/><T23/><D115/><U110/><E110/><V59/><F59/><N who="3" m="35175" /><G45/><T97/><D44/><U95/><E113/><V0/><F0/><W60/><G60/><T114/><D114/><U53/><E71/><V38/><F30/><W35/><G35/><T84/><D6/><U104/><E104/><V33/><F38/><W125/><G125/><T102/><D34/><U78/><E68/><V119/><F119/><W2/><G2/><T19/><D19/><U75/><E75/><V106/><F106/><W18/><G18/><T112/><D112/><U31/><E12/><AGARI ba="5,0" hai="12,17,21,32,33,36,40,46,77,79,82,83,85,87" machi="12" ten="30,2000,0" yaku="7,1,9,1" doraHai="99" who="2" fromWho="1" sc="61,0,375,-35,218,35,346,0" owari="61,-44.0,340,14.0,253,-15.0,346,45.0" /></mjloggm>