<mjloggm ver="2.3"><GO type="169" lobby="0"/><UN n0="%74%61%6B%61%68%69%72%40" n1="%E3%83%97%E3%83%AD%E3%82%B8%E3%83%A3%E3%83%B3%E6%B0%8F" n2="%E6%B9%98%E5%8C%97%E2%91%AD%E4%B8%89%E4%BA%95%E5%AF%BF" n3="%E3%83%AD%E3%83%AA%E3%83%BC%E3%82%BF%E3%81%AA%E7%84%BC%E8%82%89" dan="17,17,17,16" rate="2132.22,2208.42,2179.39,2074.84" sx="M,M,M,M"/><TAIKYOKU oya="0"/><INIT seed="0,0,0,1,0,65" ten="250,250,250,250" oya="0" hai0="125,78,61,98,40,63,27,10,23,18,43,55,94" hai1="56,115,114,15,96,122,44,62,48,111,129,124,117" hai2="104,123,16,37,82,135,26,20,45,99,93,88,19" hai3="133,81,100,107,113,34,76,29,86,57,58,46,84"/><T35/><BYE who="2" /><D125/><U32/><E117/><V1/><F1/><W54/><G113/><N who="1" m="43018" /><E111/><V64/><F64/><W97/><G133/><T2/><D35/><U6/><E32/><V9/><F9/><W42/><G34/><T95/><D78/><U30/><E30/><V106/><F106/><W68/><G29/><T50/><D2/><U71/><E122/><V60/><F60/><N who="0" m="23114" /><D10/><N who="1" m="4567" /><E129/><V33/><F33/><W21/><G21/><T103/><D95/><U118/><E118/><V67/><F67/><W112/><G112/><T28/><D28/><U11/><E11/><V101/><F101/><W119/><G119/><T7/><D7/><U87/><E87/><V132/><F132/><W75/><G68/><UN n2="%E6%B9%98%E5%8C%97%E2%91%AD%E4%B8%89%E4%BA%95%E5%AF%BF" /><T24/><D24/><U66/><E96/><V120/><F135/><W85/><REACH who="3" step="1"/><G54/><REACH who="3" ten="250,250,250,240" step="2"/><T116/><D116/><U72/><E124/><V59/><F123/><W109/><G109/><T70/><D70/><U49/><E71/><V130/><F120/><W36/><AGARI ba="0,1" hai="36,42,46,57,58,75,76,81,84,85,86,97,100,107" machi="36" ten="30,8000,1" yaku="1,1,0,1,53,3" doraHai="65" doraHaiUra="83" who="3" fromWho="3" sc="250,-40,250,-20,250,-20,240,90" /><INIT seed="1,0,0,4,0,17" ten="210,230,230,330" oya="1" hai0="130,1,134,112,48,55,63,65,107,135,85,49,64" hai1="2,68,33,0,103,37,75,58,23,74,31,40,34" hai2="119,89,127,59,99,124,16,27,11,101,94,92,76" hai3="121,78,91,8,97,14,131,73,5,62,77,35,70"/><U52/><E68/><V42/><F119/><W129/><G121/><T28/><D112/><U10/><E103/><V114/><F114/><W50/><G35/><T118/><D118/><U38/><E33/><V106/><F76/><W29/><G29/><T54/><D1/><U19/><E34/><V6/><F42/><W18/><G50/><N who="0" m="19563" /><D85/><U4/><E31/><V115/><F115/><W108/><G108/><T22/><D107/><U104/><E0/><V66/><F66/><N who="0" m="25706" /><D130/><N who="3" m="49673" /><G73/><T96/><D96/><U53/><E104/><V46/><F46/><W102/><G91/><T57/><D22/><U111/><E111/><V24/><F59/><W82/><G82/><T51/><D28/><U116/><E116/><V25/><F6/><W126/><G62/><T128/><D128/><U39/><E40/><V95/><F89/><W21/><G70/><T79/><D79/><U61/><REACH who="1" step="1"/><E53/><REACH who="1" ten="210,220,230,330" step="2"/><V125/><REACH who="2" step="1"/><F11/><REACH who="2" ten="210,220,220,330" step="2"/><W98/><G8/><T133/><D135/><U72/><E72/><V90/><F90/><W3/><G78/><T110/><D110/><U45/><E45/><AGARI ba="0,2" hai="45,51,54,55,57,63,133,134" m="25706,19563" machi="45" ten="30,2000,0" yaku="34,2" doraHai="17" who="0" fromWho="1" sc="210,40,220,-20,220,0,330,0" /><INIT seed="2,0,0,1,4,19" ten="250,200,220,330" oya="2" hai0="6,64,78,87,55,71,23,51,5,122,98,131,59" hai1="45,104,80,121,50,13,28,25,109,73,48,114,123" hai2="103,76,77,22,10,119,44,14,130,11,34,82,86" hai3="26,101,56,70,9,132,40,129,60,88,93,17,92"/><V4/><F119/><W105/><G70/><T0/><D122/><N who="1" m="46603" /><E109/><V16/><F130/><W66/><G129/><T74/><D131/><U127/><E104/><V24/><F103/><W35/><G132/><T3/><D74/><U128/><E128/><V12/><F34/><W95/><G105/><T38/><D38/><U117/><E127/><V94/><F94/><N who="3" m="36459" /><G35/><T27/><D98/><U97/><E114/><V106/><F106/><W110/><G110/><T118/><D118/><U85/><E73/><V124/><F124/><W15/><G40/><T33/><D33/><N who="1" m="20623" /><E97/><V90/><F44/><W116/><G26/><T91/><D78/><N who="1" m="46231" /><E117/><V2/><REACH who="2" step="1"/><F2/><REACH who="2" ten="250,200,210,330" step="2"/><W126/><G126/><T8/><D3/><U68/><E45/><V112/><F112/><W18/><G116/><T108/><D0/><U54/><E68/><V42/><F42/><W115/><G115/><T75/><D71/><U100/><E100/><V31/><AGARI ba="0,1" hai="4,10,11,12,14,16,22,24,31,76,77,82,86,90" machi="31" ten="20,18000,2" yaku="1,1,0,1,7,1,8,1,52,1,54,1,53,0" doraHai="19" doraHaiUra="113" who="2" fromWho="2" sc="250,-60,200,-60,210,190,330,-60" /><INIT seed="2,1,0,2,5,27" ten="190,140,400,270" oya="2" hai0="31,2,45,62,84,69,116,18,63,10,49,0,94" hai1="54,130,38,44,126,125,134,64,59,3,101,70,115" hai2="79,42,109,103,43,41,35,96,7,93,81,122,97" hai3="16,6,60,127,83,37,66,67,50,68,33,40,107"/><V72/><F122/><W82/><G107/><T100/><D116/><U113/><E3/><V102/><F7/><W123/><G33/><T75/><D75/><U104/><E104/><V98/><F35/><W9/><G123/><T5/><D0/><U1/><E1/><V131/><F131/><W76/><G127/><N who="1" m="48650" /><E101/><V15/><F109/><W132/><G66/><T119/><D119/><U55/><E130/><V91/><REACH who="2" step="1"/><F15/><REACH who="2" ten="190,140,390,270" step="2"/><W88/><G6/><T47/><D5/><U108/><E108/><V14/><F14/><W53/><G132/><T26/><D2/><U80/><E134/><V48/><F48/><W57/><G50/><T77/><D49/><N who="1" m="28967" /><E38/><V25/><F25/><W17/><G37/><T118/><D118/><U74/><E113/><V133/><F133/><W99/><G60/><T30/><D63/><U124/><E115/><V86/><AGARI ba="1,1" hai="41,42,43,72,79,81,86,91,93,96,97,98,102,103" machi="86" ten="30,3000,0" yaku="1,1,0,1,53,0" doraHai="27" doraHaiUra="12" who="2" fromWho="2" sc="190,-11,140,-11,390,43,270,-11" /><INIT seed="2,2,0,0,3,61" ten="179,129,433,259" oya="2" hai0="4,112,54,72,16,38,79,83,26,50,80,6,37" hai1="120,65,7,66,108,8,81,121,126,70,89,96,55" hai2="56,43,77,17,46,92,29,99,15,128,68,33,48" hai3="47,93,27,0,74,58,98,130,25,32,40,118,21"/><V75/><F68/><W103/><G74/><T23/><D112/><U35/><E108/><V30/><F128/><W87/><G0/><T49/><D49/><U94/><E35/><V45/><F33/><W78/><G130/><T135/><D135/><U51/><E126/><V22/><F75/><W39/><G32/><T10/><D83/><U100/><E70/><V24/><F77/><W71/><G71/><T20/><D20/><U5/><E5/><V88/><F24/><W133/><G133/><T127/><D127/><U110/><E110/><V34/><F34/><W86/><G118/><T2/><REACH who="0" step="1"/><D4/><REACH who="0" ten="169,129,433,259" step="2"/><U53/><E81/><V52/><F46/><AGARI ba="2,1" hai="2,6,10,16,23,26,37,38,46,50,54,72,79,80" machi="46" ten="30,7700,0" yaku="1,1,2,1,7,1,54,1,53,0" doraHai="61" doraHaiUra="101" who="0" fromWho="2" sc="169,93,129,0,433,-83,259,0" /><INIT seed="3,0,0,1,5,86" ten="262,129,350,259" oya="3" hai0="17,32,62,70,69,26,18,71,64,37,67,72,31" hai1="83,47,34,77,8,29,101,85,98,112,122,121,63" hai2="3,36,129,104,130,123,52,109,12,5,107,50,54" hai3="135,23,25,96,33,131,11,57,68,116,119,61,74"/><W115/><G74/><T91/><D72/><U2/><E112/><V99/><F36/><W106/><G115/><T128/><D128/><N who="2" m="49258" /><F3/><W111/><G131/><T66/><D37/><U117/><E117/><V1/><F1/><W28/><G135/><T102/><D102/><U97/><E97/><V95/><F123/><W105/><G111/><T75/><D75/><U43/><E63/><V103/><F109/><W93/><G68/><T88/><REACH who="0" step="1"/><D62/><REACH who="0" ten="252,129,350,259" step="2"/><U45/><E101/><V16/><F107/><W110/><G106/><T126/><D126/><U82/><E121/><V35/><F104/><W21/><G105/><T133/><D133/><U4/><E122/><V20/><F50/><W40/><G110/><T100/><D100/><U27/><E43/><V39/><F39/><W53/><G40/><T87/><D87/><U124/><E124/><V113/><F113/><W51/><G119/><T24/><D24/><U80/><E98/><V48/><F48/><W81/><G116/><T9/><D9/><U60/><E60/><V49/><F49/><W108/><G11/><T42/><D42/><U78/><E85/><V30/><F99/><W0/><G108/><T41/><D41/><U7/><E8/><N who="2" m="4111" /><F103/><N who="3" m="60815" /><G51/><T73/><D73/><U46/><REACH who="1" step="1"/><E2/><REACH who="1" ten="252,119,350,259" step="2"/><V120/><F120/><W92/><G0/><T125/><D125/><U89/><E89/><AGARI ba="0,2" hai="17,18,26,31,32,64,66,67,69,70,71,88,89,91" machi="89" ten="50,8000,1" yaku="1,1,52,3,54,1,53,0" doraHai="86" doraHaiUra="134" who="0" fromWho="1" sc="252,100,119,-80,350,0,259,0" /><INIT seed="4,0,0,0,4,106" ten="352,39,350,259" oya="0" hai0="21,35,133,19,3,27,135,131,54,104,107,17,100" hai1="39,57,32,129,89,84,81,125,96,48,102,117,75" hai2="101,132,44,61,7,99,28,108,118,78,2,86,91" hai3="115,126,52,1,76,51,34,16,128,50,92,70,123"/><T14/><D131/><U88/><E39/><V10/><F108/><W24/><G70/><T9/><D100/><U74/><E32/><V73/><F132/><N who="0" m="50762" /><D54/><U111/><E48/><V90/><F118/><W12/><G1/><T53/><D53/><U85/><E57/><V47/><F28/><W103/><G115/><T59/><D59/><U110/><E117/><V116/><F116/><W23/><G123/><T45/><D45/><U8/><E8/><V83/><F61/><W67/><G128/><T64/><D64/><U95/><E129/><V18/><F18/><W36/><G36/><T25/><D3/><U60/><E60/><V41/><F41/><W130/><G130/><T93/><D93/><N who="1" m="58639" /><E125/><V134/><F134/><W98/><G126/><T120/><D120/><U112/><E112/><V20/><F20/><W124/><G124/><T97/><D97/><U11/><E11/><V68/><F68/><W94/><G67/><T30/><AGARI ba="0,0" hai="9,14,17,19,21,25,27,30,35,104,107" m="50762" machi="30" ten="30,1500,0" yaku="20,1" doraHai="106" who="0" fromWho="0" sc="352,15,39,-5,350,-5,259,-5" /><INIT seed="4,1,0,0,1,54" ten="367,34,345,254" oya="0" hai0="111,69,4,125,22,47,88,74,33,118,18,77,127" hai1="35,73,128,87,43,45,24,115,93,81,134,7,90" hai2="16,20,58,41,104,17,114,61,57,117,107,110,112" hai3="2,70,126,72,38,68,26,46,122,95,135,103,10"/><T36/><D118/><U101/><E115/><N who="2" m="44075" /><F110/><W51/><G72/><T86/><D69/><U82/><E128/><V91/><F117/><W12/><G135/><T67/><D111/><U121/><E121/><V52/><F41/><W5/><G38/><T11/><D33/><U50/><E134/><V76/><F76/><W60/><G126/><N who="0" m="48139" /><D67/><U96/><E73/><V25/><F17/><W23/><G122/><T3/><D77/><U85/><E35/><V75/><F75/><W129/><G129/><T42/><D74/><U14/><E24/><V59/><F91/><W79/><G2/><T6/><D11/><U48/><E48/><V123/><F123/><W109/><G79/><T133/><D3/><U9/><REACH who="1" step="1"/><E85/><REACH who="1" ten="367,24,345,254" step="2"/><V37/><F37/><W27/><G51/><T99/><D133/><U62/><E62/><V63/><F61/><W94/><G60/><T30/><D30/><U8/><E8/><V40/><F40/><W106/><G10/><T19/><D22/><U0/><E0/><V124/><F124/><W71/><G23/><T66/><D86/><U15/><E15/><V55/><F63/><W120/><G12/><T78/><D66/><U32/><E32/><V83/><F83/><AGARI ba="1,1" hai="7,9,14,43,45,50,81,82,83,87,90,93,96,101" machi="83" ten="30,7700,0" yaku="1,1,7,1,8,1,53,1" doraHai="54" doraHaiUra="97" who="1" fromWho="2" sc="367,0,24,90,345,-80,254,0" /><INIT seed="5,0,0,4,5,60" ten="367,114,265,254" oya="1" hai0="123,9,11,84,8,119,35,113,80,101,96,62,89" hai1="29,58,126,26,56,51,42,85,87,18,27,4,125" hai2="28,94,95,121,38,81,39,19,25,67,122,70,47" hai3="0,43,74,20,83,23,120,71,12,79,6,22,108"/><U10/><E18/><V64/><F70/><W41/><G120/><T7/><D113/><U109/><E109/><V69/><F69/><W3/><G108/><T73/><D123/><U31/><E42/><V5/><F5/><W48/><G71/><T1/><D119/><U98/><E98/><V33/><F19/><W68/><G68/><T54/><D35/><U114/><E114/><V57/><F57/><N who="1" m="22121" /><E51/><V36/><F47/><W17/><G43/><T13/><D73/><U127/><E10/><V34/><F81/><W72/><G72/><T77/><D54/><U78/><E4/><V111/><F111/><W55/><G41/><T15/><D62/><U14/><E14/><V40/><F40/><W132/><G132/><T61/><D61/><U97/><E97/><V82/><F82/><W93/><G6/><T117/><D117/><U75/><E75/><V124/><F124/><W128/><G3/><T92/><D1/><U102/><E102/><V37/><F37/><W91/><G0/><T131/><D131/><U90/><E78/><V65/><REACH who="2" step="1"/><F33/><REACH who="2" ten="367,114,255,254" step="2"/><W24/><G128/><T59/><D7/><U134/><E134/><V44/><F44/><W110/><G110/><T135/><D135/><U32/><E90/><V103/><F103/><W63/><G91/><T118/><D89/><U88/><E88/><V107/><F107/><W100/><G100/><T52/><D118/><U116/><E116/><V21/><F21/><AGARI ba="0,1" hai="21,26,27,29,31,32,85,87,125,126,127" m="22121" machi="21" ten="30,1500,0" yaku="18,1" doraHai="60" who="1" fromWho="2" sc="367,0,114,25,255,-15,254,0" /><INIT seed="5,1,0,5,5,129" ten="367,139,240,254" oya="1" hai0="109,55,61,11,28,14,5,115,75,27,60,134,39" hai1="126,102,121,46,101,86,59,91,25,130,100,20,24" hai2="23,116,64,69,112,38,63,111,19,66,58,124,40" hai3="2,6,34,21,122,13,87,113,36,127,74,82,107"/><U92/><E126/><V49/><F124/><W12/><G87/><T47/><D109/><U108/><E130/><V99/><F111/><W57/><G57/><T32/><D115/><U18/><E121/><V125/><F125/><W128/><G21/><T29/><D75/><U65/><E108/><V96/><F116/><W131/><G82/><T50/><D134/><U88/><E46/><N who="2" m="23831" /><F66/><W30/><G30/><T31/><D39/><U37/><E37/><V103/><F103/><W89/><G89/><T95/><D32/><U45/><E45/><V7/><F7/><W43/><G43/><T84/><D27/><U81/><E24/><N who="2" m="14463" /><F112/><W117/><G13/><T8/><D8/><U104/><E104/><V114/><F114/><W119/><G12/><T133/><D133/><U54/><E65/><V35/><F35/><W83/><G83/><T120/><D120/><U42/><E42/><V105/><F105/><W52/><G52/><AGARI ba="1,0" hai="49,52,58,63,64,69,96,99" m="14463,23831" machi="52" ten="30,2000,0" yaku="24,1,54,1" doraHai="129" who="2" fromWho="3" sc="367,0,139,0,240,23,254,-23" /><INIT seed="6,0,0,0,0,75" ten="367,139,263,231" oya="2" hai0="27,57,60,89,88,34,95,92,48,93,90,39,84" hai1="55,100,114,38,118,86,131,67,69,106,110,6,130" hai2="29,23,94,115,103,120,18,125,14,101,56,44,113" hai3="98,66,85,25,132,32,126,117,65,70,78,135,109"/><V1/><F1/><W37/><G117/><T104/><D104/><U68/><E110/><V31/><F120/><W133/><G109/><T11/><D39/><U80/><E118/><V108/><F108/><W49/><G37/><T45/><D34/><U64/><E38/><V111/><F111/><W35/><G126/><T21/><D11/><U16/><E6/><V22/><F125/><W112/><G112/><N who="2" m="43081" /><F44/><W0/><G0/><T5/><D5/><U30/><E114/><V2/><F2/><W47/><G98/><T42/><D84/><U73/><E73/><V20/><F56/><W17/><G70/><N who="1" m="27242" /><E30/><N who="2" m="11275" /><F94/><W24/><G35/><T9/><D9/><AGARI ba="0,0" hai="9,14,18,20,22,23,101,103" m="11275,43081" machi="9" ten="30,1500,0" yaku="15,1" doraHai="75" who="2" fromWho="0" sc="367,-15,139,0,263,15,231,0" /><INIT seed="6,1,0,0,3,29" ten="352,139,278,231" oya="2" hai0="33,128,11,84,23,71,34,133,14,76,59,114,3" hai1="93,129,112,26,18,67,6,130,106,57,109,41,126" hai2="44,4,131,92,80,63,134,123,98,1,115,58,52" hai3="43,15,20,38,91,32,47,104,13,75,69,83,124"/><V16/><F123/><W95/><G104/><T99/><D71/><U22/><E106/><V87/><F115/><W105/><G105/><T97/><D114/><U19/><E109/><V10/><F131/><W51/><G69/><T111/><D111/><U107/><E112/><V89/><F134/><W5/><G124/><T121/><D121/><U79/><E107/><V120/><F120/><W116/><G116/><T48/><D128/><U31/><E126/><V90/><F44/><W82/><G32/><T81/><D133/><U25/><E129/><V113/><F113/><W103/><G103/><T24/><D33/><U108/><E108/><V21/><F1/><W28/><G75/><T65/><D34/><U39/><E130/><V2/><F2/><W70/><G70/><T53/><D65/><U88/><E6/><V60/><F4/><W96/><G38/><T17/><REACH who="0" step="1"/><D3/><REACH who="0" ten="342,139,278,231" step="2"/><U0/><E0/><V55/><F10/><N who="3" m="4303" /><G15/><T78/><D78/><U110/><E79/><V62/><F55/><W125/><G125/><T30/><AGARI ba="1,1" hai="11,14,17,23,24,30,48,53,59,76,81,84,97,99" machi="30" ten="20,8000,1" yaku="1,1,0,1,7,1,8,1,53,1" doraHai="29" doraHaiUra="77" who="0" fromWho="0" sc="342,93,139,-21,278,-41,231,-21" /><INIT seed="7,0,0,1,3,103" ten="435,118,237,210" oya="3" hai0="105,35,114,92,26,38,19,59,61,108,48,113,54" hai1="21,13,28,112,30,82,69,129,132,50,99,16,125" hai2="49,94,74,72,36,43,73,104,133,6,8,96,25" hai3="57,91,15,56,111,0,126,64,85,97,102,70,106"/><W107/><G0/><T18/><D105/><U45/><E125/><V71/><F133/><W76/><G126/><T2/><D38/><U62/><E129/><V63/><F25/><W75/><G111/><T81/><D108/><U122/><E132/><V46/><F49/><W98/><G70/><T5/><D92/><U14/><E112/><N who="0" m="43113" /><D81/><U130/><E130/><V55/><F55/><W124/><G15/><T20/><D35/><U68/><E122/><V78/><F78/><W93/><G64/><T40/><D5/><U116/><E116/><V23/><F23/><W89/><G124/><T9/><D2/><U3/><E3/><N who="2" m="95" /><F94/><N who="3" m="58711" /><G56/><T12/><D40/><U123/><E123/><V39/><F39/><W24/><G24/><T47/><D61/><U117/><E117/><V60/><F63/><W27/><G57/><AGARI ba="0,0" hai="9,12,18,19,20,26,47,48,54,57,59" m="43113" machi="57" ten="30,2000,0" yaku="15,1,11,1" doraHai="103" who="0" fromWho="3" sc="435,20,118,0,237,0,210,-20" owari="455,55.0,118,-38.0,237,4.0,190,-21.0" /></mjloggm>