<mjloggm ver="2.3"><GO type="169" lobby="0"/><UN n0="%73%61%62%6F%34%30" n1="%E3%80%93%E4%BD%90%E5%A4%A9%E3%81%95%E3%82%93%E3%80%93" n2="%77%61%74%65%72%40%73%72" n3="%E3%83%90%E3%82%A4%E3%82%A2%E3%83%A9%E3%83%B3" dan="16,17,16,16" rate="2104.28,2156.44,2141.30,2114.70" sx="M,F,M,M"/><TAIKYOKU oya="0"/><INIT seed="0,0,0,3,1,20" ten="250,250,250,250" oya="0" hai0="29,84,64,35,1,88,105,135,10,90,58,11,62" hai1="111,4,19,14,82,95,113,6,42,34,67,51,22" hai2="16,83,112,53,124,102,99,3,126,33,61,98,133" hai3="87,125,120,55,69,116,101,46,45,114,43,7,104"/><T28/><D105/><U23/><E34/><V71/><F3/><W66/><G101/><T80/><D135/><U13/><E111/><V106/><F112/><W97/><G97/><T85/><D1/><U68/><E113/><V110/><F110/><W5/><G87/><T52/><D35/><U103/><E68/><V129/><F133/><W65/><G104/><T118/><D118/><U108/><E67/><V54/><F33/><W134/><G134/><T130/><D130/><U24/><E108/><V72/><F99/><W50/><G114/><T38/><D38/><U12/><E82/><V8/><F129/><W86/><G69/><T70/><D29/><N who="1" m="17559" /><E95/><V119/><F119/><W128/><G125/><N who="2" m="48233" /><F83/><W74/><G74/><T132/><D28/><U81/><E81/><V73/><F71/><W123/><G116/><T56/><D132/><U121/><E103/><V17/><F54/><W127/><G127/><T0/><D0/><U44/><E121/><V57/><F8/><W93/><G128/><T36/><D36/><U76/><E76/><V89/><F89/><N who="3" m="53431" /><G123/><T25/><D70/><U32/><E32/><V40/><F40/><W96/><G120/><T26/><D11/><U131/><E131/><V39/><F39/><W117/><G117/><T100/><D10/><U79/><E79/><V115/><F115/><W63/><G43/><T31/><D100/><U15/><AGARI ba="0,0" hai="4,6,12,13,14,15,19,23,42,44,51" m="17559" machi="15" ten="30,2000,0" yaku="8,1,52,1" doraHai="20" who="1" fromWho="1" sc="250,-10,250,20,250,-5,250,-5" /><INIT seed="1,0,0,1,4,77" ten="240,270,245,245" oya="1" hai0="118,58,76,15,134,132,14,75,40,1,98,126,120" hai1="107,100,51,31,121,122,39,102,56,53,16,36,116" hai2="108,127,74,93,109,52,48,97,87,26,96,135,115" hai3="90,44,47,68,38,124,66,65,128,72,57,20,10"/><U117/><E31/><V19/><F74/><W86/><G72/><T88/><D1/><U80/><E107/><V70/><F70/><W0/><G0/><T112/><D118/><U30/><E30/><V46/><F115/><W5/><G68/><T8/><D112/><U59/><E51/><V23/><F127/><W9/><G128/><T111/><D126/><U34/><E53/><V50/><F135/><N who="0" m="51754" /><D120/><U104/><E104/><V18/><F18/><W35/><G35/><T113/><D113/><U92/><E92/><V29/><F29/><W99/><G99/><T33/><D33/><U110/><E34/><V32/><F32/><W60/><G66/><T82/><D40/><U101/><E16/><V84/><F50/><W62/><G38/><T4/><D111/><N who="2" m="42570" /><F97/><W37/><G37/><N who="1" m="14410" /><E80/><V67/><F67/><W69/><G65/><T125/><D125/><U64/><E64/><V2/><F2/><W78/><G124/><T95/><D58/><N who="1" m="22059" /><E110/><V42/><F42/><W55/><G57/><T45/><D14/><U7/><E7/><V131/><F131/><W91/><G5/><T119/><D119/><AGARI ba="0,0" hai="100,101,102,116,117,119,121,122" m="22059,14410" machi="119" ten="40,3900,0" yaku="28,2" doraHai="77" who="1" fromWho="0" sc="240,-39,270,39,245,0,245,0" /><INIT seed="1,1,0,3,3,134" ten="201,309,245,245" oya="1" hai0="30,8,0,95,65,20,69,87,43,5,118,122,62" hai1="21,110,58,49,124,13,128,100,111,85,107,29,1" hai2="9,108,2,127,46,93,80,88,37,82,18,50,54" hai3="15,121,4,104,103,102,112,75,25,106,120,59,24"/><U7/><E128/><V101/><F37/><W90/><G75/><T57/><D118/><U70/><E70/><V79/><F108/><N who="1" m="41513" /><E107/><V52/><F101/><W63/><G112/><T60/><D122/><U14/><E100/><V53/><F127/><W17/><G4/><T48/><D43/><U6/><E85/><V12/><F2/><W16/><G59/><T89/><D48/><U129/><E129/><V33/><F33/><W76/><G63/><T66/><D20/><U56/><E49/><V19/><F19/><W109/><G109/><T74/><D30/><U83/><E83/><V132/><F132/><W131/><G131/><T73/><AGARI ba="1,0" hai="0,5,8,57,60,62,65,66,69,73,74,87,89,95" machi="73" ten="30,1100,0" yaku="0,1" doraHai="134" who="0" fromWho="0" sc="201,14,309,-6,245,-4,245,-4" /><INIT seed="2,0,0,4,1,82" ten="215,303,241,241" oya="2" hai0="5,133,111,32,64,97,96,0,1,63,76,110,74" hai1="39,4,79,18,106,7,66,115,77,27,43,105,29" hai2="81,93,117,80,28,57,116,100,88,73,127,35,98" hai3="50,99,8,108,134,55,86,104,125,24,94,87,44"/><V33/><F127/><W62/><G125/><T15/><D32/><U61/><E18/><V17/><F17/><W45/><G104/><T46/><D133/><U3/><E43/><V102/><F57/><N who="3" m="35135" /><G108/><T118/><D118/><N who="2" m="45674" /><F28/><W122/><G122/><T107/><D46/><N who="3" m="18025" /><G134/><T65/><D65/><U9/><E7/><V11/><F11/><W135/><G135/><T70/><D15/><U112/><E29/><V20/><F20/><W58/><G24/><T36/><D36/><U109/><E27/><V78/><F33/><W37/><G37/><T123/><D123/><U48/><E39/><V129/><F35/><W16/><G58/><T40/><D40/><U131/><E4/><V128/><F80/><W12/><G50/><T75/><D97/><U85/><E9/><V41/><F41/><W120/><G120/><T31/><D31/><U69/><E48/><V83/><F83/><W119/><G119/><T91/><D5/><U90/><E66/><V132/><F132/><W54/><G54/><T89/><D1/><U72/><E3/><V6/><F6/><W2/><G2/><T84/><D0/><U67/><E67/><V103/><AGARI ba="0,0" hai="73,78,81,88,93,98,100,102,103,128,129" m="45674" machi="103" ten="40,7800,0" yaku="34,2,54,1" doraHai="82" who="2" fromWho="2" sc="215,-26,303,-26,241,78,241,-26" /><INIT seed="2,1,0,5,0,127" ten="189,277,319,215" oya="2" hai0="121,30,64,11,45,93,66,28,59,82,103,41,76" hai1="4,26,6,15,74,8,126,81,0,83,117,65,68" hai2="92,96,51,91,58,62,107,90,108,29,132,104,79" hai3="109,33,48,98,49,37,50,110,19,75,120,73,99"/><V112/><F112/><W116/><G33/><T128/><D121/><U105/><E105/><V63/><F132/><W14/><G120/><T47/><D11/><U61/><E117/><V114/><F114/><W102/><G116/><T101/><D82/><U36/><E36/><V38/><F38/><W34/><G34/><T135/><D76/><U72/><E126/><V44/><F29/><W3/><G3/><T118/><D135/><U129/><E26/><V106/><F79/><W78/><G37/><T27/><D118/><U24/><E24/><V32/><F32/><W125/><G125/><T7/><D7/><U89/><E89/><V60/><F108/><N who="3" m="41579" /><G78/><T12/><D12/><U39/><E15/><V40/><REACH who="2" step="1"/><F90/><REACH who="2" ten="189,277,309,215" step="2"/><W85/><G73/><T53/><D30/><U71/><E39/><V57/><AGARI ba="1,1" hai="40,44,51,57,58,60,62,63,91,92,96,104,106,107" machi="57" ten="40,7800,0" yaku="1,1,2,1,0,1,53,0" doraHai="127" doraHaiUra="111" who="2" fromWho="2" sc="189,-27,277,-27,309,91,215,-27" /><INIT seed="2,2,0,2,3,65" ten="162,250,400,188" oya="2" hai0="69,77,52,117,61,1,23,37,115,27,42,46,19" hai1="25,54,48,10,17,96,5,59,105,134,45,110,118" hai2="88,122,53,85,93,43,47,16,18,2,62,57,98" hai3="29,130,28,78,119,133,30,51,102,112,22,99,74"/><V64/><F2/><W89/><G119/><T92/><D1/><U132/><E118/><V90/><F122/><W66/><G112/><T26/><D117/><U6/><E110/><V39/><REACH who="2" step="1"/><F64/><REACH who="2" ten="162,250,390,188" step="2"/><W41/><G66/><T97/><D115/><U68/><E134/><V94/><AGARI ba="2,1" hai="16,18,39,43,47,53,57,62,85,88,90,93,94,98" machi="94" ten="20,18000,2" yaku="1,1,2,1,0,1,7,1,54,2,53,0" doraHai="65" doraHaiUra="44" who="2" fromWho="2" sc="162,-62,250,-62,390,196,188,-62" /><INIT seed="2,3,0,0,0,89" ten="100,188,586,126" oya="2" hai0="20,51,121,130,41,9,72,109,10,100,76,12,3" hai1="38,94,54,46,48,122,115,33,118,42,73,39,111" hai2="74,32,2,67,86,19,132,124,34,87,128,119,95" hai3="85,70,44,57,45,99,129,114,81,71,84,63,96"/><V40/><F2/><W106/><G129/><T107/><D121/><U50/><E73/><V97/><F74/><W113/><G57/><T4/><D130/><U126/><E33/><V17/><F119/><W47/><G81/><T37/><D20/><U135/><E115/><V88/><F128/><W92/><G63/><T5/><D51/><U25/><E25/><V127/><F67/><W31/><G31/><T77/><D109/><U24/><E24/><V11/><F40/><W112/><G106/><T29/><D29/><U28/><E28/><V79/><F132/><W15/><G15/><T43/><D43/><U62/><E111/><V58/><F58/><W26/><G26/><T75/><D77/><U131/><E118/><V18/><F11/><W30/><G30/><T59/><D59/><U53/><E131/><V6/><F6/><W69/><G92/><T90/><D90/><U7/><E94/><V22/><F22/><W133/><REACH who="3" step="1"/><G133/><REACH who="3" ten="100,188,586,116" step="2"/><T93/><D107/><U103/><E135/><V105/><F105/><W116/><G116/><T108/><D108/><U68/><E62/><V78/><F34/><W8/><G8/><T91/><D72/><U101/><E122/><V36/><F32/><W16/><G16/><T102/><D9/><U123/><E123/><V82/><F18/><W52/><G52/><T27/><D12/><U120/><E120/><V117/><F17/><W0/><G0/><T60/><D3/><U80/><E54/><V23/><F19/><W13/><G13/><T61/><D27/><U134/><E134/><V14/><F14/><W104/><G104/><RYUUKYOKU ba="3,1" sc="100,-10,188,-10,586,-10,116,30" hai3="44,45,47,69,70,71,84,85,96,99,112,113,114" /><INIT seed="3,4,1,1,5,33" ten="90,178,576,146" oya="3" hai0="25,17,2,104,49,85,51,133,134,6,26,50,109" hai1="56,87,23,58,73,131,42,37,80,41,43,15,93" hai2="3,44,24,124,77,76,112,78,61,34,1,129,91" hai3="38,106,72,13,19,84,82,98,83,116,4,40,46"/><W114/><G114/><T127/><D104/><U90/><E37/><V126/><F112/><W88/><G116/><T7/><D109/><U20/><E131/><V5/><F129/><W100/><G4/><T102/><D102/><U70/><E70/><V95/><F5/><W135/><G135/><N who="0" m="51723" /><D127/><N who="2" m="48682" /><F44/><W47/><G47/><T10/><D6/><U11/><E73/><V117/><F61/><W8/><REACH who="3" step="1"/><G72/><REACH who="3" ten="90,178,576,136" step="2"/><T115/><D115/><U123/><E123/><V0/><F117/><W119/><G119/><T99/><D99/><U27/><E42/><V60/><F76/><W54/><G54/><T94/><D17/><U32/><E41/><V9/><F77/><W62/><G62/><T16/><D16/><U30/><E43/><V39/><F78/><W103/><G103/><T120/><D120/><U21/><E30/><V130/><F60/><W74/><G74/><T31/><D31/><U59/><E27/><V110/><F24/><W22/><G22/><T55/><D55/><U97/><E32/><V132/><F34/><W86/><G86/><T75/><D75/><U96/><E11/><V125/><F125/><W12/><G12/><T107/><D107/><U128/><E128/><V121/><F132/><W105/><G105/><T89/><AGARI ba="4,2" hai="2,7,10,25,26,49,50,51,85,89,94" m="51723" machi="89" ten="40,2700,0" yaku="20,1,52,1" doraHai="33" who="0" fromWho="0" sc="90,59,178,-11,576,-11,136,-17" /><INIT seed="4,0,0,4,0,97" ten="149,167,565,119" oya="0" hai0="63,36,11,57,118,61,126,70,80,18,95,124,107" hai1="8,16,49,65,31,79,122,7,22,52,24,133,68" hai2="10,109,92,67,128,26,19,78,38,35,25,29,41" hai3="94,125,14,111,32,98,106,0,39,132,129,83,33"/><T58/><D107/><U64/><E122/><V23/><F23/><W113/><G14/><T62/><D118/><U60/><E133/><V121/><F121/><W13/><G13/><T82/><D36/><U93/><E65/><V105/><F105/><W43/><G98/><T85/><D70/><U74/><E93/><V66/><F10/><W17/><G17/><T91/><D11/><U53/><E31/><V1/><F1/><W131/><G32/><T103/><D18/><U6/><E6/><V99/><F25/><W84/><G83/><T42/><D42/><U75/><E79/><V77/><F19/><W117/><G84/><T30/><D30/><U134/><E134/><V34/><F34/><W110/><G110/><T51/><D51/><U81/><E81/><V27/><F27/><W21/><G21/><T9/><D9/><U5/><E5/><V72/><F72/><W59/><G59/><T73/><D82/><U50/><E50/><V87/><F41/><W114/><G94/><T12/><D12/><U116/><E116/><V130/><F38/><W112/><G43/><T89/><D103/><U104/><E104/><V71/><F71/><W96/><G113/><T37/><D37/><U115/><E115/><V48/><F109/><W54/><G114/><T119/><D119/><U108/><E108/><V55/><F55/><N who="1" m="21065" /><E49/><V69/><F48/><W120/><G54/><T3/><D3/><U88/><E88/><V86/><F29/><W90/><G90/><T102/><D91/><U20/><E20/><V100/><F35/><W15/><G112/><T135/><D135/><RYUUKYOKU ba="0,0" sc="149,-10,167,30,565,-10,119,-10" hai1="7,8,16,22,24,60,64,68,74,75" /><INIT seed="5,1,0,2,4,108" ten="139,197,555,109" oya="1" hai0="75,115,104,43,29,122,7,80,100,56,42,31,33" hai1="10,30,90,131,1,79,110,95,32,66,21,127,25" hai2="34,128,67,130,47,13,26,99,8,58,18,53,84" hai3="121,14,24,88,118,20,40,11,113,70,117,16,12"/><U101/><E110/><V111/><F111/><W37/><G70/><T6/><D122/><U97/><E127/><V54/><F99/><W0/><G40/><T87/><D75/><U133/><E133/><V83/><F47/><W135/><G37/><T28/><D33/><U93/><E131/><N who="2" m="50219" /><F67/><W3/><G121/><T132/><D132/><U50/><E79/><N who="2" m="46207" /><F58/><W96/><G12/><T57/><D104/><U106/><E66/><V48/><F48/><W35/><G135/><T98/><D98/><U105/><E50/><V55/><F55/><W77/><G77/><T45/><D100/><U27/><E1/><V5/><F5/><N who="3" m="1471" /><G0/><T89/><D6/><U85/><REACH who="1" step="1"/><E10/><REACH who="1" ten="139,187,555,109" step="2"/><V36/><F36/><W60/><G118/><T73/><D43/><U134/><E134/><V103/><F8/><W69/><G117/><T92/><D42/><U71/><E71/><V114/><F54/><W46/><G69/><T68/><D68/><U2/><E2/><V52/><F52/><W19/><G60/><T4/><D45/><U94/><E94/><V17/><F53/><W49/><G49/><T112/><D57/><U125/><E125/><V91/><F34/><W76/><G46/><T61/><D56/><U51/><E51/><V81/><F81/><W62/><G62/><T102/><D61/><U120/><E120/><V38/><F38/><W65/><G65/><T9/><D9/><U109/><E109/><V59/><F59/><W41/><G35/><T123/><D123/><U23/><E23/><V129/><F129/><W74/><G20/><T72/><D92/><U63/><E63/><RYUUKYOKU ba="1,1" sc="139,-10,187,30,555,-10,109,-10" hai1="21,25,27,30,32,85,90,93,95,97,101,105,106" /><INIT seed="5,2,1,0,2,84" ten="129,217,545,99" oya="1" hai0="100,12,90,48,114,62,13,22,11,112,56,37,74" hai1="124,2,21,27,110,44,14,108,116,35,118,65,20" hai2="134,47,3,64,5,117,66,68,51,23,54,9,50" hai3="103,58,83,127,32,57,98,42,28,131,123,91,24"/><U46/><E2/><V15/><F117/><W43/><G123/><T92/><D37/><U26/><E65/><V89/><F134/><W6/><G6/><T102/><D74/><U132/><E35/><V129/><F129/><W70/><G70/><T79/><D79/><U107/><E107/><V61/><F66/><W104/><G131/><T16/><D48/><U78/><E78/><V77/><F77/><W31/><G31/><T63/><D114/><U135/><E14/><V105/><F105/><W113/><G113/><T87/><D112/><U49/><E49/><V121/><F121/><W88/><G83/><T133/><D133/><U126/><AGARI ba="2,1" hai="20,21,26,27,44,46,108,110,116,118,124,126,132,135" machi="126" ten="25,4800,0" yaku="0,1,22,2" doraHai="84" who="1" fromWho="1" sc="129,-18,217,64,545,-18,99,-18" /><INIT seed="5,3,0,3,0,124" ten="111,281,527,81" oya="1" hai0="65,19,134,51,100,21,105,31,58,103,33,114,60" hai1="25,92,117,6,129,55,23,7,44,12,32,61,10" hai2="74,86,28,52,131,67,76,48,107,81,64,11,26" hai3="79,16,63,133,41,78,27,34,111,54,50,39,130"/><U98/><E32/><V13/><F107/><W110/><G39/><T17/><D134/><U109/><E117/><V126/><F126/><W73/><G133/><T135/><D135/><U70/><E109/><V37/><F37/><W83/><G78/><T115/><D33/><U90/><E70/><V91/><F131/><W123/><G123/><T99/><D103/><U87/><E129/><V85/><F74/><W8/><G130/><T42/><D31/><U77/><E7/><N who="2" m="3327" /><F26/><W112/><G112/><N who="0" m="43051" /><D21/><U118/><E118/><V119/><F28/><W43/><G34/><T46/><AGARI ba="3,0" hai="17,19,42,46,51,58,60,65,99,100,105" m="43051" machi="46" ten="30,1100,0" yaku="15,1" doraHai="124" who="0" fromWho="0" sc="111,20,281,-8,527,-6,81,-6" /><INIT seed="6,0,0,2,2,37" ten="131,273,521,75" oya="2" hai0="135,46,132,7,67,89,48,43,47,27,62,73,126" hai1="118,57,59,88,112,64,92,55,13,119,72,95,40" hai2="11,120,35,96,54,123,6,22,105,15,30,66,75" hai3="68,16,58,51,28,113,103,12,82,34,32,44,60"/><V42/><F75/><W19/><G68/><T65/><D73/><U70/><E72/><V102/><F66/><W38/><G38/><T76/><D76/><U31/><E70/><V61/><F35/><W108/><G108/><T91/><D7/><U8/><E31/><V79/><F79/><W5/><G103/><T45/><D27/><U87/><E112/><V94/><F105/><W128/><G128/><T74/><D74/><U133/><E133/><N who="0" m="51273" /><D126/><U81/><E64/><N who="0" m="24649" /><D62/><U9/><E40/><V124/><F124/><W20/><G32/><T110/><D110/><U127/><E127/><V25/><F54/><N who="3" m="33879" /><G34/><T3/><D3/><U122/><E122/><V134/><F61/><W21/><G113/><T115/><D115/><U71/><E71/><V1/><F1/><W77/><G28/><T130/><D130/><U129/><E129/><V53/><F53/><W111/><G111/><T100/><D100/><U41/><E41/><V90/><F102/><W84/><G5/><T23/><D23/><N who="3" m="8777" /><G12/><T29/><D29/><U33/><E33/><V116/><F134/><W2/><G2/><T101/><D101/><U104/><E13/><V49/><F15/><W14/><G14/><T98/><D98/><U52/><E104/><V69/><F96/><W17/><G17/><T0/><D0/><U50/><E8/><V18/><F11/><W85/><G84/><T63/><D63/><N who="1" m="36263" /><E9/><V97/><F123/><W56/><G56/><T78/><D78/><U26/><E26/><V121/><F25/><W93/><G93/><N who="1" m="35914" /><E87/><V39/><F121/><W125/><G125/><T99/><D99/><RYUUKYOKU ba="0,0" sc="131,10,273,10,521,-30,75,10" hai0="43,45,46,47,48,89,91" hai1="50,55,59,81,88,118,119" hai3="16,19,44,51,77,82,85" /><INIT seed="7,1,0,1,4,36" ten="141,283,491,85" oya="3" hai0="3,103,106,124,23,126,84,73,71,2,7,35,92" hai1="56,26,110,42,107,75,133,45,0,127,109,108,11" hai2="88,44,5,87,28,51,104,50,86,130,132,25,85" hai3="63,6,17,131,64,62,125,91,10,18,13,27,119"/><W83/><G131/><T122/><D71/><U19/><E107/><V4/><F104/><W97/><G125/><N who="0" m="48235" /><D35/><U55/><E75/><V66/><F130/><W34/><G119/><T72/><D122/><U82/><E82/><V74/><F74/><N who="0" m="28778" /><D7/><U65/><E65/><V98/><F66/><W38/><G38/><T52/><D106/><U8/><E127/><V1/><F1/><W40/><G34/><T99/><D84/><U32/><E0/><V20/><F51/><W59/><G62/><T14/><D52/><U69/><E69/><V129/><F132/><W135/><G135/><T100/><D103/><U112/><E133/><V70/><F70/><W96/><G40/><T95/><D95/><U134/><E32/><V9/><F9/><W111/><G111/><T80/><D80/><U24/><E134/><V12/><F12/><W39/><G39/><T33/><D33/><U58/><E8/><V101/><F101/><W41/><G41/><T114/><D114/><U68/><E112/><V49/><F49/><W37/><G37/><T113/><D113/><U15/><E68/><V81/><F129/><W54/><G54/><T77/><D77/><U46/><E55/><N who="2" m="30151" /><F81/><W93/><G83/><T115/><D115/><U43/><E43/><V76/><F76/><W48/><G48/><T61/><D61/><U94/><E42/><V57/><F57/><W128/><G128/><T123/><D123/><U121/><E121/><V118/><F118/><W53/><G53/><T116/><D116/><U89/><E58/><V79/><F79/><W31/><G97/><T47/><D47/><RYUUKYOKU ba="1,0" sc="141,10,283,-30,491,10,85,10" hai0="2,3,14,23,92,99,100" hai2="4,5,20,25,28,85,86,87,88,98" hai3="6,10,13,17,18,27,31,59,63,64,91,93,96" /><INIT seed="7,2,0,4,4,98" ten="151,253,501,95" oya="3" hai0="127,37,7,82,70,95,13,112,102,68,18,57,43" hai1="46,30,56,71,74,80,91,117,133,25,97,39,22" hai2="62,103,114,50,11,85,107,89,27,26,99,2,16" hai3="113,128,17,86,65,10,100,32,5,118,36,59,45"/><W92/><G118/><T4/><D82/><U116/><E71/><V33/><F114/><W96/><G113/><T3/><D112/><U84/><E74/><V42/><F62/><W49/><G32/><T104/><D104/><U81/><E133/><V88/><F33/><W58/><G128/><T8/><D7/><U24/><E81/><V132/><F132/><W12/><G36/><T53/><D127/><U63/><E97/><V78/><F78/><W115/><G115/><T34/><D34/><U75/><E75/><V54/><F42/><W48/><G65/><T44/><D102/><U19/><E46/><V123/><F123/><W55/><G86/><T31/><D95/><U101/><E101/><V15/><F2/><W66/><G66/><T131/><D31/><U47/><E47/><N who="2" m="27999" /><F89/><W35/><G35/><T64/><D64/><U121/><E25/><V38/><F38/><W28/><G28/><T119/><D131/><U20/><E20/><V29/><F29/><W105/><G105/><T60/><D119/><U125/><E84/><V61/><F61/><W51/><G58/><T9/><AGARI ba="2,0" hai="3,4,8,9,13,18,37,43,44,53,57,60,68,70" machi="9" ten="20,1500,0" yaku="0,1,7,1" doraHai="98" who="0" fromWho="0" sc="151,21,253,-6,501,-6,95,-9" owari="172,-23.0,247,5.0,495,59.0,86,-41.0" /></mjloggm>