<mjloggm ver="2.3"><GO type="169" lobby="0"/><UN n0="%E3%82%86%E3%80%82%E3%80%82" n1="%68%61%72%75%74%69%6E" n2="%4B%49%4E%4F" n3="%E3%81%88%E3%82%80%E8%94%B5" dan="17,17,17,17" rate="2161.37,2123.64,2176.86,2175.36" sx="M,M,F,M"/><TAIKYOKU oya="0"/><INIT seed="0,0,0,4,5,55" ten="250,250,250,250" oya="0" hai0="53,26,94,47,43,1,106,118,4,28,105,9,79" hai1="108,83,96,21,134,29,51,32,40,99,69,84,76" hai2="124,61,117,100,122,10,15,54,64,116,63,30,98" hai3="5,90,59,133,57,86,97,56,75,13,44,31,89"/><T24/><D118/><N who="2" m="45674" /><F122/><W46/><G75/><T104/><D79/><U36/><E36/><V114/><F114/><W41/><G133/><T60/><D94/><U126/><E32/><V22/><F54/><W129/><G31/><T48/><D60/><U50/><E69/><V23/><F63/><W123/><G123/><T127/><D127/><U42/><E134/><V121/><F30/><W17/><G5/><T38/><REACH who="0" step="1"/><D28/><REACH who="0" ten="240,250,250,250" step="2"/><U102/><E126/><V93/><F124/><W14/><G129/><T111/><D111/><U128/><E108/><V65/><F121/><W130/><G130/><T0/><D0/><U71/><E128/><V131/><F131/><W12/><G41/><T120/><D120/><U34/><E40/><V73/><F73/><W45/><G97/><T25/><D25/><U95/><E99/><V37/><F65/><W80/><REACH who="3" step="1"/><G90/><REACH who="3" ten="240,250,250,240" step="2"/><T18/><D18/><AGARI ba="0,2" hai="12,13,14,17,18,44,45,46,56,57,59,80,86,89" machi="18" ten="50,16000,3" yaku="1,1,2,1,29,2,8,1,52,3,53,0" doraHai="55" doraHaiUra="6" who="3" fromWho="0" sc="240,-160,250,0,250,0,240,180" /><INIT seed="1,0,0,5,4,66" ten="80,250,250,420" oya="1" hai0="29,91,20,37,78,99,34,48,95,19,103,82,132" hai1="11,100,59,63,65,68,62,30,104,21,122,22,102" hai2="5,80,64,54,72,133,46,58,111,127,2,44,57" hai3="56,116,90,40,55,135,13,23,76,15,36,24,128"/><U108/><E122/><V41/><F111/><W71/><G128/><T118/><D37/><U105/><E108/><V32/><F32/><W7/><G135/><T28/><D118/><U9/><E30/><V70/><F133/><W69/><G116/><T131/><D34/><U97/><E59/><V4/><F127/><W88/><G76/><T110/><D110/><U12/><E12/><V39/><F46/><W33/><G33/><T1/><D1/><U120/><E120/><V81/><F58/><W8/><G15/><T126/><D126/><U115/><E97/><V109/><F109/><W123/><G123/><T45/><D131/><U3/><E3/><V17/><F17/><W43/><G43/><T60/><D60/><U74/><E74/><V79/><F81/><W52/><G55/><T96/><D78/><U49/><E49/><N who="2" m="30927" /><F2/><W6/><G6/><T124/><D124/><U50/><E50/><V89/><F89/><W75/><G75/><T47/><D132/><U31/><E31/><V134/><F134/><W106/><G106/><T42/><D47/><U16/><E16/><V67/><F67/><W85/><G36/><T125/><D125/><U18/><E18/><V86/><F72/><W117/><G117/><T119/><D119/><U112/><REACH who="1" step="1"/><E65/><REACH who="1" ten="80,240,250,420" step="2"/><V107/><F107/><W0/><G0/><T38/><D38/><U114/><E114/><V121/><F121/><W35/><G56/><T98/><D98/><U130/><E130/><V129/><F129/><W94/><G7/><N who="2" m="2633" /><F64/><W26/><G13/><N who="0" m="9327" /><D99/><U84/><E84/><AGARI ba="0,1" hai="28,29,42,45,48,82,84,91,95,96,103" m="9327" machi="84" ten="30,1000,0" yaku="8,1" doraHai="66" who="0" fromWho="1" sc="80,20,240,-10,250,0,420,0" /><INIT seed="2,0,0,2,2,32" ten="100,230,250,420" oya="2" hai0="3,57,131,23,66,123,82,103,65,56,14,80,8" hai1="121,96,5,15,102,58,83,69,79,35,71,20,33" hai2="28,10,76,52,125,94,73,97,86,108,9,106,37" hai3="93,29,38,13,41,112,64,119,111,45,6,60,22"/><V39/><F125/><W62/><G119/><T61/><D123/><U134/><E121/><V12/><F10/><W36/><G111/><T44/><D131/><U48/><E134/><V70/><F70/><W132/><G132/><T91/><D103/><U54/><E69/><V31/><F108/><W46/><G112/><T109/><D109/><U25/><E71/><V4/><F73/><W89/><G6/><T72/><D44/><U67/><E67/><V129/><F129/><W113/><G113/><T92/><D23/><U100/><E15/><V98/><F39/><W49/><G64/><T133/><D3/><U40/><E5/><V50/><F37/><W84/><G38/><T77/><D77/><U122/><E40/><V130/><F106/><W18/><G29/><N who="2" m="11337" /><F130/><W21/><G22/><T1/><D1/><U63/><E63/><V17/><F4/><W105/><G105/><T135/><D72/><U16/><E122/><V104/><F104/><W51/><REACH who="3" step="1"/><G36/><REACH who="3" ten="100,230,250,410" step="2"/><T26/><D135/><U24/><E35/><V0/><F0/><W116/><G116/><T7/><D133/><U95/><E33/><V68/><F68/><W55/><AGARI ba="0,1" hai="13,18,21,41,45,46,49,51,55,60,62,84,89,93" machi="55" ten="20,5200,0" yaku="1,1,0,1,7,1,8,1,53,0" doraHai="32" doraHaiUra="115" who="3" fromWho="3" sc="100,-13,230,-13,250,-26,410,62" /><INIT seed="3,0,0,4,5,58" ten="87,217,224,472" oya="3" hai0="29,3,55,93,102,53,70,110,79,69,76,60,82" hai1="92,32,43,126,111,84,13,131,118,80,67,41,56" hai2="113,39,1,30,77,50,44,73,89,51,75,47,122" hai3="64,120,108,121,116,34,31,114,117,20,40,87,103"/><W28/><G114/><T135/><D3/><U19/><E32/><V109/><F109/><W124/><G34/><T12/><D110/><U33/><E111/><V123/><F113/><W68/><G108/><T107/><D107/><U83/><E33/><V27/><F1/><W15/><G40/><N who="1" m="15434" /><E126/><V90/><F77/><W10/><G103/><T2/><D2/><U95/><E131/><V9/><F9/><W65/><G87/><T4/><D29/><U18/><E118/><V100/><F100/><W21/><G124/><T26/><D26/><U119/><E119/><V0/><F0/><W46/><G46/><T38/><D38/><U94/><E84/><V106/><F106/><W128/><G15/><T96/><D70/><U105/><E105/><V98/><F98/><W85/><G85/><T17/><D69/><U42/><E42/><V25/><REACH who="2" step="1"/><F30/><REACH who="2" ten="87,217,214,472" step="2"/><W54/><G10/><T16/><D96/><U14/><E19/><V99/><F99/><W45/><G117/><T86/><D17/><U112/><E112/><V91/><F91/><W115/><G116/><T132/><D16/><U130/><E18/><V78/><F78/><W5/><G115/><T63/><D79/><U101/><E101/><V22/><F22/><W52/><G20/><T71/><D102/><U129/><E129/><V62/><F62/><W133/><G21/><T125/><D76/><U6/><E130/><V57/><F57/><W59/><G59/><T49/><D71/><U7/><E14/><V74/><F74/><W11/><G128/><T134/><D125/><U66/><E13/><V24/><F24/><RYUUKYOKU ba="0,1" sc="87,-10,217,-10,214,30,472,-10" hai2="25,27,39,44,47,50,51,73,75,89,90,122,123" /><INIT seed="4,1,1,2,1,103" ten="77,207,244,462" oya="0" hai0="63,116,100,59,72,40,92,76,121,102,18,6,118" hai1="110,8,49,66,64,120,34,32,24,14,97,70,10" hai2="2,1,67,42,48,9,58,85,115,86,11,129,23" hai3="73,89,106,99,125,51,26,134,25,124,13,21,98"/><T47/><D121/><U28/><E120/><V43/><F115/><W53/><G73/><T61/><D6/><U132/><E110/><V122/><F122/><W133/><G13/><T22/><D61/><U37/><E37/><V27/><F129/><W81/><G81/><T94/><D72/><U95/><E132/><N who="3" m="50794" /><G89/><T128/><D76/><U82/><E34/><V30/><F2/><W33/><G33/><T114/><D114/><U39/><E39/><V17/><F1/><W57/><G26/><T135/><D128/><U36/><E36/><V55/><F67/><W29/><G106/><T4/><D4/><U117/><E117/><V112/><F112/><W46/><G57/><T71/><D71/><U54/><E82/><V105/><F105/><W77/><G77/><T41/><D118/><U7/><E10/><N who="2" m="3595" /><F30/><W44/><G46/><T0/><D47/><U84/><E84/><AGARI ba="1,1" hai="17,23,27,42,43,48,55,58,84,85,86" m="3595" machi="84" ten="30,1000,0" yaku="8,1" doraHai="103" who="2" fromWho="1" sc="77,0,207,-13,244,23,462,0" /><INIT seed="5,0,0,0,4,2" ten="77,194,267,462" oya="1" hai0="73,28,115,47,39,34,123,96,9,129,106,102,23" hai1="14,79,20,43,70,131,62,121,111,12,46,22,103" hai2="35,16,77,15,90,26,122,130,116,98,82,60,56" hai3="67,100,61,101,54,10,135,11,87,124,104,65,126"/><U75/><E121/><V52/><F116/><W86/><G54/><T7/><D115/><U113/><E113/><V58/><F122/><W4/><G135/><T105/><D123/><U53/><E131/><V55/><F130/><W29/><G29/><T69/><D69/><U132/><E132/><V42/><F42/><W33/><G33/><T25/><D129/><U63/><E111/><V50/><F35/><W108/><G104/><T88/><D73/><U13/><E103/><V76/><F26/><W38/><G38/><T125/><D125/><U95/><E95/><N who="2" m="56695" /><F82/><W40/><G40/><T133/><D133/><U37/><E70/><V112/><F112/><W30/><G30/><T99/><D34/><U74/><E79/><V120/><F120/><W94/><G108/><T84/><D47/><U114/><E114/><V0/><F0/><W64/><G61/><T78/><D78/><U89/><E89/><V57/><F58/><W92/><G65/><T68/><D68/><U59/><REACH who="1" step="1"/><E63/><REACH who="1" ten="77,184,267,462" step="2"/><V19/><F19/><W51/><G92/><T44/><D106/><U117/><E117/><V80/><F80/><W119/><G94/><T127/><D105/><U97/><E97/><V110/><F110/><W3/><G119/><T118/><D118/><U18/><E18/><V45/><F45/><W27/><G100/><T71/><D102/><U5/><E5/><V81/><F81/><W36/><G4/><T21/><D71/><U32/><E32/><V93/><F93/><W134/><G101/><T1/><D7/><U83/><E83/><V66/><F66/><W17/><G64/><RYUUKYOKU ba="0,1" sc="77,-15,184,15,267,15,462,-15" hai1="12,13,14,20,22,37,43,46,53,59,62,74,75" hai2="15,16,50,52,55,56,57,60,76,77" /><INIT seed="5,1,1,1,3,50" ten="62,199,282,447" oya="1" hai0="129,115,14,18,112,90,113,80,97,77,30,74,61" hai1="24,12,38,11,36,68,27,134,42,56,52,62,84" hai2="92,105,67,95,31,4,53,119,110,70,120,17,8" hai3="121,118,47,101,111,107,78,33,85,126,20,124,48"/><U9/><E134/><V93/><F110/><W76/><G33/><T75/><D30/><U96/><E9/><V2/><F119/><W98/><G121/><T91/><D129/><U131/><E131/><V44/><F105/><W88/><G20/><T0/><D0/><U7/><E68/><V72/><F120/><W29/><G29/><T23/><D75/><U19/><E7/><V25/><F72/><W108/><G118/><T102/><REACH who="0" step="1"/><D61/><REACH who="0" ten="52,199,282,447" step="2"/><U34/><E62/><V57/><F31/><W35/><G111/><T39/><D39/><U28/><E38/><V41/><F2/><W65/><G108/><T106/><AGARI ba="1,2" hai="14,18,23,74,77,80,90,91,97,102,106,112,113,115" machi="106" ten="30,4000,0" yaku="1,1,0,1,15,1,53,0" doraHai="50" doraHaiUra="135" who="0" fromWho="0" sc="52,63,199,-21,282,-11,447,-11" /><INIT seed="6,0,0,5,1,51" ten="115,178,271,436" oya="2" hai0="35,109,67,127,15,99,115,47,77,76,37,38,18" hai1="134,4,36,102,92,81,119,97,59,54,70,110,55" hai2="8,10,26,64,129,112,83,6,128,72,111,7,84" hai3="5,117,74,13,106,132,41,94,71,42,105,114,49"/><V27/><F72/><W1/><G117/><T79/><D35/><U9/><E119/><V116/><F116/><W52/><G71/><T57/><D109/><U62/><E110/><V28/><F111/><W80/><G1/><T103/><D127/><U113/><E36/><V85/><F64/><W39/><G39/><T56/><D115/><U2/><E113/><V126/><F112/><W107/><G114/><T120/><D120/><U89/><E134/><V45/><F45/><W48/><G48/><T86/><D86/><N who="2" m="33386" /><F83/><W23/><G132/><T82/><D82/><U68/><E81/><V121/><F121/><W24/><G94/><T69/><D69/><U118/><E118/><V96/><F96/><W87/><G74/><T19/><D67/><U65/><E65/><V29/><F126/><W98/><G98/><T88/><D38/><U58/><REACH who="1" step="1"/><E102/><REACH who="1" ten="115,168,271,436" step="2"/><V124/><F124/><W44/><G13/><T90/><D15/><U75/><E75/><V17/><F129/><W32/><G5/><N who="2" m="1545" /><F128/><W31/><G32/><T33/><D33/><U131/><E131/><V123/><F123/><W93/><G93/><N who="0" m="58863" /><D37/><U0/><E0/><V108/><F108/><W130/><G130/><T34/><D34/><U21/><E21/><N who="2" m="13615" /><F27/><W60/><G107/><T50/><D19/><U73/><E73/><V40/><F40/><N who="3" m="15467" /><G106/><T53/><D18/><U43/><E43/><V122/><F122/><W46/><G105/><T78/><N who="0" m="19456" /><DORA hai="16" /><T104/><D104/><U133/><E133/><V135/><F135/><W95/><G46/><T14/><D14/><U101/><E101/><V66/><F66/><RYUUKYOKU ba="0,1" sc="115,10,168,10,271,10,436,-30" hai0="47,50,53,56,57,88,90" hai1="2,4,9,54,55,58,59,62,68,70,89,92,97" hai2="8,10,28,29" /><INIT seed="6,1,1,1,3,28" ten="125,178,281,406" oya="2" hai0="95,109,48,35,1,89,4,118,39,83,24,103,112" hai1="122,36,53,17,23,105,13,37,60,46,76,135,57" hai2="123,15,49,20,116,133,88,98,59,101,38,34,126" hai3="125,117,32,43,30,132,108,80,51,97,120,128,100"/><V74/><F38/><W92/><G108/><T8/><D109/><U73/><E105/><V78/><F116/><W61/><G117/><T65/><D39/><U77/><E135/><V50/><F123/><W99/><G120/><T86/><D118/><U113/><E122/><V94/><F133/><W110/><G110/><T63/><D112/><U29/><E113/><V9/><F126/><W12/><G132/><T75/><D48/><N who="2" m="18538" /><F34/><W33/><G125/><T130/><D130/><U25/><E73/><V44/><F74/><W114/><G114/><T64/><D63/><U121/><E121/><V52/><F78/><W31/><G128/><T134/><D134/><U87/><E46/><V129/><F129/><W58/><G32/><T131/><D131/><U91/><E37/><V66/><F66/><N who="3" m="39223" /><G33/><T5/><D5/><U19/><E36/><V47/><F20/><W85/><G97/><T124/><D124/><U6/><E6/><N who="2" m="3511" /><F101/><W104/><G104/><T72/><D72/><U62/><E62/><AGARI ba="1,1" hai="44,47,52,59,62,88,94,98" m="3511,18538" machi="62" ten="30,5800,0" yaku="8,1,54,2" doraHai="28" who="2" fromWho="1" sc="125,0,178,-61,281,71,406,0" /><INIT seed="6,2,0,2,0,41" ten="125,117,352,406" oya="2" hai0="86,15,39,81,69,59,126,64,37,118,7,72,19" hai1="103,50,91,48,130,121,46,83,71,18,98,14,97" hai2="42,131,4,5,104,116,111,13,93,77,45,134,11" hai3="23,61,49,10,132,12,128,2,124,57,27,110,105"/><V51/><F116/><W94/><G110/><T101/><D72/><U8/><E130/><V1/><F104/><W84/><G105/><T99/><D69/><U74/><E121/><V89/><F131/><W52/><G128/><T0/><D0/><U75/><E71/><V31/><F111/><W92/><G2/><T115/><D118/><U82/><E50/><V123/><F123/><W54/><G124/><T63/><D126/><U16/><E18/><N who="2" m="8511" /><F1/><W28/><G132/><T112/><D7/><U3/><E3/><V135/><F77/><W119/><G119/><T107/><D112/><U40/><E82/><V47/><F31/><W133/><G133/><N who="2" m="50697" /><F47/><N who="3" m="27711" /><G84/><AGARI ba="2,0" hai="4,5,42,45,51,84,89,93" m="50697,8511" machi="84" ten="30,2900,0" yaku="20,1,52,1" doraHai="41" who="2" fromWho="3" sc="125,0,117,0,352,35,406,-35" /><INIT seed="6,3,0,1,2,103" ten="125,117,387,371" oya="2" hai0="82,86,66,52,5,61,21,9,68,105,121,135,117" hai1="13,74,109,93,100,43,92,71,110,132,38,116,63" hai2="39,94,3,87,60,15,33,75,95,107,51,79,4" hai3="25,111,118,2,80,26,47,23,125,34,113,64,129"/><V28/><F39/><W122/><G111/><T57/><D121/><U89/><E116/><V83/><F3/><W99/><G118/><T24/><D135/><U69/><E74/><V59/><F107/><W73/><G122/><T108/><D108/><U11/><E132/><V8/><F75/><W36/><G34/><T32/><D32/><U130/><E130/><V134/><F134/><W6/><G64/><T1/><D105/><U30/><E110/><V70/><F70/><W101/><G129/><T46/><D46/><U0/><E109/><V127/><F127/><W20/><G125/><T58/><D117/><U17/><E30/><V40/><F28/><W90/><G113/><T37/><D37/><U65/><E0/><V98/><F33/><W29/><G6/><T41/><D41/><U120/><E120/><V35/><F35/><W48/><G2/><T56/><D21/><U78/><E78/><V115/><F115/><W114/><G36/><T49/><D24/><U106/><E71/><V54/><F98/><W119/><G114/><T44/><D68/><U84/><E93/><V45/><AGARI ba="3,0" hai="4,8,15,40,45,51,54,59,60,79,83,87,94,95" machi="45" ten="30,11700,0" yaku="0,1,25,2,8,1" doraHai="103" who="2" fromWho="2" sc="125,-42,117,-42,387,126,371,-42" /><INIT seed="6,4,0,0,3,91" ten="83,75,513,329" oya="2" hai0="99,19,110,101,21,8,117,39,134,84,112,100,131" hai1="35,126,111,23,113,20,60,12,118,116,6,43,41" hai2="45,53,63,87,79,18,11,65,54,78,31,46,22" hai3="106,71,59,29,123,16,3,61,32,13,76,30,135"/><V47/><F31/><W124/><G123/><T128/><D39/><U129/><E111/><V98/><F11/><W132/><G71/><T103/><D110/><U14/><E60/><V97/><F65/><W40/><G106/><T125/><D125/><U15/><E43/><V48/><F63/><W70/><G70/><T51/><D51/><U90/><E90/><V86/><F48/><W56/><G3/><T5/><D112/><U0/><E41/><V107/><F107/><W108/><G108/><T33/><D33/><U73/><E73/><V121/><F121/><W25/><G124/><T38/><D84/><N who="2" m="32298" /><F18/><W27/><G76/><N who="2" m="29225" /><F22/><N who="1" m="8233" /><E126/><V82/><F82/><W68/><G68/><T133/><D38/><U55/><E55/><AGARI ba="4,0" hai="45,46,47,53,54,55,97,98" m="29225,32298" machi="55" ten="30,5800,0" yaku="28,2,8,1" doraHai="91" who="2" fromWho="1" sc="83,0,75,-70,513,70,329,0" /><INIT seed="6,5,0,5,1,130" ten="83,5,583,329" oya="2" hai0="15,57,73,123,103,22,26,5,76,91,39,89,97" hai1="20,125,9,7,31,54,3,18,27,135,80,66,133" hai2="38,36,35,6,13,25,82,33,51,72,104,121,120" hai3="24,74,90,21,114,70,115,119,32,105,124,0,95"/><V30/><F104/><W127/><G70/><T50/><D123/><U45/><E125/><N who="3" m="48202" /><G0/><T47/><D39/><U71/><E80/><V44/><F35/><W98/><G32/><T132/><D57/><U102/><E102/><V94/><F94/><W78/><G21/><T79/><D73/><U111/><E111/><V62/><F62/><W77/><G24/><T108/><D108/><U129/><E129/><V96/><F96/><N who="3" m="57463" /><G119/><T40/><D26/><U117/><E117/><V64/><F25/><W10/><G10/><T81/><D22/><U131/><E131/><V53/><F33/><W112/><G74/><T86/><D79/><U68/><E31/><V43/><F30/><W116/><G116/><T2/><D2/><U109/><E109/><V14/><F72/><W4/><G4/><T93/><D5/><U8/><E8/><V84/><F6/><W100/><G78/><T49/><D15/><U29/><E29/><V1/><F14/><W11/><G77/><T58/><D76/><U60/><E71/><V118/><F13/><W55/><G11/><T126/><D126/><U75/><E75/><V59/><F1/><W107/><G55/><N who="0" m="32119" /><D103/><U42/><E54/><V65/><F118/><W69/><G69/><T56/><D40/><U41/><E45/><N who="2" m="23799" /><F121/><W83/><G83/><T37/><D37/><U16/><E18/><V106/><F120/><W61/><G61/><T110/><D110/><U46/><E41/><V23/><F36/><W63/><G63/><T113/><D47/><U52/><E42/><V85/><F44/><W34/><G34/><T88/><D81/><RYUUKYOKU ba="5,0" sc="83,-15,5,15,583,-15,329,15" hai1="3,7,9,16,20,27,46,52,60,66,68,133,135" hai3="98,100,105,107,112,114,115" /><INIT seed="7,6,0,5,4,91" ten="68,20,568,344" oya="3" hai0="57,19,6,7,89,30,75,113,36,107,84,110,67" hai1="116,38,55,65,31,3,8,96,69,66,117,71,44" hai2="62,68,51,114,86,5,46,83,63,43,134,126,35" hai3="105,37,133,18,41,112,87,49,61,64,93,47,60"/><W58/><G105/><T97/><D75/><U29/><E3/><V79/><F114/><W12/><G112/><T10/><D36/><U135/><E8/><V81/><F35/><W16/><G133/><T52/><D30/><U13/><E13/><V104/><F68/><N who="1" m="26185" /><E96/><V101/><F126/><W23/><G64/><N who="1" m="24682" /><E31/><V131/><F131/><W88/><G18/><T119/><D113/><U127/><E29/><V25/><F62/><W121/><G121/><T50/><D107/><U2/><E2/><V40/><F40/><W123/><G123/><T24/><D97/><U130/><E130/><V115/><F46/><W95/><G95/><T129/><D129/><U72/><E72/><V28/><F51/><W53/><AGARI ba="6,0" hai="12,16,23,37,41,47,49,53,58,60,61,87,88,93" machi="53" ten="30,18000,2" yaku="0,1,25,2,52,1,54,2" doraHai="91" who="3" fromWho="3" sc="68,-66,20,-66,568,-66,344,198" owari="2,-40.0,-46,-55.0,502,30.0,542,65.0" /></mjloggm>