<mjloggm ver="2.3"><GO type="169" lobby="0"/><UN n0="%74%61%72%6F%6F" n1="%E3%83%A1%E3%82%AB%E3%82%BC%E3%83%83%E3%83%88%E3%83%B3" n2="%E3%83%90%E3%82%A4%E3%82%A2%E3%83%A9%E3%83%B3" n3="%61%69%73%6D" dan="18,16,16,16" rate="2174.70,2123.25,2113.68,2089.77" sx="M,M,M,M"/><TAIKYOKU oya="0"/><INIT seed="0,0,0,1,3,56" ten="250,250,250,250" oya="0" hai0="115,85,41,122,26,17,101,21,36,43,107,98,123" hai1="44,97,2,130,71,28,24,81,23,64,48,135,15" hai2="108,127,40,90,99,72,96,61,33,1,102,53,68" hai3="25,30,4,52,65,80,7,20,91,105,124,129,67"/><T29/><D115/><U79/><E2/><V73/><F33/><W70/><G70/><T104/><D104/><U3/><E3/><V11/><F40/><W59/><G105/><T132/><D132/><U13/><E135/><V120/><F120/><W100/><G129/><T5/><D5/><N who="3" m="2121" /><G124/><T117/><D117/><U77/><E97/><V51/><F11/><W69/><G69/><T54/><D85/><U83/><E130/><V121/><F1/><W119/><G100/><T58/><D29/><U112/><E112/><V84/><F121/><W113/><G119/><T114/><D114/><U19/><E64/><V32/><F32/><W46/><G46/><T8/><D8/><U134/><E71/><V94/><F108/><W110/><G110/><T131/><D131/><U22/><E15/><V63/><F127/><W75/><G75/><T0/><D0/><U16/><E28/><V93/><F99/><W9/><G9/><T128/><D128/><U34/><E34/><V57/><REACH who="2" step="1"/><F51/><REACH who="2" ten="250,250,240,250" step="2"/><N who="3" m="31135" /><G113/><T6/><D41/><N who="1" m="24591" /><E134/><V89/><F89/><W45/><G45/><T76/><D43/><U92/><E79/><V78/><F78/><W66/><G91/><T60/><D76/><U55/><E77/><V87/><F87/><W109/><G109/><T31/><D123/><U126/><E126/><V88/><F88/><W111/><G111/><T37/><D122/><U18/><E22/><V103/><F103/><W10/><G10/><T35/><REACH who="0" step="1"/><D6/><REACH who="0" ten="240,250,240,250" step="2"/><U42/><E42/><V133/><F133/><W27/><G80/><T49/><D49/><U125/><E83/><V38/><F38/><RYUUKYOKU ba="0,2" sc="240,10,250,-30,240,10,250,10" hai0="17,21,26,31,35,36,37,54,58,60,98,101,107" hai2="53,57,61,63,68,72,73,84,90,93,94,96,102" hai3="20,25,27,30,65,66,67" /><INIT seed="0,1,2,4,4,125" ten="250,220,250,260" oya="0" hai0="68,134,97,12,127,129,22,75,111,37,105,30,122" hai1="48,59,17,15,67,69,93,110,3,13,87,124,23" hai2="77,106,26,115,49,102,56,88,6,20,52,114,24" hai3="65,0,118,135,54,89,9,84,73,4,112,82,101"/><T74/><RYUUKYOKU type="yao9" ba="1,2" sc="250,0,220,0,250,0,260,0" hai0="12,22,30,37,68,74,75,97,105,111,122,127,129,134" /><INIT seed="0,2,2,4,5,110" ten="250,220,250,260" oya="0" hai0="75,9,33,134,100,7,46,1,116,29,77,106,130" hai1="91,114,90,78,28,17,31,66,104,122,97,72,115" hai2="37,61,71,8,18,101,12,84,19,121,10,40,88" hai3="126,52,113,95,98,108,57,44,107,85,64,124,42"/><T92/><D116/><U15/><E122/><V132/><F121/><W47/><G113/><N who="1" m="43018" /><E66/><V25/><F132/><W73/><G73/><T3/><D134/><U128/><E128/><V49/><F37/><W105/><G85/><T111/><D130/><U45/><E45/><N who="2" m="25767" /><F71/><W133/><G64/><T30/><D46/><N who="3" m="17449" /><G42/><T22/><D111/><U13/><E78/><V24/><F61/><N who="3" m="36007" /><G108/><T60/><D77/><U81/><E72/><V63/><F63/><W79/><G79/><T20/><D75/><U27/><E81/><N who="2" m="49167" /><F101/><N who="3" m="60639" /><G133/><T16/><D100/><N who="1" m="62479" /><E31/><V34/><F34/><W38/><G38/><T67/><D33/><N who="1" m="20639" /><E15/><AGARI ba="2,2" hai="8,10,12,15,18,19,24,25" m="49167,25767" machi="15" ten="30,2000,0" yaku="8,1,54,1" doraHai="110" who="2" fromWho="1" sc="250,0,220,-26,250,46,260,0" /><INIT seed="1,0,0,1,2,119" ten="250,194,296,260" oya="1" hai0="81,67,7,107,11,118,37,0,87,51,18,102,105" hai1="28,101,128,55,123,133,129,32,76,116,44,36,126" hai2="6,19,89,110,54,135,82,95,125,90,29,134,63" hai3="56,121,94,113,85,127,65,103,8,106,66,46,104"/><U111/><E116/><V9/><F110/><W79/><G121/><T4/><D118/><U26/><E111/><V21/><F125/><W12/><G113/><T38/><D7/><U35/><E126/><V48/><F29/><W60/><G127/><T22/><D67/><U130/><E123/><V59/><F82/><W40/><G104/><T71/><D71/><U72/><E133/><V97/><F89/><W117/><G106/><T43/><D105/><U39/><E35/><V99/><F99/><W78/><G66/><T34/><D34/><U132/><E101/><V98/><F98/><W61/><G61/><T10/><D10/><U68/><E68/><V5/><F48/><N who="3" m="26695" /><G117/><T31/><D31/><U88/><E132/><N who="2" m="50731" /><F9/><W92/><G103/><T53/><D43/><U20/><E32/><V86/><F86/><W1/><G1/><T83/><D102/><U115/><E88/><V93/><F93/><N who="3" m="35947" /><G85/><T74/><D107/><U77/><E115/><V23/><F23/><W69/><G69/><T30/><D74/><U75/><E75/><V58/><F58/><W47/><G47/><T14/><D81/><N who="1" m="45191" /><E77/><V27/><AGARI ba="0,0" hai="5,6,19,21,27,54,59,63,90,95,97" m="50731" machi="27" ten="30,2000,0" yaku="25,1,20,1" doraHai="119" who="2" fromWho="2" sc="250,-5,194,-10,296,20,260,-5" /><INIT seed="2,0,0,4,1,101" ten="245,184,316,255" oya="2" hai0="16,117,56,116,97,24,48,123,23,83,35,55,119" hai1="81,42,78,32,65,26,7,125,17,132,27,88,60" hai2="6,0,39,118,33,95,113,133,70,92,67,43,93" hai3="131,37,25,135,59,72,102,115,94,20,57,107,34"/><V80/><F118/><W63/><G37/><T47/><D123/><U12/><E132/><V38/><F113/><W82/><G34/><T100/><D83/><U4/><E125/><V128/><F133/><W14/><G115/><T130/><D130/><U62/><E42/><V124/><F33/><W5/><G131/><T122/><D122/><U112/><E112/><V2/><F67/><W96/><G135/><T18/><D35/><U61/><E65/><V73/><F70/><W52/><G72/><T46/><REACH who="0" step="1"/><D18/><REACH who="0" ten="235,184,316,255" step="2"/><U71/><E32/><V129/><F129/><W13/><G82/><T1/><D1/><U108/><E108/><V69/><F0/><W98/><G5/><T40/><D40/><U74/><E4/><V36/><F128/><W66/><G66/><T8/><D8/><U87/><E7/><V110/><F110/><W104/><G59/><T44/><D44/><U85/><E71/><V29/><F69/><W103/><G94/><AGARI ba="0,1" hai="16,23,24,46,47,48,55,56,94,97,100,116,117,119" machi="94" ten="40,8000,1" yaku="1,1,12,1,54,1,53,1" doraHai="101" doraHaiUra="54" who="0" fromWho="3" sc="235,90,184,0,316,0,255,-80" /><INIT seed="3,0,0,2,1,12" ten="325,184,316,175" oya="3" hai0="73,75,29,22,14,110,84,128,20,60,66,80,46" hai1="36,30,94,102,3,63,50,101,78,123,47,121,44" hai2="103,120,41,24,87,92,112,51,26,13,115,118,91" hai3="1,67,18,117,108,16,82,70,58,122,32,7,15"/><W56/><G117/><T107/><D107/><U68/><E3/><V81/><F118/><W0/><G122/><T125/><D110/><U59/><E68/><V98/><F120/><W104/><G104/><T34/><D34/><U2/><E2/><V39/><F39/><W86/><G32/><T93/><D125/><U74/><E30/><V49/><F112/><W19/><G108/><T88/><D128/><U5/><E5/><V76/><F115/><W6/><G0/><T95/><D46/><U62/><E59/><N who="3" m="22570" /><G1/><T109/><D109/><U43/><E94/><V79/><F41/><W8/><G70/><T17/><D60/><U35/><E35/><V64/><F64/><W114/><G114/><T21/><D66/><U40/><E36/><V48/><F13/><W37/><G37/><T4/><D4/><N who="3" m="1577" /><G67/><T135/><D135/><U65/><E65/><V90/><F76/><AGARI ba="0,0" hai="8,15,16,18,19,76,82,86" m="1577,22570" machi="76" ten="30,12000,1" yaku="8,1,52,3,54,1" doraHai="12" who="3" fromWho="2" sc="325,0,184,0,316,-120,175,120" /><INIT seed="3,1,0,5,0,94" ten="325,184,196,295" oya="3" hai0="50,67,71,117,89,18,5,20,66,16,109,103,106" hai1="56,32,13,8,38,44,17,37,73,114,123,29,1" hai2="118,132,9,126,60,83,7,57,11,115,135,130,4" hai3="131,58,19,120,122,53,102,63,112,93,21,49,84"/><W26/><G112/><T33/><D33/><U34/><E73/><V6/><F115/><W92/><G131/><T12/><D117/><U95/><E114/><V23/><F130/><W107/><G107/><T100/><D109/><U41/><E123/><V80/><F118/><W74/><G74/><T54/><D71/><U76/><E76/><V47/><F47/><W104/><G104/><T2/><D2/><U121/><E121/><V75/><F75/><W96/><REACH who="3" step="1"/><G49/><REACH who="3" ten="325,184,196,285" step="2"/><T27/><D106/><U105/><E105/><V69/><F135/><W125/><G125/><T79/><D79/><U90/><E38/><V119/><F132/><W97/><G97/><T51/><D51/><U14/><E37/><V39/><F126/><W46/><G46/><T129/><D129/><U133/><E44/><V40/><F39/><W116/><G116/><T101/><D50/><U111/><E133/><V91/><F119/><W3/><G3/><T110/><D110/><U128/><E1/><V45/><F45/><W72/><G72/><T31/><D54/><U61/><E128/><V85/><F40/><W30/><G30/><T81/><D31/><U64/><E29/><V68/><F68/><W48/><G48/><T88/><D66/><U62/><E41/><V124/><F69/><W77/><G77/><T55/><D55/><U0/><E0/><V70/><F70/><W87/><G87/><N who="0" m="50287" /><D67/><U113/><E64/><N who="2" m="38927" /><F124/><W98/><G98/><T28/><D28/><U99/><E113/><V78/><F78/><W35/><G35/><T65/><D65/><U25/><E34/><V82/><F85/><RYUUKYOKU ba="1,1" sc="325,-10,184,-10,196,-10,285,30" hai3="19,21,26,53,58,63,84,92,93,96,102,120,122" /><INIT seed="3,2,1,5,5,121" ten="315,174,186,315" oya="3" hai0="81,36,57,24,51,68,44,117,11,127,89,67,62" hai1="12,107,115,52,93,75,90,9,70,43,22,66,1" hai2="27,116,65,84,3,64,88,118,42,76,77,123,120" hai3="33,85,56,35,101,28,55,113,60,110,34,86,18"/><W79/><G110/><T46/><D117/><N who="2" m="45162" /><F3/><W48/><G113/><T49/><D127/><U83/><E107/><V96/><F42/><W13/><G101/><T30/><D11/><U128/><E115/><V114/><F27/><W95/><G28/><T4/><D4/><U97/><E1/><V112/><F65/><W111/><G111/><T21/><D36/><U103/><E128/><V16/><F16/><W45/><G95/><T50/><D68/><U40/><E22/><V41/><F41/><W39/><G79/><N who="2" m="30281" /><F64/><W122/><G122/><N who="2" m="46633" /><F96/><W71/><G71/><T78/><D46/><U129/><E66/><V25/><F25/><W124/><G39/><T29/><D44/><U10/><E70/><V119/><N who="2" m="45170" /><V17/><DORA hai="94" /><F17/><W104/><G34/><T19/><D19/><U26/><E97/><V6/><F6/><W91/><G33/><T92/><D29/><U32/><E26/><V14/><F14/><W53/><G35/><T37/><D37/><U99/><E99/><V47/><F47/><W100/><G18/><T106/><D30/><U134/><E32/><V15/><F15/><W2/><G13/><T63/><D24/><U132/><E12/><V133/><F133/><W59/><G2/><T38/><D21/><U98/><E134/><V125/><F125/><W58/><G124/><T23/><D23/><U131/><E132/><V72/><F72/><W109/><G45/><T8/><D38/><U5/><E75/><V61/><F61/><W80/><G60/><T82/><D67/><U0/><E0/><V108/><F108/><W7/><G109/><RYUUKYOKU ba="2,1" sc="315,-10,174,-10,186,30,315,-10" hai2="84,88,112,114" /><INIT seed="4,3,1,1,2,40" ten="305,164,216,305" oya="0" hai0="8,48,100,94,57,47,15,133,65,130,51,105,111" hai1="50,108,72,18,44,92,7,78,96,127,42,112,39" hai2="114,104,84,46,73,12,93,71,69,0,109,43,62" hai3="103,121,32,24,38,9,87,123,118,135,55,56,28"/><T63/><D105/><U70/><E70/><V81/><F109/><W13/><G38/><T134/><D111/><U67/><E108/><V95/><F0/><W98/><G118/><T1/><D1/><U61/><E127/><V30/><F104/><W59/><G87/><T45/><D130/><U97/><E7/><V25/><F73/><W64/><G64/><T2/><D2/><U17/><E112/><V86/><F12/><W132/><G98/><N who="0" m="59479" /><D134/><N who="3" m="51241" /><G103/><T99/><D99/><U119/><E119/><V29/><F29/><W49/><G59/><T110/><D110/><U120/><E120/><V22/><F114/><W36/><G36/><T74/><D74/><U21/><E39/><V129/><F129/><W41/><G41/><T58/><D133/><U125/><E125/><V37/><F86/><W102/><G102/><T126/><D126/><U20/><E72/><V14/><F71/><W79/><G79/><T88/><D88/><N who="1" m="55303" /><E78/><V3/><F69/><W131/><G131/><T11/><D58/><N who="1" m="37303" /><E97/><V117/><F117/><W113/><G113/><T34/><D34/><U83/><E83/><V19/><F81/><W4/><AGARI ba="3,1" hai="4,9,13,24,28,32,49,55,56,121,123" m="51241" machi="4" ten="30,1100,0" yaku="20,1" doraHai="40" who="3" fromWho="3" sc="305,-8,164,-6,216,-6,305,30" /><INIT seed="5,0,0,5,5,36" ten="297,158,210,335" oya="1" hai0="60,19,96,113,11,62,40,53,56,47,112,108,6" hai1="27,49,28,63,72,80,79,104,132,16,98,24,89" hai2="127,10,82,3,37,23,76,129,119,15,57,5,54" hai3="39,41,68,87,44,78,107,33,65,67,13,2,81"/><U90/><E132/><V114/><F129/><W106/><G2/><T48/><D108/><U111/><E111/><V93/><F127/><W52/><G33/><T70/><D19/><U135/><E135/><V109/><F109/><W9/><G52/><T7/><D96/><U74/><E63/><V128/><F119/><W97/><G68/><T123/><D123/><U22/><E72/><V126/><F37/><W73/><G73/><T1/><REACH who="0" step="1"/><D6/><REACH who="0" ten="287,158,210,335" step="2"/><U133/><E133/><V105/><F5/><W91/><G97/><T99/><D99/><U85/><E49/><V58/><F128/><W64/><REACH who="3" step="1"/><G78/><REACH who="3" ten="287,158,210,325" step="2"/><T110/><D110/><U130/><E130/><V125/><F76/><W21/><G21/><T20/><D20/><U59/><E104/><V94/><F105/><W14/><G14/><T46/><D46/><U88/><E98/><V116/><F15/><W66/><N who="3" m="16384" /><DORA hai="69" /><W101/><G101/><T124/><D124/><U26/><E59/><V32/><F58/><W122/><G122/><T25/><D25/><N who="1" m="9835" /><E74/><V4/><F57/><W34/><G34/><T86/><D86/><N who="1" m="48415" /><E28/><V83/><F126/><W35/><G35/><T30/><D30/><U50/><E50/><V71/><F125/><W51/><G51/><T92/><D92/><AGARI ba="0,2" hai="16,22,27,85,88,89,90,92" m="48415,9835" machi="92" ten="30,5800,0" yaku="8,1,54,2" doraHai="36,69" who="1" fromWho="0" sc="287,-58,158,78,210,0,325,0" /><INIT seed="5,1,0,5,1,32" ten="229,236,210,325" oya="1" hai0="64,14,103,18,79,80,19,123,49,40,34,11,15" hai1="127,77,37,133,115,61,113,46,69,10,8,74,117" hai2="29,9,121,59,33,6,42,75,104,83,116,21,114" hai3="94,62,101,25,130,107,129,109,20,135,108,111,55"/><U30/><E117/><V43/><F104/><W22/><G107/><T39/><D34/><U12/><E30/><V35/><F121/><W54/><G135/><T47/><D123/><U125/><E133/><V102/><F102/><W67/><G101/><T70/><D103/><U112/><E77/><N who="2" m="44479" /><F59/><N who="3" m="37343" /><G94/><T89/><D89/><U118/><E74/><V13/><F43/><W110/><G20/><T90/><D90/><U68/><E118/><V26/><F42/><W119/><G119/><T105/><D105/><U0/><E37/><V91/><F91/><W3/><G3/><T5/><D39/><U100/><E100/><V65/><F65/><W97/><G97/><T7/><D64/><N who="1" m="40975" /><E46/><V72/><F72/><W58/><G58/><T16/><D70/><U124/><E69/><V23/><F116/><W84/><G84/><N who="0" m="48159" /><D5/><N who="1" m="1063" /><E115/><V57/><F114/><W36/><G36/><T28/><D28/><U131/><E131/><N who="3" m="50186" /><G111/><T45/><D45/><U122/><E122/><V85/><F57/><W52/><G110/><T128/><D128/><U86/><E86/><V99/><F85/><W31/><AGARI ba="1,0" hai="22,25,31,52,54,55,108,109" m="50186,37343" machi="31" ten="30,2000,0" yaku="19,1,54,1" doraHai="32" who="3" fromWho="3" sc="229,-6,236,-11,210,-6,325,23" /><INIT seed="6,0,0,1,3,102" ten="223,225,204,348" oya="2" hai0="33,75,95,88,121,38,71,29,62,67,120,80,37" hai1="27,24,79,128,100,52,16,5,49,99,129,114,43" hai2="106,10,104,23,44,21,109,12,3,45,94,118,93" hai3="113,110,127,83,96,65,101,46,36,84,108,11,130"/><V126/><F118/><W4/><G113/><T15/><D33/><U17/><E5/><V111/><F3/><W58/><G130/><N who="1" m="50282" /><E79/><V64/><F64/><W39/><G127/><T134/><D29/><U7/><E7/><V92/><F126/><W103/><G58/><T77/><D134/><U54/><E43/><V97/><F97/><W28/><G65/><T122/><REACH who="0" step="1"/><D15/><REACH who="0" ten="213,225,204,348" step="2"/><U73/><E114/><V47/><F12/><N who="3" m="5223" /><G28/><T59/><D59/><U117/><E117/><V8/><F111/><W32/><G110/><T69/><D69/><U125/><E125/><V6/><F109/><W81/><G32/><T56/><D56/><U35/><E35/><V51/><F6/><W53/><G108/><T98/><AGARI ba="0,1" hai="37,38,62,67,71,75,77,80,88,95,98,120,121,122" machi="98" ten="30,4000,0" yaku="1,1,0,1,54,1,53,0" doraHai="102" doraHaiUra="48" who="0" fromWho="0" sc="213,50,225,-10,204,-20,348,-10" /><INIT seed="7,0,0,0,0,98" ten="263,215,184,338" oya="3" hai0="102,0,31,23,93,90,124,97,36,48,20,94,43" hai1="130,22,29,95,96,104,88,30,86,45,14,121,100" hai2="127,35,106,71,32,132,51,85,8,112,44,84,4" hai3="110,9,24,114,70,131,12,66,79,1,76,10,33"/><W116/><G116/><T37/><D0/><U27/><E121/><V118/><F118/><W77/><G114/><T58/><D124/><U128/><E14/><V26/><F112/><W68/><G131/><N who="1" m="50218" /><E45/><V53/><F127/><W80/><G110/><T62/><D37/><U69/><E69/><V3/><F71/><W119/><G119/><T125/><D36/><U18/><AGARI ba="0,0" hai="18,22,27,29,30,86,88,95,96,100,104" m="50218" machi="18" ten="30,4000,0" yaku="19,1,52,1,54,1" doraHai="98" who="1" fromWho="1" sc="263,-10,215,40,184,-10,338,-20" owari="253,-15.0,255,6.0,174,-33.0,318,42.0" /></mjloggm>