<mjloggm ver="2.3"><GO type="169" lobby="0"/><UN n0="%E3%82%B4%E3%83%9F%E3%83%84%E3%83%A2" n1="%61%69%73%6D" n2="%E3%82%84%E3%81%B6%E3%81%84%E3%81%97" n3="%E3%81%82%E3%81%84%E3%81%82%E3%81%8A%E3%81%84" dan="17,16,16,19" rate="2164.81,2088.13,2147.91,2231.60" sx="M,M,M,M"/><TAIKYOKU oya="0"/><INIT seed="0,0,0,3,4,118" ten="250,250,250,250" oya="0" hai0="29,123,120,134,56,125,16,132,17,47,92,41,20" hai1="99,106,27,34,77,75,65,107,37,70,0,109,45" hai2="51,95,32,113,24,15,133,130,110,82,12,91,50" hai3="10,38,44,1,116,80,49,26,23,89,72,8,25"/><T76/><D125/><U96/><E109/><V105/><F110/><W127/><G116/><T31/><D56/><U71/><E96/><V97/><F113/><W13/><G127/><T90/><D76/><U124/><E124/><V48/><F130/><W86/><G72/><T94/><D17/><U108/><E108/><V36/><F36/><W2/><G38/><T131/><D131/><U58/><E58/><V74/><F133/><N who="0" m="51306" /><D94/><U83/><E0/><V55/><F105/><N who="1" m="39945" /><E99/><V88/><F55/><W101/><G101/><T63/><D63/><U33/><E65/><V53/><F53/><W93/><G93/><T68/><D68/><N who="1" m="26155" /><E27/><V121/><F32/><N who="1" m="12393" /><E45/><V67/><F67/><W6/><G25/><N who="0" m="14471" /><D31/><U115/><E37/><V87/><F24/><W57/><G57/><T122/><D29/><U69/><N who="1" m="26163" /><U21/><DORA hai="3" /><E21/><V111/><F111/><W112/><G10/><T102/><D102/><U14/><E14/><V19/><F12/><W54/><REACH who="3" step="1"/><G112/><AGARI ba="0,0" hai="75,77,83,112,115" m="12393,26163,39945" machi="112" ten="50,6400,0" yaku="26,2,23,1" doraHai="118,3" who="1" fromWho="3" sc="250,0,250,64,250,0,250,-64" /><INIT seed="1,0,0,2,0,53" ten="250,314,250,186" oya="1" hai0="46,82,71,1,47,7,125,51,60,20,92,30,2" hai1="102,97,85,11,65,101,19,27,8,100,93,86,55" hai2="16,57,26,83,31,130,90,105,66,41,37,111,128" hai3="34,106,67,29,9,74,87,50,95,79,61,123,113"/><U135/><E135/><V43/><F105/><W36/><G36/><T103/><D125/><U119/><E119/><V18/><F111/><W122/><G74/><T21/><D47/><U15/><E65/><V131/><F83/><W45/><G106/><T78/><D7/><U38/><E38/><V126/><F90/><W44/><G44/><T134/><D134/><U108/><E108/><V120/><F120/><W23/><G34/><T99/><D71/><U117/><E117/><V69/><F69/><W0/><G113/><T80/><D60/><U22/><E55/><V14/><F126/><W6/><G29/><T10/><D10/><U121/><E121/><V70/><F70/><W39/><G23/><T13/><D80/><U63/><E63/><N who="2" m="38255" /><F37/><W110/><G39/><T91/><D103/><N who="1" m="39499" /><E8/><N who="2" m="6215" /><F18/><AGARI ba="0,0" hai="11,15,18,19,22,27,85,86,93,97,102" m="39499" machi="18" ten="30,1500,0" yaku="8,1" doraHai="53" who="1" fromWho="2" sc="250,0,314,15,250,-15,186,0" /><INIT seed="1,1,0,3,4,101" ten="250,329,235,186" oya="1" hai0="109,98,90,103,69,44,11,75,95,112,79,74,110" hai1="83,18,58,6,38,54,27,84,28,57,36,121,22" hai2="118,66,71,16,64,56,68,73,3,40,86,37,132" hai3="76,96,10,55,51,30,63,89,92,39,111,25,106"/><U20/><E121/><V61/><F73/><W2/><G111/><N who="0" m="42507" /><D69/><U62/><E6/><V88/><F3/><W24/><G39/><T77/><D44/><U104/><E104/><V128/><F118/><W82/><G63/><T117/><D11/><U99/><E99/><V72/><F72/><N who="0" m="27690" /><D117/><U59/><E38/><V85/><F85/><N who="3" m="48327" /><G106/><N who="0" m="63863" /><D112/><U45/><E45/><V126/><F40/><W131/><G10/><T134/><D134/><U94/><E94/><V35/><F35/><W5/><G92/><T91/><D91/><N who="1" m="51615" /><E36/><V34/><F34/><W70/><G89/><T129/><D129/><U60/><E60/><V78/><F132/><W105/><G70/><T4/><D4/><U47/><E47/><V1/><F1/><W87/><G5/><T17/><D17/><U67/><E67/><V125/><F128/><W120/><G2/><T0/><D0/><U21/><E21/><V53/><F37/><W50/><G131/><T122/><D122/><U15/><AGARI ba="1,0" hai="15,18,20,22,27,28,54,57,58,59,62" m="51615" machi="15" ten="30,1500,0" yaku="8,1" doraHai="101" who="1" fromWho="1" sc="250,-6,329,18,235,-6,186,-6" /><INIT seed="1,2,0,4,5,36" ten="244,347,229,180" oya="1" hai0="42,134,7,120,133,46,41,74,31,45,100,6,25" hai1="117,124,40,59,132,48,99,65,61,121,70,91,80" hai2="12,95,93,17,20,107,114,79,96,98,22,128,68" hai3="82,39,110,88,8,116,49,44,89,63,71,3,37"/><U77/><E121/><V43/><F128/><W23/><G110/><T64/><D74/><U101/><E117/><V90/><F114/><W1/><G116/><T56/><D100/><U106/><E132/><N who="0" m="50793" /><D120/><U50/><E124/><V11/><F68/><W92/><G82/><T24/><D56/><U27/><E91/><V75/><F107/><W2/><G8/><T103/><D64/><U118/><E118/><V123/><F123/><W18/><G63/><T5/><D103/><U76/><E76/><V0/><F0/><W85/><G89/><T125/><D125/><U112/><E112/><V126/><F126/><W28/><G28/><T62/><D62/><U4/><E4/><V58/><F75/><W67/><G67/><T109/><D109/><U10/><E10/><V47/><F58/><W53/><REACH who="3" step="1"/><G71/><REACH who="3" ten="244,347,229,170" step="2"/><T104/><D104/><U73/><E70/><V60/><F60/><W86/><G86/><T87/><D87/><U35/><E65/><V55/><F79/><W21/><G21/><T115/><D115/><U111/><E111/><V130/><F20/><W108/><G108/><T33/><D31/><U13/><E61/><V38/><F22/><W72/><G72/><T9/><D33/><U122/><E122/><V127/><F127/><W69/><G69/><T29/><D9/><U105/><E105/><V15/><F11/><W81/><G81/><T83/><D83/><U16/><E80/><V57/><F17/><W30/><G30/><T94/><D29/><U26/><E73/><V78/><F78/><W113/><G113/><T129/><D129/><U14/><E77/><RYUUKYOKU ba="2,1" sc="244,-10,347,-10,229,-10,170,30" hai3="1,2,3,18,23,37,39,44,49,53,85,88,92" /><INIT seed="2,3,1,2,3,89" ten="234,337,219,200" oya="2" hai0="130,106,2,8,129,29,135,121,32,0,50,91,34" hai1="41,87,76,124,112,52,109,131,102,122,117,111,94" hai2="4,81,6,134,7,128,74,99,48,45,65,110,36" hai3="80,43,93,71,120,57,70,58,123,18,63,11,77"/><V85/><F128/><N who="0" m="49258" /><D121/><U132/><E122/><V51/><F134/><W115/><G43/><T1/><D135/><U66/><E117/><V61/><F74/><W88/><G115/><T86/><D106/><U53/><E112/><V12/><F110/><N who="1" m="41993" /><E124/><V105/><F7/><W125/><G125/><T31/><D8/><U13/><E131/><V23/><F36/><W68/><G58/><T83/><D50/><U79/><E132/><V27/><F12/><W133/><G133/><T55/><D55/><N who="1" m="21067" /><E41/><V54/><F51/><W92/><G18/><T39/><D39/><U19/><E66/><V75/><F75/><W67/><G11/><T22/><D22/><N who="1" m="11631" /><E87/><V17/><F105/><W100/><G100/><T35/><AGARI ba="3,1" hai="0,1,2,29,31,32,34,35,83,86,91" m="49258" machi="35" ten="50,1600,0" yaku="19,1" doraHai="89" who="0" fromWho="0" sc="234,35,337,-7,219,-11,200,-7" /><INIT seed="3,0,0,1,3,133" ten="269,330,208,193" oya="3" hai0="59,109,98,84,26,129,64,86,2,120,75,61,22" hai1="0,82,123,119,121,19,110,47,57,131,23,68,53" hai2="69,102,60,83,18,14,58,105,30,118,62,88,7" hai3="27,79,10,114,112,21,63,111,125,128,70,100,96"/><W9/><G79/><T76/><D2/><U37/><E68/><V41/><F118/><W132/><G132/><T117/><D120/><U67/><E0/><V48/><F7/><W55/><G55/><T42/><D117/><U122/><E119/><V73/><F69/><W1/><G1/><T93/><D109/><U130/><E82/><V85/><F73/><W108/><G63/><T95/><D129/><N who="1" m="49163" /><E110/><N who="3" m="42026" /><G70/><T36/><D95/><U72/><E72/><V71/><F71/><W107/><G128/><T90/><D75/><U56/><E67/><V34/><F34/><W4/><G4/><T50/><D36/><U92/><E92/><V116/><F116/><W20/><G20/><T101/><D76/><U65/><E65/><V135/><F30/><N who="3" m="17775" /><G125/><T113/><D113/><AGARI ba="0,0" hai="9,10,96,100,107,112,113,114" m="17775,42026" machi="113" ten="30,2900,0" yaku="14,1,10,1" doraHai="133" who="3" fromWho="0" sc="269,-29,330,0,208,0,193,29" /><INIT seed="3,1,0,2,0,112" ten="240,330,208,222" oya="3" hai0="135,120,83,34,91,100,42,70,53,56,26,67,36" hai1="32,22,69,0,132,111,40,55,48,92,114,126,16" hai2="72,87,50,11,68,63,74,66,51,39,98,85,13" hai3="61,6,125,73,131,94,23,89,21,79,123,105,108"/><W17/><G123/><T5/><D120/><U47/><E114/><V35/><F39/><W82/><G105/><T38/><D135/><U81/><E69/><V134/><F35/><W109/><G6/><T119/><D119/><U29/><E0/><V76/><F134/><W65/><G125/><T2/><D100/><U110/><E126/><V7/><F98/><W80/><G80/><T90/><D2/><U25/><E132/><V118/><F118/><W124/><G124/><T43/><D5/><U31/><E92/><V116/><F116/><W46/><G46/><T122/><D122/><U62/><E81/><V15/><F15/><W33/><G33/><T41/><D70/><U59/><REACH who="1" step="1"/><E32/><REACH who="1" ten="240,320,208,222" step="2"/><V14/><F68/><W28/><G94/><T4/><D83/><U64/><E64/><V107/><F66/><W57/><G131/><T77/><D67/><U104/><E104/><V10/><F107/><W101/><G82/><T1/><D1/><U18/><E18/><V78/><F7/><W102/><G17/><T37/><D4/><U30/><AGARI ba="1,1" hai="16,22,25,29,30,31,40,47,48,55,59,62,110,111" machi="30" ten="30,4000,0" yaku="1,1,0,1,54,1,53,0" doraHai="112" doraHaiUra="128" who="1" fromWho="1" sc="240,-11,320,53,208,-11,222,-21" /><INIT seed="4,0,0,1,0,21" ten="229,373,197,201" oya="0" hai0="17,23,2,33,11,37,94,29,86,121,135,93,129" hai1="59,45,70,132,0,131,32,50,16,84,118,103,46" hai2="54,19,81,36,130,63,96,42,26,116,43,73,68" hai3="53,69,12,89,114,6,100,72,52,88,101,34,62"/><T90/><D121/><U105/><E70/><V20/><F130/><W71/><G72/><T57/><D129/><U134/><E32/><V30/><F116/><W48/><G34/><T55/><D135/><N who="1" m="51755" /><E0/><V31/><F68/><W106/><G106/><T115/><D115/><U107/><E118/><V38/><F38/><W39/><G39/><T60/><D37/><U61/><E131/><V3/><F3/><W25/><G114/><T113/><D113/><U40/><E46/><V66/><F66/><W58/><G71/><T82/><D33/><U97/><E84/><V119/><F119/><W28/><G69/><T127/><D127/><U111/><E16/><V47/><F43/><W41/><G41/><T35/><D35/><U87/><E87/><V15/><F96/><W13/><G6/><T102/><D29/><U56/><E56/><V65/><F65/><W108/><G108/><T98/><D2/><U85/><E85/><V76/><REACH who="2" step="1"/><F15/><REACH who="2" ten="229,373,187,201" step="2"/><W122/><G12/><T123/><D123/><U99/><E111/><V18/><F18/><W78/><G13/><T133/><D133/><U120/><E120/><V22/><F22/><N who="3" m="15415" /><G122/><T64/><D11/><U117/><E117/><V27/><F27/><W51/><G78/><T8/><D8/><U10/><E10/><V126/><F126/><W9/><G9/><T112/><D112/><U95/><E99/><V128/><F128/><W7/><G7/><T4/><D4/><U104/><E104/><V44/><F44/><N who="3" m="27751" /><G48/><T24/><D64/><AGARI ba="0,1" hai="40,45,50,59,61,64,95,97,103,105,107" m="51755" machi="64" ten="30,1000,0" yaku="20,1" doraHai="21" who="1" fromWho="0" sc="229,-10,373,20,187,0,201,0" /><INIT seed="5,0,0,2,0,65" ten="219,393,187,201" oya="1" hai0="34,106,127,2,60,92,105,7,15,102,77,86,64" hai1="90,69,76,30,26,16,111,32,12,13,81,0,14" hai2="11,19,98,17,21,36,4,83,119,61,72,48,35" hai3="41,53,78,131,29,71,39,118,57,54,33,84,56"/><U80/><E69/><V114/><F36/><W40/><G29/><T134/><D127/><U135/><E135/><V122/><F35/><W120/><G33/><T1/><D134/><U96/><E111/><V110/><F119/><W58/><G84/><T66/><D34/><U51/><E0/><V3/><F122/><W133/><G78/><T37/><D37/><U130/><E130/><V109/><F114/><W93/><G93/><T97/><D66/><U55/><E96/><V95/><F61/><W52/><G133/><T126/><D126/><U59/><E90/><V128/><F128/><W18/><G18/><T23/><D106/><U129/><E129/><V94/><F19/><W47/><G131/><T20/><D20/><U116/><E81/><V132/><F95/><W73/><G73/><T104/><D104/><U63/><E116/><V121/><F121/><W49/><G120/><T6/><D6/><U112/><E112/><V85/><F72/><W75/><G75/><T74/><D23/><U31/><E31/><V5/><F5/><W101/><G101/><T70/><D7/><U44/><E16/><V79/><F48/><W125/><G125/><T87/><D15/><U8/><E13/><V62/><F62/><W24/><G24/><T103/><D103/><U123/><E123/><V82/><F82/><W50/><G118/><T91/><D87/><N who="1" m="48519" /><E8/><V107/><F107/><W117/><G117/><T27/><D27/><U108/><E108/><V45/><F132/><W67/><G41/><T124/><D124/><U42/><E32/><V46/><F110/><W43/><G43/><RYUUKYOKU ba="0,0" sc="219,10,393,10,187,-30,201,10" hai0="1,2,60,64,70,74,77,86,91,92,97,102,105" hai1="12,14,26,30,42,44,51,55,59,63" hai3="39,40,47,49,50,52,53,54,56,57,58,67,71" /><INIT seed="5,1,0,2,4,43" ten="229,403,157,211" oya="1" hai0="28,127,108,63,83,84,70,92,25,4,130,116,36" hai1="32,79,90,60,9,13,10,20,29,123,132,81,124" hai2="102,50,27,98,74,33,68,73,75,18,69,104,48" hai3="58,57,128,47,65,100,118,39,45,85,12,110,66"/><U111/><E123/><V19/><F33/><W121/><G121/><T24/><D116/><U40/><E111/><V86/><F86/><W122/><G122/><T35/><D108/><U99/><E132/><V8/><F8/><W93/><G110/><T1/><D36/><U125/><E32/><V38/><F38/><W22/><G39/><T0/><D127/><N who="1" m="48715" /><E40/><V95/><F104/><W80/><G118/><T131/><D92/><N who="1" m="56727" /><E60/><V120/><F120/><W56/><G128/><N who="0" m="49195" /><D4/><U97/><E97/><V2/><F2/><W55/><G55/><T72/><D72/><U53/><E53/><V52/><F50/><W103/><G12/><T51/><D51/><U117/><E117/><V21/><REACH who="2" step="1"/><F18/><REACH who="2" ten="229,403,147,211" step="2"/><W17/><G17/><T115/><D115/><U106/><E106/><V62/><F62/><W46/><G22/><N who="0" m="15383" /><D63/><U54/><E9/><V26/><F26/><W113/><G113/><T16/><D35/><U49/><E10/><V44/><AGARI ba="1,1" hai="19,21,27,44,48,52,68,69,73,74,75,95,98,102" machi="44" ten="30,7900,0" yaku="1,1,0,1,52,1,54,1,53,0" doraHai="43" doraHaiUra="87" who="2" fromWho="2" sc="229,-21,403,-40,147,92,211,-21" /><INIT seed="6,0,0,4,2,115" ten="208,363,239,190" oya="2" hai0="4,42,70,53,60,127,62,99,107,72,78,21,54" hai1="8,92,58,125,34,111,57,36,82,44,63,65,123" hai2="10,75,3,88,100,13,0,32,64,12,19,95,18" hai3="26,59,5,83,131,129,117,134,66,7,50,67,73"/><V22/><F75/><W68/><G134/><T31/><D127/><U128/><E34/><V102/><F32/><W16/><G68/><T46/><D4/><N who="3" m="1609" /><G50/><T39/><D72/><U17/><E128/><N who="3" m="49226" /><G59/><T27/><D78/><U15/><E123/><V9/><F64/><W94/><G94/><T38/><D38/><U51/><E111/><V79/><F79/><N who="3" m="44527" /><G117/><T69/><D60/><U104/><E104/><V52/><F22/><AGARI ba="0,0" hai="16,22,26,66,67" m="44527,49226,1609" machi="22" ten="30,2000,0" yaku="19,1,54,1" doraHai="115" who="3" fromWho="2" sc="208,0,363,0,239,-20,190,20" /><INIT seed="7,0,0,0,3,98" ten="208,363,219,210" oya="3" hai0="22,72,95,92,97,30,31,43,118,104,4,91,46" hai1="120,2,65,18,114,28,85,53,61,86,100,71,75" hai2="16,47,1,126,14,41,57,80,64,23,87,38,99" hai3="128,117,132,122,25,6,17,24,109,45,115,130,56"/><W113/><G122/><T88/><D72/><U107/><E2/><V50/><F126/><W48/><G117/><T105/><D118/><U7/><E75/><V83/><F1/><W69/><G69/><T0/><D0/><U66/><E120/><V42/><F38/><W59/><G6/><T32/><D32/><U70/><E7/><V49/><F99/><W94/><G109/><T34/><D34/><U74/><E74/><V108/><F108/><W26/><G17/><T39/><D4/><U40/><E40/><V84/><F64/><W119/><G94/><T129/><D129/><N who="3" m="49769" /><G119/><T63/><D63/><U19/><E28/><V133/><F133/><W67/><G132/><T13/><D30/><U37/><E37/><V131/><F131/><W78/><G78/><T73/><D73/><U96/><E53/><N who="2" m="31919" /><F42/><N who="3" m="24631" /><G67/><T3/><D3/><U106/><E106/><V60/><F60/><W116/><G116/><T124/><D124/><U27/><E66/><V8/><F8/><W68/><G68/><T12/><D12/><U20/><E71/><V62/><F62/><W55/><G59/><T52/><D52/><U35/><E18/><V36/><F36/><W135/><G135/><T76/><D76/><U82/><E35/><V101/><F83/><W58/><G58/><T15/><D15/><U79/><E114/><V29/><F80/><W93/><G93/><T51/><D39/><U102/><E82/><V90/><F29/><W125/><G125/><T33/><D33/><U121/><E121/><V21/><F47/><W10/><G10/><T127/><D127/><U5/><E70/><RYUUKYOKU ba="0,0" sc="208,-10,363,-10,219,-10,210,30" hai3="24,25,26,55,56,113,115" /><INIT seed="7,1,0,4,0,131" ten="198,353,209,240" oya="3" hai0="27,133,13,77,28,3,1,80,112,93,120,16,123" hai1="113,6,47,85,26,79,29,22,54,126,9,87,7" hai2="95,15,65,106,48,66,128,60,130,11,75,34,20" hai3="23,45,24,119,89,39,17,41,99,122,116,40,105"/><W76/><G122/><T10/><D112/><U37/><E126/><V92/><F106/><W62/><G76/><T25/><D133/><U111/><E113/><V101/><F34/><W58/><G41/><T55/><D93/><U103/><E111/><V51/><F75/><W96/><G105/><T4/><D55/><U134/><E134/><V132/><F132/><W30/><G30/><T109/><D109/><U81/><E103/><V31/><F66/><W50/><G39/><T94/><D94/><U70/><E70/><V12/><F12/><W124/><G124/><T69/><D69/><U61/><E37/><V49/><F20/><W63/><G63/><T102/><D102/><U43/><E61/><V98/><F31/><W53/><REACH who="3" step="1"/><G89/><REACH who="3" ten="198,353,209,230" step="2"/><T108/><D108/><U46/><E43/><V64/><F130/><W36/><G36/><T21/><D77/><U18/><E79/><V2/><F128/><W83/><G83/><T35/><D80/><U129/><E81/><V84/><F95/><W125/><G125/><T33/><D33/><U91/><E129/><V73/><F60/><W44/><G44/><T67/><D67/><U115/><E47/><V97/><F65/><W8/><G8/><T0/><AGARI ba="1,1" hai="0,1,3,4,10,13,16,21,25,27,28,35,120,123" machi="0" ten="30,8000,1" yaku="0,1,34,3,54,1" doraHai="131" who="0" fromWho="0" sc="198,93,353,-21,209,-21,230,-41" owari="291,9.0,332,43.0,188,-31.0,189,-21.0" /></mjloggm>