<mjloggm ver="2.3"><GO type="169" lobby="0"/><UN n0="%E9%BA%BB%E7%94%9F%E9%9B%80%E5%AD%90" n1="%23%37%34%E5%A4%A7%E6%B2%BB%E9%83%8E" n2="%E3%82%86%E3%81%BF%E2%98%86%E3%83%9F" n3="%E5%8C%97%E5%8D%8A%E7%90%83" dan="16,16,16,16" rate="2156.18,2095.28,2095.62,2006.84" sx="F,M,F,F"/><TAIKYOKU oya="0"/><INIT seed="0,0,0,0,0,54" ten="250,250,250,250" oya="0" hai0="108,24,112,8,67,111,91,34,69,116,90,122,62" hai1="3,22,110,45,105,13,123,10,131,20,36,21,70" hai2="33,7,87,98,83,18,14,4,55,28,121,84,76" hai3="109,65,27,41,23,58,101,37,102,79,126,99,32"/><T31/><D112/><U133/><E105/><V57/><F121/><W46/><G32/><T118/><D122/><U85/><E70/><V19/><F98/><W92/><G126/><T61/><D8/><U43/><E123/><V9/><F87/><W97/><G79/><T17/><D17/><U30/><E110/><N who="0" m="42025" /><D62/><U80/><E133/><V29/><F33/><W66/><G109/><T93/><D90/><U128/><E3/><V74/><F74/><W48/><G37/><T107/><D107/><U132/><E132/><V11/><F19/><W39/><G39/><T119/><D119/><U115/><E115/><V134/><F134/><W44/><G44/><T71/><D71/><U104/><E104/><V81/><F81/><W100/><G100/><T75/><D75/><U26/><E131/><V50/><REACH who="2" step="1"/><F18/><REACH who="2" ten="250,250,240,250" step="2"/><W120/><G120/><T95/><D95/><U12/><E128/><V106/><F106/><W40/><G99/><AGARI ba="0,1" hai="24,31,34,61,67,69,91,93,99,116,118" m="42025" machi="99" ten="30,2900,0" yaku="14,1,10,1" doraHai="54" who="0" fromWho="3" sc="250,39,250,0,240,0,250,-29" /><INIT seed="0,1,0,0,0,89" ten="289,250,240,221" oya="0" hai0="132,93,108,4,125,103,131,56,58,23,96,116,91" hai1="46,41,16,44,25,107,127,6,24,65,18,104,62" hai2="66,92,20,12,28,13,98,3,78,69,39,34,9" hai3="88,81,40,59,75,51,15,126,47,38,100,85,118"/><T64/><D116/><U123/><E123/><V97/><F39/><W114/><G118/><T48/><D132/><U53/><E6/><V42/><F42/><W36/><G114/><T122/><D122/><U119/><E119/><V32/><F78/><W30/><G126/><T8/><D125/><U35/><E127/><V54/><F98/><W76/><G100/><T73/><D73/><U111/><E111/><V99/><F99/><W50/><G30/><T113/><D113/><U120/><E120/><V90/><F34/><W87/><G75/><T63/><D131/><U52/><E41/><V112/><F112/><W83/><REACH who="3" step="1"/><G15/><REACH who="3" ten="289,250,240,211" step="2"/><N who="0" m="5511" /><D108/><U79/><E35/><V129/><F13/><W86/><G86/><T101/><D23/><U55/><E104/><V29/><F20/><W110/><G110/><T109/><D109/><U0/><E107/><V130/><F32/><W68/><G68/><T31/><D31/><U105/><E105/><V43/><F29/><W106/><G106/><T124/><D124/><U77/><E0/><V70/><F28/><W33/><G33/><T2/><D2/><U95/><E25/><V84/><F3/><W74/><G74/><T133/><D133/><U49/><E24/><V61/><F84/><W21/><G21/><T57/><D48/><U37/><E37/><V67/><F70/><W7/><G7/><T82/><D103/><U17/><E49/><V22/><F22/><W14/><G14/><T45/><D45/><U60/><E46/><V128/><F69/><W94/><G94/><N who="0" m="58519" /><D82/><U134/><E134/><V72/><F72/><W5/><G5/><RYUUKYOKU ba="1,1" sc="289,15,250,-15,240,-15,211,15" hai0="56,57,58,63,64,91,93" hai3="36,38,40,47,50,51,59,76,81,83,85,87,88" /><INIT seed="0,2,1,3,2,0" ten="304,235,225,226" oya="0" hai0="24,122,119,10,23,85,91,19,77,88,33,15,108" hai1="29,123,35,20,104,107,11,67,99,98,28,47,100" hai2="78,62,126,54,106,7,110,129,102,115,117,53,95" hai3="69,48,13,51,9,114,111,1,18,74,127,49,63"/><T65/><D119/><U14/><E123/><V105/><F115/><W52/><G114/><T68/><D122/><U135/><E35/><V66/><F110/><W45/><G111/><T60/><D108/><U133/><E67/><V38/><F38/><W87/><G74/><T131/><D33/><U61/><E61/><V96/><F78/><W44/><G127/><T43/><D43/><U75/><E75/><V22/><F117/><W86/><G1/><T134/><D134/><N who="1" m="51211" /><E47/><V103/><F126/><W71/><G48/><T40/><D40/><U3/><E3/><V112/><F112/><W70/><REACH who="3" step="1"/><G63/><REACH who="3" ten="304,235,225,216" step="2"/><T82/><REACH who="0" step="1"/><D131/><REACH who="0" ten="294,235,225,216" step="2"/><U31/><E107/><V30/><F106/><W56/><G56/><T121/><D121/><U21/><E99/><V34/><F105/><W26/><G26/><T27/><D27/><U109/><E109/><V120/><F96/><W41/><AGARI ba="2,3" hai="9,13,18,41,44,45,49,51,52,69,70,71,86,87" machi="41" ten="30,7900,0" yaku="1,1,0,1,54,1,53,1" doraHai="0" doraHaiUra="5" who="3" fromWho="3" sc="294,-41,235,-22,225,-22,216,115" /><INIT seed="1,0,0,4,1,128" ten="253,213,203,331" oya="1" hai0="36,60,7,39,98,38,52,103,85,70,37,106,120" hai1="32,72,23,112,101,35,54,44,28,29,135,31,131" hai2="86,57,1,81,71,107,119,40,76,15,100,16,17" hai3="114,82,61,84,19,56,123,67,47,11,99,3,122"/><U4/><E72/><V104/><F71/><W117/><G114/><T43/><D120/><U102/><E112/><V30/><F1/><W64/><G117/><T6/><D43/><U51/><E131/><V110/><F119/><W80/><G99/><T111/><D111/><U108/><E108/><V68/><F68/><W113/><G113/><T34/><D34/><U121/><E121/><V63/><F30/><W69/><G47/><T125/><D125/><U134/><E23/><V25/><F40/><W9/><G3/><T49/><N who="0" m="9216" /><DORA hai="55" /><T130/><D130/><U73/><E73/><V116/><F116/><W62/><G82/><T78/><D60/><U20/><E20/><V79/><F79/><W96/><G96/><T93/><D70/><U26/><E4/><V90/><F25/><W83/><G83/><T95/><D78/><U87/><E87/><V59/><F17/><W2/><G9/><T53/><D53/><U48/><E26/><V13/><F13/><W58/><G69/><T88/><REACH who="0" step="1"/><D106/><REACH who="0" ten="243,213,203,331" step="2"/><U12/><E51/><V118/><F107/><W75/><G123/><T5/><D5/><U124/><E124/><V91/><F63/><W74/><G122/><T27/><D27/><U105/><E105/><V89/><F110/><W94/><G75/><T65/><D65/><U97/><E35/><V8/><F118/><W33/><G67/><T50/><D50/><U46/><E32/><V21/><F104/><W66/><G33/><T129/><D129/><U77/><E77/><V127/><F127/><W126/><G74/><T132/><D132/><U41/><E48/><RYUUKYOKU ba="0,1" sc="243,30,213,-10,203,-10,331,-10" hai0="6,7,49,52,85,88,93,95,98,103" /><INIT seed="2,1,1,5,1,15" ten="273,203,193,321" oya="2" hai0="125,49,98,82,96,92,121,18,97,39,134,14,86" hai1="115,107,102,27,118,132,130,108,87,83,89,21,62" hai2="31,29,65,84,13,42,90,81,88,3,25,79,124" hai3="10,133,105,106,71,73,64,50,22,67,94,114,116"/><V17/><F3/><W38/><G116/><T93/><D39/><U119/><E115/><V74/><F124/><W53/><G38/><T5/><D121/><U7/><E108/><V104/><F104/><W40/><G73/><T103/><D125/><U33/><E33/><V56/><F42/><W117/><G40/><T77/><D134/><U52/><E132/><V12/><F12/><W37/><G37/><T44/><D5/><U35/><E35/><V19/><F13/><W126/><G10/><T128/><D128/><U8/><E130/><V75/><F75/><W135/><G94/><T61/><D61/><U111/><E111/><V101/><F101/><W78/><G105/><T6/><D93/><U4/><E107/><V45/><F45/><W80/><G106/><T113/><D6/><U16/><E102/><V122/><F122/><W34/><G34/><T60/><D60/><U70/><E4/><V100/><F100/><W63/><G114/><T24/><D24/><U112/><E112/><V68/><F68/><W20/><G71/><T58/><D58/><U57/><E70/><V109/><F109/><W26/><G126/><T43/><D113/><U72/><E72/><V11/><F11/><AGARI ba="1,1" hai="11,14,18,43,44,49,77,82,86,92,96,97,98,103" machi="11" ten="30,3900,0" yaku="7,1,8,1,52,1" doraHai="15" who="0" fromWho="2" sc="273,52,203,0,193,-42,321,0" /><INIT seed="3,0,0,2,5,50" ten="325,203,151,321" oya="3" hai0="5,64,81,134,24,100,86,30,110,79,112,7,43" hai1="35,98,129,23,105,87,47,14,0,38,8,122,32" hai2="46,117,94,36,53,74,31,119,20,89,114,71,3" hai3="17,2,82,61,132,13,4,25,62,97,34,124,27"/><W54/><G124/><T108/><D112/><U93/><E122/><V73/><F3/><W130/><G130/><T95/><D134/><U90/><E129/><V16/><F31/><W113/><G113/><T28/><D43/><U69/><E69/><V29/><F29/><W66/><G82/><T128/><D30/><U75/><E0/><V44/><F71/><W80/><G80/><T45/><D45/><U133/><E75/><V37/><F114/><W51/><G34/><T104/><D104/><U22/><E133/><V49/><F74/><W58/><G4/><T78/><D78/><U60/><E35/><V42/><F73/><W77/><G2/><T83/><D83/><U76/><E32/><V10/><F10/><W111/><G111/><N who="0" m="42539" /><D64/><U59/><E76/><V41/><F94/><W6/><G66/><T101/><D128/><U52/><E38/><V91/><F119/><W33/><G33/><N who="0" m="20615" /><D100/><U115/><E115/><V56/><REACH who="2" step="1"/><F117/><REACH who="2" ten="325,203,141,321" step="2"/><W99/><G132/><T39/><D39/><U123/><E123/><V118/><F118/><W120/><G120/><T26/><D95/><U135/><E135/><V72/><F72/><W11/><G11/><T9/><D9/><U15/><E8/><V109/><F109/><W121/><G121/><T88/><D5/><U102/><E105/><V67/><F67/><W1/><G6/><T63/><D7/><U19/><E93/><V18/><F18/><W65/><G1/><T125/><D101/><U127/><E19/><V55/><F55/><W12/><G17/><T131/><D131/><U116/><E116/><V92/><F92/><RYUUKYOKU ba="0,1" sc="325,-10,203,-10,141,30,321,-10" hai2="16,20,36,37,41,42,44,46,49,53,56,89,91" /><INIT seed="4,1,1,5,3,107" ten="315,193,171,311" oya="0" hai0="75,116,129,30,39,58,34,14,115,100,84,98,134" hai1="35,20,41,105,3,78,23,131,8,120,119,6,9" hai2="12,82,5,104,59,83,65,32,46,101,45,87,29" hai3="81,69,93,125,76,19,90,18,123,124,1,111,57"/><T37/><D116/><U22/><E105/><V103/><F104/><W28/><G69/><T126/><D126/><N who="3" m="48745" /><G111/><T77/><D129/><U86/><E119/><V11/><F32/><W91/><G1/><T13/><D84/><U66/><E66/><V53/><F29/><W127/><G127/><T70/><D134/><U31/><E41/><V44/><F65/><W74/><G28/><T64/><D58/><U48/><E48/><N who="2" m="31143" /><F82/><W43/><G43/><T25/><D13/><U15/><E86/><V61/><F61/><W17/><G123/><T26/><D14/><U4/><E78/><AGARI ba="1,1" hai="5,11,12,44,45,46,78,83,87,101,103" m="31143" machi="78" ten="30,1000,0" yaku="8,1" doraHai="107" who="2" fromWho="1" sc="315,0,193,-13,171,23,311,0" /><INIT seed="5,0,0,2,4,117" ten="315,180,194,311" oya="1" hai0="105,135,75,2,66,33,27,133,131,59,72,115,57" hai1="110,82,111,9,12,114,127,60,100,26,31,36,98" hai2="22,21,25,7,119,61,49,94,46,63,101,43,128" hai3="1,62,54,86,78,23,109,41,3,70,11,20,55"/><U112/><E36/><V130/><F119/><W93/><G41/><T24/><D2/><U38/><E38/><V87/><F7/><W30/><G30/><T0/><D0/><U15/><E60/><V48/><F48/><W85/><G78/><T71/><D115/><N who="1" m="44075" /><E82/><V103/><F103/><W14/><G14/><N who="1" m="5162" /><E9/><V132/><F21/><W8/><G62/><T76/><D71/><U42/><E42/><V58/><F132/><W79/><G79/><T40/><D40/><U51/><E51/><V44/><F44/><W47/><G93/><T124/><D76/><U50/><E50/><V102/><F102/><W64/><G64/><T5/><D5/><U4/><E4/><V53/><F63/><W106/><G106/><T69/><D105/><N who="1" m="63639" /><E127/><V81/><F101/><W95/><G95/><T37/><D124/><U35/><AGARI ba="0,0" hai="26,31,35,110,111" m="63639,5162,44075" machi="35" ten="30,1500,0" yaku="15,1" doraHai="117" who="1" fromWho="1" sc="315,-5,180,15,194,-5,311,-5" /><INIT seed="5,1,0,1,5,47" ten="310,195,189,306" oya="1" hai0="31,120,34,2,54,48,85,91,65,59,114,35,113" hai1="25,55,132,52,24,98,95,5,11,12,3,81,79" hai2="100,107,77,42,6,99,16,83,104,68,43,38,82" hai3="105,30,61,22,32,94,123,118,10,106,75,33,108"/><U135/><E3/><V29/><F68/><W67/><G108/><T21/><D2/><U73/><E25/><V109/><F6/><W7/><G123/><T26/><D120/><U45/><E24/><V125/><F107/><W4/><G75/><T103/><D103/><U62/><E62/><V28/><F109/><W128/><G128/><T97/><D97/><U18/><E5/><V92/><F104/><W64/><G118/><T74/><D74/><U134/><REACH who="1" step="1"/><E45/><REACH who="1" ten="310,185,189,306" step="2"/><V51/><F38/><W19/><G7/><T36/><D65/><U80/><E80/><N who="2" m="30763" /><F77/><W8/><G4/><T23/><D36/><U126/><E126/><V39/><F125/><W133/><G33/><T111/><D111/><U127/><E127/><V46/><F39/><W89/><G32/><T66/><D66/><U37/><E37/><V93/><F43/><W124/><G67/><T76/><D76/><U41/><E41/><V56/><F56/><W72/><G64/><T87/><D35/><U14/><E14/><V101/><F16/><W60/><G19/><T20/><D34/><U115/><E115/><V117/><F117/><W57/><G57/><T17/><D113/><U119/><E119/><V90/><F93/><W13/><G124/><T49/><D114/><U44/><E44/><V102/><AGARI ba="1,1" hai="28,29,42,46,51,90,92,99,100,101,102" m="30763" machi="102" ten="30,2000,0" yaku="8,1,52,1" doraHai="47" who="2" fromWho="2" sc="310,-6,185,-11,189,33,306,-6" /><INIT seed="6,0,0,2,1,18" ten="304,174,222,300" oya="2" hai0="6,72,110,122,4,30,44,104,73,1,23,28,68" hai1="90,133,31,24,5,85,32,46,14,26,51,78,79" hai2="65,54,86,84,36,89,95,121,118,13,63,66,69" hai3="42,49,93,126,39,102,94,114,111,45,91,19,20"/><V43/><F121/><W34/><G111/><T97/><D68/><U124/><E124/><V112/><F118/><W92/><G34/><T59/><D44/><U131/><E131/><V116/><F116/><W33/><G33/><T41/><D41/><U100/><E133/><V48/><F112/><W105/><G126/><T115/><D59/><U76/><E100/><V77/><F66/><W29/><G29/><T108/><D97/><U12/><E26/><V52/><F54/><W70/><G70/><T99/><D99/><U117/><E117/><V40/><F13/><W119/><G119/><T10/><D115/><U98/><E98/><V57/><F43/><W58/><G102/><T27/><D104/><U17/><E5/><V3/><F3/><W67/><G105/><T22/><D122/><U61/><E61/><V128/><F128/><W96/><G114/><T113/><D113/><U123/><E123/><V38/><REACH who="2" step="1"/><F40/><REACH who="2" ten="304,174,212,300" step="2"/><W55/><G67/><T82/><D1/><U8/><E14/><AGARI ba="0,1" hai="14,19,20,39,42,45,49,55,58,91,92,93,94,96" machi="14" ten="30,2000,0" yaku="7,1,52,1" doraHai="18" who="3" fromWho="1" sc="304,0,174,-20,212,0,300,30" /><INIT seed="7,0,0,5,1,54" ten="304,154,212,330" oya="3" hai0="26,40,96,109,119,127,53,107,59,22,126,36,128" hai1="87,102,91,130,39,123,52,5,44,75,58,111,4" hai2="135,70,43,69,106,45,31,17,79,129,51,11,121" hai3="18,92,125,8,114,67,98,35,62,113,50,122,34"/><W46/><G122/><T13/><D119/><U60/><E123/><V19/><F106/><W95/><G125/><N who="0" m="47627" /><D109/><U21/><E111/><V55/><F121/><W105/><G105/><T115/><D13/><U86/><E75/><V100/><F129/><W118/><G118/><T23/><D128/><U20/><E130/><V110/><F100/><W24/><G24/><T61/><D115/><N who="3" m="44041" /><G8/><T9/><D9/><U93/><E102/><V116/><F31/><W14/><G14/><T38/><D40/><U72/><E72/><V64/><F135/><W16/><G35/><T71/><D71/><U80/><E39/><N who="0" m="14889" /><D26/><U90/><E44/><V47/><F70/><N who="3" m="42359" /><G34/><T15/><D15/><U10/><REACH who="1" step="1"/><E4/><REACH who="1" ten="304,144,212,330" step="2"/><V41/><F11/><W112/><G112/><T56/><D107/><U0/><AGARI ba="0,1" hai="0,5,10,20,21,52,58,60,80,86,87,90,91,93" machi="0" ten="20,12000,2" yaku="1,1,2,1,0,1,7,1,52,1,54,1,53,0" doraHai="54" doraHaiUra="133" who="1" fromWho="1" sc="304,-30,144,130,212,-30,330,-60" /><INIT seed="8,0,0,1,2,26" ten="274,274,182,270" oya="0" hai0="113,98,118,15,61,25,34,78,57,115,0,68,135" hai1="2,123,58,64,126,72,60,50,65,47,53,43,77" hai2="44,95,63,79,9,132,69,19,128,91,14,46,107" hai3="30,52,41,40,56,127,51,17,92,133,96,108,29"/><T112/><D0/><U84/><E72/><V100/><F79/><W80/><G108/><T21/><D68/><U45/><E2/><V36/><F128/><W11/><G133/><T94/><D135/><U74/><E74/><V86/><F132/><W12/><G80/><T66/><D78/><U7/><E7/><V38/><F38/><W73/><G73/><T131/><D118/><U104/><E104/><V121/><F121/><W27/><G127/><T102/><D15/><U67/><E126/><V3/><F3/><W124/><G124/><T16/><D131/><U31/><E31/><N who="3" m="11786" /><G27/><T42/><D42/><N who="1" m="24887" /><E84/><V4/><F36/><W134/><G134/><T48/><D48/><N who="1" m="26751" /><E77/><V76/><F4/><W20/><G11/><T114/><N who="0" m="28672" /><DORA hai="18" /><T10/><REACH who="0" step="1"/><D10/><REACH who="0" ten="264,274,182,270" step="2"/><U125/><E125/><V85/><F76/><W59/><G59/><T122/><D122/><AGARI ba="0,1" hai="53,58,60,64,65,67,122,123" m="26751,24887" machi="122" ten="30,2000,0" yaku="34,2" doraHai="26,18" who="1" fromWho="0" sc="264,-20,274,30,182,0,270,0" owari="244,-16.0,304,41.0,182,-32.0,270,7.0" /></mjloggm>