<mjloggm ver="2.3"><GO type="169" lobby="0"/><UN n0="%E3%81%BB%E3%82%8A%E3%81%88%E3%82%82%E3%82%93" n1="%E3%83%81%E3%83%AD%E3%83%AD%E8%BB%8D%E6%9B%B9" n2="%50%61%65%6C%6C%61" n3="%E6%B0%B4%E5%81%B5" dan="17,17,16,16" rate="2188.42,2168.51,2090.72,2060.71" sx="M,F,M,M"/><TAIKYOKU oya="0"/><INIT seed="0,0,0,3,3,23" ten="250,250,250,250" oya="0" hai0="120,100,123,88,106,64,4,70,128,135,109,58,15" hai1="113,116,108,107,99,117,81,8,52,53,126,124,21" hai2="12,40,25,125,74,72,67,61,30,20,127,55,82" hai3="17,104,111,31,80,75,9,42,95,94,14,76,32"/><T50/><D70/><U65/><E108/><V73/><F40/><W51/><G104/><T83/><D106/><U35/><E35/><V119/><F119/><W98/><G111/><T57/><D109/><U92/><E107/><V114/><F114/><W19/><G19/><T6/><D100/><U5/><E65/><V97/><F55/><W44/><REACH who="3" step="1"/><G98/><REACH who="3" ten="250,250,250,240" step="2"/><T66/><D123/><U78/><E113/><V2/><F97/><W0/><G0/><T87/><D120/><U63/><E116/><V49/><F2/><W18/><G18/><T26/><D135/><U131/><E99/><V132/><F132/><W27/><AGARI ba="0,1" hai="9,14,17,27,31,32,42,44,51,75,76,80,94,95" machi="27" ten="30,4000,0" yaku="1,1,0,1,52,1,53,0" doraHai="23" doraHaiUra="118" who="3" fromWho="3" sc="250,-20,250,-10,250,-10,240,50" /><INIT seed="1,0,0,0,1,95" ten="230,240,240,290" oya="1" hai0="84,23,77,8,63,15,55,97,93,13,128,39,132" hai1="133,64,72,122,74,31,101,62,121,18,27,85,80" hai2="7,70,2,45,51,14,88,103,59,46,35,130,38" hai3="42,86,102,69,32,119,60,83,54,52,48,90,118"/><U81/><E133/><V67/><F130/><W40/><G32/><T120/><D39/><U89/><E18/><V21/><F35/><W68/><G102/><T61/><D132/><U30/><E101/><V135/><F135/><W96/><G96/><T10/><D120/><U58/><E31/><V75/><F75/><W134/><G134/><T107/><D107/><U16/><E16/><V66/><F103/><W94/><G94/><T57/><D128/><U9/><E9/><N who="0" m="3689" /><D63/><U123/><REACH who="1" step="1"/><E81/><REACH who="1" ten="230,230,240,290" step="2"/><V105/><F2/><W110/><G83/><N who="0" m="47215" /><D23/><AGARI ba="0,1" hai="23,27,30,58,62,64,72,74,80,85,89,121,122,123" machi="23" ten="40,2000,0" yaku="1,1,53,0" doraHai="95" doraHaiUra="126" who="1" fromWho="0" sc="230,-20,230,30,240,0,290,0" /><INIT seed="1,1,0,3,4,76" ten="210,260,240,290" oya="1" hai0="66,84,112,15,109,106,126,61,79,57,103,42,11" hai1="56,2,4,99,94,1,90,10,38,104,60,64,14" hai2="19,85,62,58,72,6,119,81,43,9,77,91,68" hai3="55,75,93,20,121,96,117,115,101,71,5,110,83"/><U49/><E38/><V39/><F119/><W69/><G115/><T73/><D73/><U80/><E104/><V107/><F68/><W52/><G121/><T118/><D112/><U133/><E133/><V92/><F19/><W48/><G5/><T87/><D118/><U27/><E49/><V134/><F134/><W123/><G55/><T78/><D126/><U7/><E7/><V32/><F32/><W26/><G123/><T22/><D42/><U125/><E125/><V128/><F128/><W25/><G110/><T53/><D109/><U33/><REACH who="1" step="1"/><E80/><REACH who="1" ten="210,250,240,290" step="2"/><V74/><F39/><W108/><G108/><T129/><D106/><U88/><E88/><V111/><F107/><W31/><G117/><T50/><D103/><U30/><AGARI ba="1,1" hai="1,2,4,10,14,27,30,33,56,60,64,90,94,99" machi="30" ten="30,11700,0" yaku="1,1,0,1,53,2" doraHai="76" doraHaiUra="34" who="1" fromWho="1" sc="210,-40,250,130,240,-40,290,-40" /><INIT seed="1,2,0,4,0,21" ten="170,380,200,250" oya="1" hai0="44,80,33,28,111,122,99,74,117,123,94,35,47" hai1="25,133,130,83,110,93,39,59,23,45,14,86,119" hai2="84,26,34,106,109,72,70,76,50,129,37,92,15" hai3="8,68,100,5,128,48,60,55,67,103,29,12,52"/><U46/><E119/><V115/><F109/><W126/><G128/><T105/><D105/><U7/><E133/><V51/><F129/><W61/><G126/><T13/><D117/><U79/><E130/><V95/><F37/><W135/><G135/><T9/><D111/><U43/><E110/><V120/><F70/><W6/><G61/><T49/><D80/><U132/><E132/><V89/><F120/><N who="0" m="46122" /><D74/><U41/><E59/><V97/><F115/><W64/><G64/><T2/><D2/><U116/><E116/><V124/><F15/><W17/><G55/><N who="0" m="30119" /><D47/><U85/><E93/><V30/><F124/><W121/><G121/><T114/><D28/><U107/><E107/><V36/><F36/><W90/><G29/><T71/><D71/><U22/><E85/><V18/><F18/><W108/><G108/><T118/><D114/><U57/><E57/><V69/><F69/><W134/><G134/><T98/><D118/><U63/><E63/><V78/><F95/><W56/><REACH who="3" step="1"/><G90/><REACH who="3" ten="170,380,200,240" step="2"/><N who="0" m="55639" /><D99/><U54/><E79/><V82/><F78/><W24/><G24/><T87/><D87/><U3/><E25/><V62/><F62/><W65/><G65/><T104/><D104/><U0/><E86/><V38/><F38/><W20/><G20/><T73/><D73/><U1/><E22/><V4/><F4/><AGARI ba="2,1" hai="4,5,6,8,12,17,48,52,56,60,67,68,100,103" machi="4" ten="40,2600,0" yaku="1,1,54,1,53,0" doraHai="21" doraHaiUra="102" who="3" fromWho="2" sc="170,0,380,0,200,-32,240,42" /><AGARI ba="2,0" hai="4,9,13,33,35" m="55639,30119,46122" machi="4" ten="30,1000,0" yaku="13,1" doraHai="21" who="0" fromWho="2" sc="170,10,380,0,168,-10,282,0" /><INIT seed="2,0,0,1,0,9" ten="180,380,158,282" oya="2" hai0="47,99,19,135,27,125,54,31,105,86,102,120,81" hai1="108,15,95,42,114,104,122,94,116,20,52,49,85" hai2="130,51,96,43,118,71,68,23,5,3,36,103,69" hai3="82,41,33,58,128,34,11,111,100,83,29,35,21"/><V77/><F118/><W10/><G41/><T123/><D125/><U40/><E104/><V88/><F130/><W73/><G100/><T18/><D135/><U55/><E114/><V101/><F36/><W63/><G128/><T59/><D47/><U38/><E38/><V32/><F77/><W70/><G70/><T78/><D120/><U132/><E116/><V124/><F32/><W1/><G111/><T16/><D123/><U62/><E122/><V50/><F124/><W126/><G126/><T64/><D64/><U79/><E108/><V7/><F23/><W66/><G1/><T131/><D131/><U56/><E79/><V37/><F37/><W17/><G29/><T0/><D0/><U75/><E75/><V44/><F51/><W65/><G73/><T6/><D6/><U48/><E132/><V28/><F28/><W72/><G66/><T53/><REACH who="0" step="1"/><D59/><REACH who="0" ten="170,380,158,282" step="2"/><N who="1" m="33263" /><E62/><V84/><F3/><W2/><G2/><T46/><D46/><U14/><E20/><AGARI ba="0,1" hai="16,18,19,20,27,31,53,54,78,81,86,99,102,105" machi="20" ten="40,5200,0" yaku="1,1,54,1,53,1" doraHai="9" doraHaiUra="80" who="0" fromWho="1" sc="170,62,380,-52,158,0,282,0" /><INIT seed="3,0,0,1,5,75" ten="232,328,158,282" oya="3" hai0="9,40,8,51,43,81,111,133,38,80,45,85,90" hai1="4,84,126,33,23,117,11,37,22,63,104,35,54" hai2="128,125,16,106,49,123,124,28,1,105,103,96,131" hai3="55,135,95,115,77,12,108,57,58,93,118,73,134"/><W110/><G118/><T92/><D111/><N who="3" m="42537" /><G115/><T46/><D133/><N who="3" m="50697" /><G12/><T122/><D122/><U68/><E104/><V44/><F1/><W60/><G58/><T86/><REACH who="0" step="1"/><D92/><REACH who="0" ten="222,328,158,282" step="2"/><U14/><E117/><V98/><F123/><W17/><G17/><T130/><D130/><N who="2" m="49706" /><F28/><W61/><G61/><T0/><D0/><U7/><E63/><V32/><F32/><W26/><G26/><T101/><D101/><U47/><E33/><V116/><F116/><W112/><G112/><T88/><AGARI ba="0,1" hai="8,9,38,40,43,45,46,51,80,81,85,86,88,90" machi="88" ten="20,8000,1" yaku="1,1,0,1,7,1,9,1,54,1,53,0" doraHai="75" doraHaiUra="113" who="0" fromWho="0" sc="222,90,328,-20,158,-20,282,-40" /><INIT seed="4,0,0,0,0,117" ten="312,308,138,242" oya="0" hai0="119,87,28,15,111,124,14,116,115,3,82,47,50" hai1="100,109,40,126,135,125,94,52,7,88,48,90,134" hai2="79,76,108,22,34,72,97,67,114,95,92,1,4" hai3="85,65,19,101,63,93,102,69,36,129,33,10,121"/><T131/><D3/><U113/><E109/><V70/><F108/><W77/><G33/><T64/><D111/><U27/><E7/><V60/><F34/><W107/><G107/><T6/><D28/><U99/><E40/><V35/><F35/><W89/><G36/><T12/><D64/><U13/><E13/><V29/><F114/><W103/><G129/><T73/><D73/><U58/><E27/><V54/><F95/><W123/><REACH who="3" step="1"/><G77/><REACH who="3" ten="312,308,138,232" step="2"/><T127/><D6/><U68/><E113/><V61/><F79/><W0/><G0/><T38/><D38/><U25/><E25/><V21/><F76/><W104/><G104/><T30/><D115/><U57/><E68/><V110/><F1/><W16/><G16/><T39/><D39/><U9/><E9/><V105/><F70/><W133/><G133/><N who="1" m="50698" /><E58/><V45/><F105/><W128/><G128/><T86/><D30/><U41/><E41/><V51/><F29/><W112/><G112/><T78/><D131/><U37/><E37/><V18/><F18/><W118/><G118/><T96/><D119/><U74/><E74/><V106/><F72/><W62/><G62/><T120/><D116/><U26/><E26/><V17/><F60/><W56/><G56/><T32/><D32/><U71/><E71/><N who="2" m="42479" /><F106/><W44/><G44/><T59/><D59/><U5/><E5/><V43/><F110/><W132/><G132/><T83/><D47/><U2/><E2/><V66/><F17/><W42/><G42/><T23/><D14/><AGARI ba="0,1" hai="10,14,19,63,65,69,85,89,93,101,102,103,121,123" machi="14" ten="40,8000,1" yaku="1,1,52,2,53,1" doraHai="117" doraHaiUra="80" who="3" fromWho="0" sc="312,-80,308,0,138,0,232,90" /><INIT seed="5,0,0,2,2,129" ten="232,308,138,322" oya="1" hai0="81,27,103,109,32,75,43,91,41,25,104,55,45" hai1="76,29,48,107,132,30,93,1,79,12,97,53,117" hai2="124,6,112,28,50,15,133,87,65,51,96,19,90" hai3="0,72,5,66,134,114,42,123,4,125,78,74,94"/><U101/><E1/><V70/><F124/><W63/><G123/><T67/><D104/><U85/><E117/><V102/><F6/><W35/><G35/><T38/><D103/><U40/><E40/><V121/><F121/><W113/><G125/><T7/><D109/><U36/><E36/><V24/><F112/><W18/><G42/><T9/><D41/><U52/><E132/><V8/><F65/><W34/><G134/><T89/><D67/><U57/><E53/><V118/><F70/><W59/><G34/><T84/><D55/><U99/><E12/><V92/><F118/><W126/><G126/><T135/><D135/><U98/><E98/><V119/><F119/><W86/><G0/><T120/><D120/><U122/><E122/><V13/><F13/><W2/><G2/><N who="0" m="247" /><D89/><U22/><E22/><V95/><REACH who="2" step="1"/><F133/><REACH who="2" ten="232,308,128,322" step="2"/><W64/><G64/><T23/><D38/><U69/><E69/><V16/><F16/><W62/><G113/><T83/><D27/><U49/><E30/><V73/><F73/><W115/><G74/><T46/><D25/><U20/><E29/><V37/><F37/><W127/><G72/><T128/><D75/><U82/><E20/><AGARI ba="0,1" hai="8,15,19,20,24,28,50,51,87,90,92,95,96,102" machi="20" ten="30,3900,0" yaku="1,1,7,1,8,1,53,0" doraHai="129" doraHaiUra="39" who="2" fromWho="1" sc="232,0,308,-39,128,49,322,0" /><INIT seed="6,0,0,4,5,50" ten="232,269,177,322" oya="2" hai0="87,56,10,111,23,83,90,97,31,117,133,72,20" hai1="76,110,60,113,122,127,3,29,96,25,6,36,17" hai2="62,8,71,84,112,120,88,108,53,64,39,99,35" hai3="74,33,89,46,79,1,41,126,0,102,114,2,49"/><V44/><F120/><W24/><G126/><T13/><D111/><U68/><E36/><V4/><F35/><W73/><G114/><T40/><D117/><U77/><E110/><V14/><F112/><W66/><G66/><T70/><D70/><U105/><E113/><V134/><F134/><W22/><G102/><T7/><D72/><U11/><E127/><V128/><F128/><W12/><G79/><T107/><D133/><U123/><E17/><V59/><F108/><W75/><G12/><T28/><D40/><U65/><E77/><V86/><F39/><W42/><G89/><T48/><D107/><U81/><E81/><V121/><F121/><W52/><G33/><T15/><D97/><U103/><REACH who="1" step="1"/><E76/><REACH who="1" ten="232,259,177,322" step="2"/><V100/><F44/><W132/><G132/><T135/><D135/><U125/><E125/><V37/><F37/><W63/><G75/><T38/><D38/><U116/><E116/><V119/><F119/><W58/><G74/><T85/><D83/><U118/><E118/><V51/><REACH who="2" step="1"/><F88/><REACH who="2" ten="232,259,167,322" step="2"/><W47/><G47/><T69/><D90/><U30/><E30/><V26/><F26/><W55/><G73/><T21/><D31/><U16/><E16/><V5/><F5/><W109/><G109/><T106/><D28/><U61/><E61/><V9/><F9/><W98/><G63/><T115/><D115/><U82/><E82/><V57/><F57/><W34/><G58/><T27/><D10/><U131/><E131/><V94/><AGARI ba="0,2" hai="4,8,14,51,53,59,62,64,71,84,86,94,99,100" machi="94" ten="20,12000,1" yaku="1,1,0,1,7,1,52,1,53,1" doraHai="50" doraHaiUra="67" who="2" fromWho="2" sc="232,-40,259,-40,167,140,322,-40" /><INIT seed="6,1,0,3,3,80" ten="192,219,307,282" oya="2" hai0="56,48,107,3,51,77,38,95,92,55,32,113,133" hai1="34,37,83,130,49,128,69,11,117,62,82,122,85" hai2="0,125,42,59,46,115,84,22,114,76,33,21,106" hai3="2,63,121,108,135,116,13,98,93,20,64,53,41"/><V17/><F106/><W97/><G2/><T23/><D107/><U14/><E37/><V25/><F0/><W9/><G121/><T86/><D32/><U18/><E34/><V4/><F4/><W78/><G116/><T36/><D3/><U90/><E117/><V7/><F7/><W29/><G108/><T5/><D5/><U75/><E122/><V68/><F68/><W24/><G41/><T70/><D70/><U57/><E69/><V30/><F125/><W45/><G78/><T89/><D133/><U132/><E132/><V112/><F59/><N who="3" m="36991" /><G93/><T118/><D77/><U88/><E49/><N who="2" m="26839" /><F17/><N who="3" m="8367" /><G135/><T6/><D118/><U71/><E71/><V12/><F12/><W15/><G15/><T43/><D6/><U60/><E75/><V27/><F27/><W124/><G124/><T31/><D92/><U67/><REACH who="1" step="1"/><E62/><REACH who="1" ten="192,209,307,282" step="2"/><V96/><F33/><W87/><G45/><N who="0" m="25663" /><D38/><U129/><E129/><V61/><F61/><W54/><G29/><T58/><D36/><U19/><E19/><V94/><F30/><W66/><G66/><T26/><D58/><U81/><E81/><N who="2" m="47143" /><F25/><W127/><G24/><T40/><D31/><U126/><E126/><V1/><F1/><W74/><G74/><T99/><D26/><U28/><E28/><V65/><F65/><W123/><G123/><T105/><D51/><U52/><E52/><V109/><F109/><W8/><G54/><T39/><D39/><U134/><E134/><V50/><F50/><W119/><G53/><T120/><D120/><U91/><E91/><AGARI ba="1,1" hai="21,22,91,94,96,112,114,115" m="47143,26839" machi="91" ten="30,2900,0" yaku="15,1,52,1" doraHai="80" who="2" fromWho="1" sc="192,0,209,-32,307,42,282,0" /><INIT seed="6,2,0,2,3,31" ten="192,177,349,282" oya="2" hai0="25,23,117,130,63,36,80,10,87,14,78,49,65" hai1="89,84,98,13,73,38,9,90,53,51,48,94,39" hai2="69,102,30,58,79,126,116,11,134,92,128,41,101" hai3="4,37,15,42,115,5,82,47,131,34,26,28,16"/><V45/><F69/><W129/><G115/><T104/><D130/><U95/><E73/><V96/><F126/><W110/><G110/><T111/><D117/><U44/><E51/><V46/><F134/><W22/><REACH who="3" step="1"/><G82/><REACH who="3" ten="192,177,349,272" step="2"/><T55/><D111/><U109/><REACH who="1" step="1"/><E109/><REACH who="1" ten="192,167,349,272" step="2"/><V135/><F116/><W99/><G99/><T8/><D36/><U77/><E77/><V133/><F79/><W35/><G35/><T120/><D120/><U62/><E62/><V3/><F96/><W0/><G0/><T32/><D32/><U127/><E127/><V70/><F3/><W81/><G81/><T114/><D114/><U125/><E125/><V105/><F133/><W106/><G106/><T74/><D104/><U24/><E24/><V57/><F105/><W1/><G1/><T52/><D74/><U20/><E20/><V2/><F2/><W93/><G93/><T7/><D8/><U108/><E108/><V132/><F11/><W66/><G66/><T6/><D23/><U123/><E123/><V121/><F92/><W54/><G54/><T56/><D25/><U71/><E71/><V119/><F70/><W50/><G50/><T97/><D97/><U72/><E72/><V122/><F119/><W29/><G29/><T17/><REACH who="0" step="1"/><D55/><REACH who="0" ten="182,167,349,272" step="2"/><U75/><E75/><V18/><F132/><W21/><G21/><T61/><D61/><U118/><E118/><V19/><F135/><W40/><G40/><T59/><AGARI ba="2,3" hai="6,7,10,14,17,49,52,56,59,63,65,78,80,87" machi="59" ten="20,8000,1" yaku="1,1,0,1,7,1,8,1,54,1,53,0" doraHai="31" doraHaiUra="124" who="0" fromWho="0" sc="182,116,167,-22,349,-42,272,-22" /><INIT seed="7,0,0,3,4,132" ten="298,145,307,250" oya="3" hai0="26,93,28,59,35,100,74,31,117,20,63,15,122" hai1="41,62,27,82,46,78,85,4,98,9,118,25,113" hai2="102,24,50,81,115,57,22,129,96,37,33,90,130" hai3="126,53,40,14,45,61,16,123,68,112,49,36,65"/><W51/><G123/><T77/><D117/><U89/><E113/><V8/><F37/><W43/><G112/><T119/><D119/><U106/><E62/><V128/><F33/><W18/><G18/><T109/><D122/><U32/><E32/><V23/><F115/><W83/><G83/><T95/><D109/><U127/><E118/><V86/><F8/><W7/><G7/><T52/><D100/><U34/><E34/><V116/><F116/><W120/><G120/><T2/><D2/><U73/><E127/><V97/><F97/><W91/><G91/><T75/><D31/><U3/><E98/><V84/><F84/><W44/><G126/><T131/><D131/><U87/><E106/><N who="2" m="63815" /><F24/><W38/><G53/><AGARI ba="0,0" hai="22,23,50,53,57,81,86,90,128,129,130" m="63815" machi="53" ten="30,1000,0" yaku="19,1" doraHai="132" who="2" fromWho="3" sc="298,0,145,0,307,10,250,-10" owari="298,10.0,145,-35.0,317,41.0,240,-16.0" /></mjloggm>