<mjloggm ver="2.3"><GO type="169" lobby="0"/><UN n0="%74%61%72%6F%6F" n1="%E3%81%94%E3%82%8A%E3%81%94%E3%82%8A%E3%81%94%E3%82%8A%E3%82%89" n2="%4D%61%74%79%75%69%E2%98%86" n3="%73%61%62%6F%34%30" dan="18,16,18,16" rate="2183.34,2104.46,2254.38,2099.33" sx="M,M,M,M"/><TAIKYOKU oya="0"/><INIT seed="0,0,0,1,1,11" ten="250,250,250,250" oya="0" hai0="34,54,67,107,94,40,48,90,4,69,119,134,115" hai1="133,60,26,85,63,43,131,49,87,82,50,99,36" hai2="113,96,116,93,74,46,59,21,64,123,100,125,118" hai3="108,122,2,57,81,78,55,35,33,15,120,16,5"/><T58/><D107/><U0/><E0/><V91/><F113/><W65/><G5/><T12/><D119/><N who="2" m="45610" /><F123/><N who="3" m="47147" /><G2/><T38/><D34/><U29/><E36/><V42/><F74/><N who="3" m="43223" /><G65/><T19/><D4/><U61/><E133/><V121/><F121/><W126/><G126/><T23/><D115/><U71/><E131/><V41/><F125/><W3/><G3/><T80/><D80/><U117/><E71/><V95/><F21/><N who="3" m="11423" /><G108/><T79/><D79/><U6/><E6/><V18/><F18/><W111/><G111/><T112/><D112/><U73/><E117/><V129/><F129/><W124/><G124/><T101/><D134/><U86/><E73/><V45/><F64/><W127/><G127/><T51/><D67/><U25/><E82/><V68/><F68/><W31/><G31/><T84/><D69/><U13/><E29/><V39/><F100/><W70/><G70/><T30/><D30/><U103/><E43/><V132/><F132/><W98/><G98/><T8/><D101/><U20/><E99/><V27/><F96/><W1/><G1/><T88/><D90/><U44/><E103/><V32/><F91/><W24/><G24/><T62/><REACH who="0" step="1"/><D23/><REACH who="0" ten="240,250,250,250" step="2"/><U72/><E20/><V17/><F32/><W102/><G102/><T128/><D128/><U56/><E72/><V135/><F135/><W53/><G53/><T37/><D37/><U105/><E105/><V89/><F89/><W92/><G92/><T106/><D106/><U97/><E97/><V76/><F95/><W130/><G130/><T83/><D83/><U14/><E87/><V104/><F93/><RYUUKYOKU ba="0,1" sc="240,15,250,-15,250,-15,250,15" hai0="8,12,19,38,40,48,51,54,58,62,84,88,94" hai3="33,35,55,57" /><INIT seed="0,1,1,3,5,99" ten="255,235,235,265" oya="0" hai0="38,113,75,19,55,118,52,106,53,79,4,14,128" hai1="26,71,72,59,36,31,102,107,34,119,82,77,18" hai2="60,101,131,132,17,16,134,133,91,28,15,48,43" hai3="100,42,117,86,83,39,44,20,25,124,109,125,6"/><T33/><D118/><U115/><E59/><V61/><F131/><W70/><G117/><T67/><D113/><U24/><E119/><V57/><F28/><W130/><G70/><T112/><D112/><U127/><E115/><V22/><F91/><W2/><G130/><T29/><D128/><U122/><E18/><V121/><F121/><W9/><G109/><T47/><D4/><U23/><E23/><V104/><F17/><W63/><G63/><T120/><D67/><U35/><E127/><V92/><F104/><W45/><G45/><T116/><D120/><U85/><E85/><V74/><F74/><W84/><G100/><T103/><D116/><U50/><E50/><V105/><F105/><W95/><G95/><T97/><D29/><N who="1" m="19751" /><E122/><V69/><F69/><W37/><G39/><T64/><D33/><U49/><E49/><V96/><REACH who="2" step="1"/><F57/><REACH who="2" ten="255,235,225,265" step="2"/><W108/><G108/><T94/><D75/><U1/><E71/><V80/><F80/><W114/><G114/><T93/><D79/><U76/><E77/><V32/><F32/><W7/><G7/><T27/><D27/><U123/><E26/><V40/><F40/><W46/><G83/><T56/><D56/><U81/><E81/><V135/><N who="2" m="34304" /><DORA hai="65" /><V3/><F3/><W11/><G2/><T8/><REACH who="0" step="1"/><D64/><REACH who="0" ten="245,235,225,265" step="2"/><U98/><E123/><V30/><F30/><W12/><G6/><T90/><D90/><U62/><E72/><V66/><F66/><W126/><G125/><T110/><D110/><U21/><E76/><V13/><F13/><W54/><G124/><T5/><D5/><U129/><E35/><RYUUKYOKU ba="1,3" sc="245,15,235,-15,225,15,265,-15" hai0="8,14,19,38,47,52,53,55,93,94,97,103,106" hai2="15,16,22,43,48,60,61,92,96,101" /><INIT seed="0,2,3,0,4,24" ten="260,220,240,250" oya="0" hai0="2,111,120,72,21,104,114,41,63,1,98,130,33" hai1="68,19,45,110,14,116,40,80,60,134,124,90,77" hai2="131,78,29,94,93,82,58,15,8,91,126,135,11" hai3="34,112,127,109,89,0,42,62,121,36,86,10,95"/><T107/><D120/><U54/><E116/><V87/><F131/><W115/><G121/><T119/><D114/><U64/><E110/><V97/><F135/><W75/><G75/><T132/><D33/><U16/><E134/><V57/><F126/><W71/><G127/><T113/><D72/><U101/><E124/><V39/><F39/><W13/><G0/><T50/><D119/><U99/><E90/><V7/><F29/><W96/><G34/><T83/><D130/><U51/><E14/><N who="2" m="5407" /><F93/><W125/><G109/><T103/><D107/><U79/><E40/><V5/><AGARI ba="2,3" hai="5,11,15,57,58,78,82,87,91,94,97" m="5407" machi="5" ten="30,1100,0" yaku="8,1" doraHai="24" who="2" fromWho="2" sc="260,-7,220,-5,240,47,250,-5" /><INIT seed="1,0,0,1,3,23" ten="253,215,287,245" oya="1" hai0="125,55,105,122,108,116,58,17,22,20,50,2,45" hai1="133,89,8,77,128,114,53,115,25,123,64,46,113" hai2="130,98,90,73,41,124,3,57,27,6,60,104,15" hai3="109,92,94,80,110,93,68,63,84,78,10,119,47"/><U134/><E123/><V75/><F3/><W118/><G68/><T32/><D116/><N who="3" m="44585" /><G63/><T35/><D108/><N who="3" m="41577" /><G47/><T76/><D122/><U91/><E64/><V13/><F41/><W19/><G19/><T21/><D105/><U44/><E8/><V69/><F69/><W87/><G10/><T14/><D125/><U30/><E77/><V97/><F57/><W5/><G5/><T24/><D76/><U129/><E53/><V40/><F60/><W51/><G51/><T112/><D112/><U126/><E126/><V49/><F49/><W74/><AGARI ba="0,0" hai="74,78,80,84,87,92,93,94" m="41577,44585" machi="74" ten="40,8000,1" yaku="12,1,14,1,34,2" doraHai="23" who="3" fromWho="3" sc="253,-20,215,-40,287,-20,245,80" /><INIT seed="2,0,0,0,1,22" ten="233,175,267,325" oya="2" hai0="135,11,110,33,2,16,54,27,96,80,122,75,56" hai1="133,19,67,106,20,72,92,118,94,112,58,117,126" hai2="4,39,65,13,103,82,95,43,108,25,97,98,93" hai3="30,36,0,5,32,12,120,64,23,62,89,31,88"/><V40/><F108/><W85/><G36/><T47/><D122/><U115/><E106/><V59/><F39/><W9/><G120/><T49/><D135/><U132/><E58/><V8/><F82/><W26/><G31/><T84/><D110/><U37/><E67/><V81/><F81/><W66/><G85/><T53/><D75/><U68/><E37/><V109/><F109/><W60/><G62/><T44/><D96/><U38/><E38/><V78/><F78/><W24/><G64/><T107/><D107/><U83/><E20/><V45/><F45/><W105/><G105/><T130/><D130/><U55/><E55/><V21/><F59/><W73/><G73/><T134/><D134/><N who="1" m="51819" /><E19/><N who="2" m="12479" /><F65/><W101/><G101/><AGARI ba="0,0" hai="4,8,13,40,43,93,95,97,98,101,103" m="12479" machi="101" ten="30,2900,0" yaku="8,1,52,1" doraHai="22" who="2" fromWho="3" sc="233,0,175,0,267,29,325,-29" /><INIT seed="2,1,0,1,4,56" ten="233,175,296,296" oya="2" hai0="24,110,52,82,102,134,8,133,112,26,94,34,70" hai1="90,96,103,37,69,9,54,117,17,86,105,125,67" hai2="21,107,97,132,28,106,124,77,126,30,19,22,14" hai3="23,65,118,36,49,47,12,84,58,68,10,128,71"/><V41/><F41/><W108/><G118/><T35/><D112/><U42/><E117/><V6/><F6/><W101/><G101/><T46/><D70/><U115/><E115/><V87/><F132/><N who="0" m="50794" /><D110/><U88/><E125/><N who="2" m="48235" /><F97/><W81/><G108/><T43/><D8/><U79/><E54/><V40/><F40/><W104/><G104/><N who="2" m="39977" /><F22/><W116/><G23/><T51/><D82/><AGARI ba="1,0" hai="14,19,21,28,30,77,82,87" m="39977,48235" machi="82" ten="30,1500,0" yaku="18,1" doraHai="56" who="2" fromWho="0" sc="233,-18,175,0,296,18,296,0" /><INIT seed="2,2,0,3,4,102" ten="215,175,314,296" oya="2" hai0="25,22,112,27,7,104,70,15,75,33,86,93,125" hai1="79,130,40,8,128,47,116,23,88,108,16,43,9" hai2="21,50,95,117,114,67,28,37,80,69,36,14,0" hai3="110,118,46,73,39,5,123,78,13,94,124,58,89"/><V57/><F0/><W77/><G118/><T134/><D75/><U42/><E79/><V92/><F117/><W103/><G123/><T97/><D70/><U105/><E105/><V109/><F114/><W100/><G73/><T62/><D112/><U101/><E101/><V45/><F69/><W17/><G5/><T63/><D104/><U120/><E108/><V44/><F37/><W52/><G110/><T66/><D33/><U91/><E47/><V1/><F1/><W12/><G12/><T32/><D32/><U68/><E68/><V34/><F34/><W20/><G124/><T115/><D115/><U87/><E120/><V82/><F36/><W111/><G111/><T122/><D86/><U41/><N who="1" m="10240" /><DORA hai="129" /><U72/><E72/><V74/><F74/><W18/><G46/><N who="2" m="18025" /><F109/><W19/><G39/><T3/><D125/><U81/><E91/><V10/><F21/><W98/><G78/><T133/><D3/><U96/><E96/><V71/><F28/><W135/><G77/><T30/><D27/><N who="1" m="14823" /><E116/><V113/><F71/><W61/><G100/><N who="0" m="60463" /><D122/><U54/><E54/><N who="2" m="31959" /><F67/><W121/><G121/><T65/><D65/><U126/><E126/><V11/><F113/><W119/><G119/><T90/><D66/><U31/><E31/><V24/><F24/><W4/><G103/><T131/><D30/><U60/><E130/><V6/><F11/><N who="1" m="4169" /><E128/><V99/><F99/><W107/><G107/><T2/><D131/><U35/><E35/><V84/><F84/><W76/><G98/><T83/><D2/><U49/><E87/><V127/><F127/><W29/><G29/><RYUUKYOKU ba="2,0" sc="215,-10,175,-10,314,30,296,-10" hai2="6,10,14,80,82,92,95" /><INIT seed="2,3,0,2,1,9" ten="205,165,344,286" oya="2" hai0="45,112,25,123,116,42,79,87,32,39,131,49,77" hai1="15,85,121,67,130,20,38,111,30,108,2,91,107" hai2="12,4,14,1,58,18,22,84,97,132,63,115,48" hai3="23,46,57,83,43,127,99,62,10,29,125,74,90"/><V50/><F1/><W76/><G29/><T19/><D123/><U124/><E2/><V82/><F115/><W70/><G70/><T110/><D112/><U51/><E121/><V95/><F132/><W71/><G71/><T73/><D73/><U65/><E38/><V64/><F4/><W80/><G23/><T113/><D113/><U56/><E107/><V5/><F5/><W119/><G119/><T94/><D110/><N who="1" m="42027" /><E124/><V81/><F14/><W24/><G24/><T102/><D131/><U59/><E130/><V16/><F18/><W33/><G33/><T8/><D32/><U34/><E34/><V114/><F114/><W36/><G10/><T26/><D39/><U21/><E30/><V40/><F40/><W105/><G105/><T53/><D42/><U61/><E15/><V44/><F44/><W31/><G31/><T88/><D102/><U122/><E122/><V0/><F0/><W35/><G35/><T103/><D103/><U129/><E129/><V27/><F27/><N who="0" m="10250" /><D116/><U3/><E3/><V37/><F37/><W75/><G99/><T93/><D93/><N who="1" m="54511" /><E67/><V89/><F82/><W66/><G90/><AGARI ba="3,0" hai="12,16,22,48,50,58,63,64,81,84,89,90,95,97" machi="90" ten="30,11600,0" yaku="7,1,8,1,52,1,54,1" doraHai="9" who="2" fromWho="3" sc="205,0,165,0,344,125,286,-125" /><INIT seed="2,4,0,2,5,100" ten="205,165,469,161" oya="2" hai0="91,28,90,117,36,7,32,134,135,97,44,21,75" hai1="49,26,68,108,116,37,78,40,53,27,93,15,1" hai2="47,56,113,29,4,38,66,114,58,45,17,103,9" hai3="118,0,3,126,87,20,23,42,112,19,106,8,109"/><V88/><F29/><W79/><G118/><T13/><D75/><U41/><E1/><V62/><F17/><W107/><G42/><N who="1" m="16490" /><E37/><V67/><F103/><W92/><G112/><T85/><D44/><U12/><E68/><V70/><F88/><N who="0" m="33834" /><D36/><U18/><E116/><V84/><F84/><W50/><G50/><T39/><D39/><U25/><E108/><V22/><F22/><W81/><G92/><T65/><D65/><U121/><E121/><V55/><F9/><W130/><G109/><T104/><D85/><U82/><E93/><V115/><F4/><W52/><G52/><T89/><D89/><U10/><E82/><V71/><F38/><W72/><G72/><T125/><D32/><U111/><E111/><V69/><F66/><W127/><G23/><T132/><D117/><U63/><E78/><V43/><F43/><W48/><G48/><AGARI ba="4,0" hai="45,47,48,55,56,58,62,67,69,70,71,113,114,115" machi="48" ten="50,9600,0" yaku="34,3" doraHai="100" who="2" fromWho="3" sc="205,0,165,0,469,108,161,-108" /><INIT seed="2,5,0,5,5,18" ten="205,165,577,53" oya="2" hai0="124,26,53,5,100,31,85,55,65,118,114,45,99" hai1="11,87,33,133,97,104,132,34,43,38,50,49,102" hai2="93,9,81,89,108,92,48,29,90,24,84,42,2" hai3="95,64,121,46,106,101,21,62,91,3,36,69,135"/><V27/><F108/><W78/><G3/><T6/><D114/><U54/><E11/><V117/><F117/><W51/><G36/><T109/><D109/><U75/><E75/><V105/><F105/><W123/><G78/><T71/><D124/><U74/><E74/><V10/><F2/><W127/><G127/><T4/><D118/><U12/><E12/><V82/><F48/><N who="1" m="18537" /><E54/><V66/><F42/><W115/><G115/><T25/><D45/><N who="1" m="23799" /><E87/><N who="2" m="52287" /><F66/><W113/><G113/><T88/><D65/><U41/><E41/><V122/><F122/><W119/><G119/><T86/><D86/><U59/><E59/><V83/><F27/><W129/><G106/><T20/><D26/><U125/><E125/><V107/><F107/><W96/><G101/><T32/><D71/><U70/><E70/><V80/><F80/><W14/><G129/><T13/><D32/><U134/><AGARI ba="5,0" hai="33,34,97,102,104,132,133,134" m="23799,18537" machi="134" ten="40,1500,0" yaku="20,1" doraHai="18" who="1" fromWho="1" sc="205,-9,165,30,577,-12,53,-9" /><INIT seed="3,0,0,4,4,91" ten="196,195,565,44" oya="3" hai0="77,19,132,48,14,10,128,28,61,13,130,85,68" hai1="60,49,97,126,129,67,16,41,86,4,17,55,84" hai2="5,95,104,112,21,124,65,82,89,120,109,66,113" hai3="25,57,53,70,50,63,101,6,125,90,46,119,8"/><W121/><G121/><T54/><D132/><U11/><E126/><V18/><F104/><W58/><G125/><T105/><D105/><U133/><E133/><V69/><F124/><W111/><G119/><T12/><D28/><U1/><E129/><N who="0" m="49769" /><D77/><U45/><E97/><V74/><F120/><W107/><G111/><T92/><D85/><U31/><E31/><V42/><F5/><W78/><G78/><T99/><D61/><U123/><E123/><V22/><F74/><W24/><G70/><T76/><D76/><U135/><E135/><V83/><F69/><W100/><G58/><N who="0" m="33095" /><D68/><U94/><E41/><V30/><F42/><W38/><G38/><T131/><D131/><U134/><E134/><V26/><F109/><W40/><G90/><AGARI ba="0,0" hai="10,12,13,14,19,90,92,99" m="33095,49769" machi="90" ten="30,2000,0" yaku="19,1,52,1" doraHai="91" who="0" fromWho="3" sc="196,20,195,0,565,0,44,-20" /><INIT seed="4,0,0,5,0,15" ten="216,195,565,24" oya="0" hai0="0,53,110,121,94,105,129,17,93,3,42,47,116" hai1="51,67,44,16,39,6,74,100,134,49,20,31,95" hai2="69,109,85,28,40,122,10,117,56,55,57,5,61" hai3="46,38,102,120,101,70,126,63,68,36,62,43,21"/><T78/><D121/><U58/><E74/><V97/><F122/><W112/><G120/><T132/><D116/><U84/><E39/><N who="3" m="14890" /><G21/><T76/><D105/><U91/><E134/><V86/><F109/><W114/><G102/><T81/><D129/><U80/><E6/><V133/><F69/><N who="3" m="26731" /><G101/><T96/><D53/><U25/><E31/><V75/><F40/><W8/><G8/><T65/><D65/><U19/><E19/><V11/><F75/><W24/><G24/><T33/><D132/><U14/><E25/><V59/><F28/><W107/><G107/><T34/><D110/><U7/><E7/><V29/><F29/><W66/><G126/><T41/><D81/><U90/><E100/><V48/><F5/><W71/><G62/><T18/><D96/><N who="1" m="57463" /><E44/><AGARI ba="0,0" hai="0,3,17,18,33,34,41,42,44,47,76,78,93,94" machi="44" ten="25,9600,0" yaku="22,2,52,2" doraHai="15" who="0" fromWho="1" sc="216,96,195,-96,565,0,24,0" /><INIT seed="4,1,0,3,1,65" ten="312,99,565,24" oya="0" hai0="18,83,79,56,115,80,122,32,37,107,112,134,34" hai1="108,98,101,117,129,39,94,59,15,64,66,21,70" hai2="36,104,132,44,84,8,85,72,116,6,113,75,63" hai3="40,29,11,87,4,43,125,135,60,106,24,26,17"/><T28/><D122/><U1/><E1/><V25/><F104/><W9/><G106/><T97/><D134/><U27/><E39/><V62/><F132/><W50/><G135/><T46/><D56/><U99/><E108/><V2/><F113/><N who="0" m="43594" /><D80/><U0/><E0/><V88/><F85/><W3/><G125/><T23/><D28/><U52/><E129/><V82/><F116/><W14/><G60/><T92/><D107/><U119/><E15/><V19/><F63/><W73/><G73/><N who="0" m="43503" /><D46/><U69/><E66/><V53/><F62/><W58/><G26/><N who="0" m="14711" /><D37/><U77/><E64/><V74/><F36/><W111/><G111/><T71/><D71/><U89/><E77/><V110/><F110/><W54/><REACH who="3" step="1"/><G87/><REACH who="3" ten="312,99,565,14" step="2"/><T57/><D57/><U47/><E119/><V68/><F75/><W41/><G41/><T38/><D38/><U120/><E117/><V127/><F74/><W33/><AGARI ba="1,1" hai="3,4,9,11,14,17,24,29,33,40,43,50,54,58" machi="33" ten="20,5200,0" yaku="1,1,0,1,7,1,53,1" doraHai="65" doraHaiUra="51" who="3" fromWho="3" sc="312,-27,99,-14,565,-14,14,65" /><INIT seed="5,0,0,3,3,57" ten="285,85,551,79" oya="1" hai0="23,10,98,17,114,53,96,11,6,77,115,32,128" hai1="125,18,84,73,30,85,120,83,27,100,41,14,56" hai2="58,74,106,36,52,26,75,60,35,70,91,5,104" hai3="62,118,78,33,135,42,123,132,65,111,64,94,66"/><U86/><E120/><V72/><F36/><W122/><G33/><T37/><D32/><U40/><E125/><V97/><F70/><W12/><G111/><T43/><D128/><U51/><E100/><V133/><F133/><N who="3" m="51275" /><G118/><T113/><D77/><U93/><E93/><V105/><F5/><W39/><G78/><T25/><D11/><U2/><E2/><V28/><REACH who="2" step="1"/><F91/><REACH who="2" ten="285,85,541,79" step="2"/><W29/><G123/><T45/><REACH who="0" step="1"/><D53/><REACH who="0" ten="275,85,541,79" step="2"/><U108/><E108/><V68/><F68/><W21/><G122/><T9/><D9/><U1/><E40/><V13/><F13/><AGARI ba="0,2" hai="6,10,13,17,23,25,37,43,45,96,98,113,114,115" machi="13" ten="40,5200,0" yaku="1,1,15,1,53,1" doraHai="57" doraHaiUra="69" who="0" fromWho="2" sc="275,72,85,0,541,-52,79,0" /><INIT seed="6,0,0,4,5,64" ten="347,85,489,79" oya="2" hai0="104,82,3,18,126,83,39,12,74,135,115,117,78" hai1="71,128,79,11,57,15,37,116,19,130,20,53,112" hai2="55,13,98,121,127,47,103,109,34,77,5,85,133" hai3="105,67,26,87,27,76,81,40,65,6,36,80,22"/><V70/><F121/><W86/><G105/><T60/><D3/><U92/><E116/><V75/><F34/><W51/><G36/><T4/><D4/><N who="1" m="3559" /><E37/><V122/><F122/><W111/><G6/><T16/><D117/><U88/><E79/><V118/><F118/><W58/><G111/><T29/><D104/><U72/><E72/><V28/><F75/><W25/><G22/><T89/><D39/><U61/><E112/><V97/><F28/><W59/><G59/><T73/><D115/><U110/><E110/><V8/><F109/><W93/><G93/><T9/><D126/><U44/><E44/><V63/><F127/><W45/><REACH who="3" step="1"/><G58/><REACH who="3" ten="347,85,489,69" step="2"/><T120/><D120/><U50/><E57/><V41/><F5/><W49/><G49/><T96/><D9/><U10/><E50/><V91/><F8/><W2/><G2/><T94/><D94/><U129/><E10/><V33/><F63/><W102/><G102/><T132/><D60/><U24/><E61/><V46/><F103/><W32/><G32/><T21/><D21/><U52/><E71/><V38/><F70/><W125/><G125/><T56/><D56/><U14/><E14/><V95/><F13/><W100/><G100/><T90/><D12/><U101/><E101/><V124/><F33/><W68/><G68/><T107/><D107/><U123/><E123/><V0/><F124/><W113/><G113/><T48/><D48/><U1/><E1/><V108/><F0/><W84/><G84/><AGARI ba="0,1" hai="19,20,24,52,53,84,88,92,128,129,130" m="3559" machi="84" ten="30,3900,0" yaku="19,1,54,2" doraHai="64" who="1" fromWho="3" sc="347,0,85,49,489,0,69,-39" /><INIT seed="7,0,0,0,1,7" ten="347,134,489,30" oya="3" hai0="25,113,78,11,94,49,67,100,71,58,8,98,32" hai1="10,125,5,24,66,26,3,80,46,123,73,117,116" hai2="22,13,133,118,128,60,89,124,9,93,106,35,29" hai3="19,99,20,88,44,33,131,53,50,57,101,28,63"/><W0/><G0/><T107/><D113/><U85/><E123/><V122/><F106/><W119/><G119/><N who="1" m="45642" /><E73/><V52/><F35/><W104/><G33/><T42/><D78/><N who="1" m="46231" /><E125/><V91/><F122/><W105/><G28/><T115/><D115/><U12/><E66/><V95/><F124/><W132/><G132/><T40/><D94/><U2/><E46/><V96/><F128/><W86/><G131/><T77/><D77/><U1/><AGARI ba="0,0" hai="1,2,3,5,10,12,24,26" m="46231,45642" machi="1" ten="40,2700,0" yaku="12,1,52,1" doraHai="7" who="1" fromWho="1" sc="347,-7,134,27,489,-7,30,-13" owari="340,14.0,161,-24.0,482,58.0,17,-48.0" /></mjloggm>