<mjloggm ver="2.3"><GO type="169" lobby="0"/><UN n0="%49%53%53%4F%4E%34" n1="%E3%81%BE%E3%81%AA%E3%81%84%E3%81%9F%E3%82%88%E3%81%86%E3%81%98%E3%82%87" n2="%EF%BC%93%E9%80%B1%E9%96%93%40%76%69%70" n3="%68%69%72%6F%70%65%6E" dan="16,16,16,17" rate="2098.01,2122.12,2083.49,2098.64" sx="M,M,M,M"/><TAIKYOKU oya="0"/><INIT seed="0,0,0,4,4,69" ten="250,250,250,250" oya="0" hai0="42,97,123,114,82,57,18,60,89,10,91,20,80" hai1="19,49,72,36,101,87,46,47,100,5,26,133,30" hai2="124,77,83,48,70,131,32,76,35,102,104,107,134" hai3="112,132,67,111,119,64,135,6,71,31,7,110,78"/><T125/><D123/><U15/><E72/><V128/><F70/><W1/><G112/><T113/><D114/><U29/><E5/><N who="3" m="1546" /><G119/><T81/><D113/><U75/><E75/><V74/><F48/><W55/><G1/><T23/><D125/><U90/><E133/><N who="3" m="51274" /><G71/><T53/><D42/><U17/><E36/><V54/><F54/><W92/><G78/><T37/><D37/><U117/><E117/><V84/><F134/><W62/><G31/><N who="1" m="11786" /><E26/><V40/><F40/><W65/><G92/><N who="0" m="56463" /><D91/><U59/><E59/><AGARI ba="0,0" hai="55,59,62,64,65,67,110,111" m="51274,1546" machi="59" ten="40,1300,0" yaku="20,1" doraHai="69" who="3" fromWho="1" sc="250,0,250,-13,250,0,250,13" /><INIT seed="1,0,0,5,3,60" ten="250,237,250,263" oya="1" hai0="52,30,115,110,10,39,9,92,16,48,117,126,37" hai1="42,46,44,111,58,34,74,97,77,132,0,129,80" hai2="13,56,135,45,119,38,66,8,93,75,69,14,19" hai3="105,5,53,71,123,20,101,72,128,133,7,124,125"/><U31/><E44/><V54/><F119/><W102/><G123/><T106/><D106/><U41/><E41/><V121/><F75/><W96/><G72/><T85/><D117/><U95/><E129/><V15/><F121/><W104/><G128/><T118/><D118/><U109/><E0/><V70/><F70/><W4/><G133/><T91/><D115/><U26/><E132/><V100/><F135/><W11/><G71/><T68/><D68/><U88/><REACH who="1" step="1"/><E58/><REACH who="1" ten="250,227,250,263" step="2"/><V62/><F69/><W116/><G116/><T130/><D130/><U50/><AGARI ba="0,1" hai="26,31,34,42,46,50,74,77,80,88,95,97,109,111" machi="50" ten="30,11700,0" yaku="1,1,2,1,0,1,54,1,53,0" doraHai="60" doraHaiUra="63" who="1" fromWho="1" sc="250,-39,227,127,250,-39,263,-39" /><INIT seed="1,1,0,3,5,4" ten="211,354,211,224" oya="1" hai0="13,92,81,118,111,71,38,95,29,12,14,44,47" hai1="91,75,57,129,103,37,22,89,62,72,134,65,106" hai2="79,61,56,45,7,110,3,99,88,59,122,40,52" hai3="63,10,33,131,35,105,96,124,18,120,46,48,2"/><U98/><E37/><V109/><F122/><W17/><G120/><T26/><D118/><U76/><E129/><V34/><F79/><W6/><G131/><T8/><D71/><U11/><E134/><V77/><F77/><W43/><G124/><T70/><D70/><U84/><E89/><V101/><F59/><W90/><G63/><T60/><D111/><U100/><E100/><V51/><F34/><W67/><G67/><T117/><D117/><U55/><E76/><V133/><F133/><W68/><G68/><T5/><D81/><U82/><E22/><V128/><F128/><W108/><G108/><T123/><D123/><U126/><E126/><V50/><F61/><W114/><G114/><T9/><D14/><U127/><E127/><V31/><F31/><W1/><G1/><T125/><D60/><U64/><E64/><V66/><F66/><W121/><G121/><T53/><D125/><U115/><E115/><V85/><F3/><W54/><G43/><T30/><D53/><U94/><E106/><V74/><F74/><W119/><G119/><T116/><D116/><U32/><E32/><N who="3" m="12362" /><G90/><T87/><D26/><U15/><REACH who="1" step="1"/><E65/><REACH who="1" ten="211,344,211,224" step="2"/><V93/><REACH who="2" step="1"/><F7/><AGARI ba="1,1" hai="7,11,15,55,57,62,72,75,82,84,91,94,98,103" machi="7" ten="30,18000,2" yaku="1,1,2,1,7,1,52,1,53,2" doraHai="4" doraHaiUra="104" who="1" fromWho="2" sc="211,0,344,193,211,-183,224,0" /><INIT seed="1,2,0,0,3,115" ten="211,537,28,224" oya="1" hai0="43,47,69,45,5,123,118,63,26,110,34,18,6" hai1="72,14,53,85,42,120,52,103,24,105,48,0,39" hai2="20,16,121,92,87,84,27,51,8,116,109,10,83" hai3="60,2,31,7,96,11,124,75,80,36,54,89,13"/><U81/><E0/><V68/><F116/><W90/><G36/><T76/><D118/><U74/><E120/><V19/><F121/><W117/><G117/><T106/><D106/><U97/><E39/><V100/><F68/><W25/><G124/><T131/><D123/><U88/><E24/><V23/><F109/><W129/><G129/><T127/><D76/><U93/><E74/><V38/><F38/><W107/><G2/><T4/><D110/><U56/><E42/><V91/><F51/><W29/><G29/><T62/><D69/><U104/><E53/><V125/><F125/><W37/><G37/><T59/><D43/><U98/><E98/><V79/><REACH who="2" step="1"/><F100/><REACH who="2" ten="211,537,18,224" step="2"/><W61/><G61/><T30/><D127/><U65/><E48/><V3/><F3/><W86/><G60/><T32/><D63/><U112/><E103/><V40/><F40/><W94/><G54/><T128/><D62/><U15/><E52/><V49/><F49/><W1/><G1/><T58/><D131/><U71/><E71/><V134/><F134/><W130/><G130/><T113/><D128/><U21/><E112/><V111/><F111/><W114/><G114/><T102/><D113/><U135/><E135/><V41/><F41/><W95/><G107/><T50/><D102/><U70/><E70/><V66/><F66/><W122/><G122/><T17/><D50/><U99/><E65/><V46/><F46/><W77/><G25/><AGARI ba="2,1" hai="8,10,16,19,20,23,25,27,79,83,84,87,91,92" machi="25" ten="30,8000,1" yaku="1,1,7,1,9,1,8,1,54,1,53,0" doraHai="115" doraHaiUra="133" who="2" fromWho="3" sc="211,0,537,0,18,96,224,-86" /><INIT seed="2,0,0,0,4,0" ten="211,537,114,138" oya="2" hai0="53,16,50,115,30,94,18,42,92,125,33,105,73" hai1="5,114,61,29,17,7,128,54,2,1,60,43,79" hai2="135,13,40,25,91,20,96,63,68,123,74,26,131" hai3="57,15,110,36,97,106,120,48,77,28,81,112,134"/><V84/><F123/><W14/><G120/><T89/><D105/><U82/><E114/><V95/><F74/><W104/><G36/><T119/><D73/><U93/><E128/><V45/><F131/><W116/><G112/><T99/><D115/><U130/><E130/><V102/><F135/><W23/><G116/><T109/><D119/><U59/><E29/><V9/><F68/><W126/><G134/><T65/><D65/><U83/><E83/><V66/><F20/><W133/><G133/><T132/><D132/><U72/><E43/><V88/><F66/><W87/><G126/><T46/><D125/><U118/><E118/><V31/><F31/><W64/><G110/><T111/><D30/><U11/><E93/><V8/><F63/><W62/><G48/><T44/><D92/><U24/><E60/><V101/><F91/><W55/><G55/><T47/><D33/><U75/><E75/><V51/><F8/><W103/><REACH who="3" step="1"/><G106/><REACH who="3" ten="211,537,114,128" step="2"/><T38/><D47/><U98/><E54/><V124/><F124/><W113/><G113/><T21/><D111/><U58/><E61/><V100/><REACH who="2" step="1"/><F96/><REACH who="2" ten="211,537,104,128" step="2"/><W78/><G78/><T127/><D127/><U6/><E98/><V86/><F86/><W56/><G56/><T117/><D117/><U69/><E59/><V67/><F67/><W10/><G10/><T122/><D122/><U41/><E58/><V32/><F32/><W107/><G107/><T70/><D109/><U3/><E11/><V90/><F90/><W52/><G52/><T4/><D53/><U85/><E85/><V19/><AGARI ba="0,2" hai="9,13,19,25,26,40,45,51,84,88,95,100,101,102" machi="19" ten="30,18000,2" yaku="1,1,0,1,8,1,54,1,53,2" doraHai="0" doraHaiUra="22" who="2" fromWho="2" sc="211,-60,537,-60,104,200,128,-60" /><INIT seed="2,1,0,4,1,80" ten="151,477,304,68" oya="2" hai0="25,53,82,111,39,14,16,69,91,132,6,109,92" hai1="74,7,90,27,11,116,9,8,83,118,59,45,119" hai2="21,71,47,131,85,12,96,125,68,106,35,88,52" hai3="93,95,15,126,84,46,41,23,89,98,135,130,78"/><V102/><F35/><W0/><G0/><T40/><D69/><U18/><E59/><V37/><F131/><W63/><G130/><T43/><D6/><U72/><E45/><V112/><F112/><W105/><G126/><T87/><D39/><U124/><E124/><V86/><F125/><W64/><G135/><T107/><D107/><U38/><E38/><V44/><F44/><W123/><G123/><T13/><D132/><U70/><E70/><V77/><F77/><W56/><G105/><T100/><D53/><U36/><E36/><V24/><F12/><W110/><G110/><N who="0" m="41995" /><D25/><U20/><E7/><V115/><F85/><W75/><G75/><T122/><D13/><U67/><E67/><V62/><F37/><W54/><G78/><N who="0" m="46551" /><D100/><U65/><E65/><V120/><F120/><W34/><G34/><T58/><D58/><U48/><E74/><V5/><F5/><W61/><G41/><T60/><D60/><U113/><E72/><V26/><F26/><W127/><G127/><T10/><D122/><U103/><E103/><V31/><F115/><W76/><G76/><T133/><D133/><U117/><E113/><V129/><F129/><W29/><G15/><T28/><D28/><U19/><E118/><V79/><F79/><W42/><G42/><T114/><D114/><U128/><E128/><V99/><F62/><N who="3" m="36119" /><G64/><T17/><D17/><N who="1" m="12687" /><E48/><N who="2" m="28703" /><F68/><W3/><G46/><T32/><D32/><U81/><E116/><V134/><F134/><W108/><G3/><T1/><D1/><U121/><E121/><V97/><F71/><W49/><G108/><T30/><D30/><RYUUKYOKU ba="1,0" sc="151,15,477,-15,304,15,68,-15" hai0="10,14,16,40,43,91,92" hai2="21,24,31,86,88,96,97,99,102,106" /><INIT seed="2,2,0,4,1,36" ten="166,462,319,53" oya="2" hai0="63,85,125,87,99,96,101,56,20,66,122,31,25" hai1="116,98,133,71,106,70,57,112,82,134,9,19,129" hai2="11,94,32,41,34,123,97,40,26,17,114,67,13" hai3="55,75,21,64,131,121,42,49,39,14,38,5,77"/><V111/><F114/><W124/><G121/><T92/><D122/><U47/><E112/><V130/><F123/><W102/><G124/><T12/><D125/><U18/><E116/><V120/><F120/><W30/><G131/><T28/><D99/><U53/><E82/><V86/><F130/><W95/><G64/><T37/><D37/><U78/><E78/><V73/><F73/><W117/><G117/><T91/><D91/><U35/><E35/><V8/><F8/><W72/><G42/><T27/><REACH who="0" step="1"/><D12/><REACH who="0" ten="156,462,319,53" step="2"/><U119/><E98/><V126/><F126/><W15/><G38/><T108/><D108/><U109/><E129/><V76/><F97/><W113/><G39/><T6/><D6/><U33/><E109/><V105/><F111/><W23/><G5/><T83/><D83/><U68/><E119/><V22/><F76/><W80/><G113/><T16/><D16/><U132/><E19/><V50/><F105/><W3/><G14/><T51/><D51/><U79/><E106/><V52/><F34/><AGARI ba="2,1" hai="20,25,27,28,31,34,56,63,66,85,87,92,96,101" machi="34" ten="30,8000,1" yaku="1,1,7,1,25,2,53,1" doraHai="36" doraHaiUra="29" who="0" fromWho="2" sc="156,96,462,0,319,-86,53,0" /><INIT seed="3,0,0,1,4,57" ten="252,462,233,53" oya="3" hai0="56,130,71,9,90,104,4,131,84,39,10,115,51" hai1="13,82,61,21,36,95,15,79,113,25,53,2,5" hai2="45,133,16,117,58,126,81,86,112,69,80,8,124" hai3="24,125,3,110,89,1,33,23,99,38,127,17,103"/><W107/><G38/><T129/><D71/><U28/><E36/><V35/><F117/><W68/><G110/><T88/><D39/><U119/><E113/><V48/><F112/><W102/><G68/><T128/><D115/><U47/><E119/><V0/><F69/><W94/><G33/><T85/><D104/><U64/><E2/><V100/><F35/><W91/><G91/><T97/><D97/><U121/><E121/><V78/><F133/><W54/><G54/><N who="0" m="31839" /><D10/><U27/><E95/><V43/><F100/><W114/><G114/><T76/><N who="0" m="32768" /><DORA hai="32" /><T132/><D132/><U18/><E5/><V52/><F81/><W101/><REACH who="3" step="1"/><G107/><REACH who="3" ten="252,462,233,43" step="2"/><T49/><D90/><U7/><E53/><V73/><F52/><W75/><G75/><T46/><D88/><U62/><E79/><V12/><F73/><W42/><G42/><N who="0" m="24791" /><D76/><U14/><E64/><V120/><F120/><W116/><G116/><T65/><D65/><U109/><E109/><V134/><F134/><W83/><G83/><T77/><D77/><U26/><E82/><V118/><F118/><W92/><G92/><T111/><D111/><U22/><E7/><V105/><F105/><W34/><G34/><T66/><D66/><U93/><E93/><V41/><F41/><W37/><G37/><T72/><D72/><U6/><E6/><V55/><F43/><W87/><G87/><T74/><D74/><U108/><E108/><V60/><F78/><W123/><G123/><T70/><D70/><U106/><E106/><V122/><F86/><W31/><G31/><T40/><D40/><U29/><E28/><RYUUKYOKU ba="0,1" sc="252,15,462,-15,233,-15,43,15" hai0="4,9,84,85" hai3="1,3,17,23,24,89,94,99,101,102,103,125,127" /><INIT seed="3,1,1,0,3,38" ten="267,447,218,58" oya="3" hai0="57,127,123,117,109,55,51,64,37,121,82,26,66" hai1="98,112,81,49,79,128,118,102,93,39,75,40,14" hai2="13,12,105,42,115,62,86,77,100,47,21,4,9" hai3="11,74,99,68,70,30,95,110,19,48,65,69,106"/><W96/><G74/><T17/><D117/><U71/><E112/><V41/><F115/><W3/><G110/><T8/><D109/><U126/><E71/><V46/><F100/><W7/><G30/><T125/><D37/><U53/><E118/><V10/><F105/><W124/><G124/><N who="0" m="47691" /><D82/><U6/><E126/><V1/><F62/><W20/><G106/><T54/><D8/><U18/><E6/><N who="2" m="3127" /><F1/><W133/><G133/><T85/><D85/><U45/><E128/><V5/><F21/><W0/><G0/><T108/><D108/><U80/><E80/><N who="2" m="47375" /><F4/><W2/><G2/><T101/><D101/><U22/><REACH who="1" step="1"/><E39/><REACH who="1" ten="267,437,218,58" step="2"/><V130/><F130/><W36/><G36/><T67/><D123/><U87/><E87/><V104/><F104/><W119/><G119/><T122/><D121/><U24/><E24/><V28/><F28/><W103/><G96/><T107/><D107/><U56/><E56/><V120/><F120/><W76/><G76/><T59/><D26/><U58/><E58/><V116/><F116/><W84/><G84/><T63/><D122/><U88/><E88/><V94/><F94/><W114/><G114/><T111/><D111/><U29/><E29/><V73/><F73/><W72/><G72/><T131/><D17/><U83/><E83/><V15/><F15/><N who="3" m="9343" /><G69/><N who="0" m="42143" /><D131/><U27/><E27/><V92/><F92/><W52/><G70/><T33/><D33/><U89/><E89/><V132/><F132/><W35/><G68/><T50/><AGARI ba="1,2" hai="50,51,54,55,57,59,66,67" m="42143,47691" machi="50" ten="30,4000,0" yaku="18,1,34,2" doraHai="38" who="0" fromWho="0" sc="267,63,437,-11,218,-11,58,-21" /><INIT seed="4,0,0,0,0,116" ten="330,426,207,37" oya="0" hai0="81,7,123,92,78,36,42,51,50,113,54,26,28" hai1="31,20,14,84,85,73,41,87,40,86,110,117,34" hai2="74,107,119,68,47,97,23,2,8,101,132,62,135" hai3="124,115,94,46,70,91,58,63,9,69,131,25,66"/><T134/><D36/><U126/><E110/><V43/><F23/><W125/><G115/><T48/><D113/><U103/><E117/><V16/><F16/><W56/><G131/><T80/><D123/><U13/><E73/><V10/><F74/><W128/><G128/><T38/><D134/><U17/><E126/><V129/><F119/><W22/><G56/><T55/><D38/><U88/><E103/><V104/><F129/><W57/><G57/><T61/><D42/><N who="1" m="16491" /><E34/><V33/><F10/><W67/><G46/><T96/><D7/><U60/><E60/><V72/><F72/><W106/><G9/><T127/><D127/><U77/><E77/><V108/><F33/><W12/><G12/><N who="1" m="4714" /><E31/><V133/><F107/><W105/><G124/><T44/><D61/><U120/><E120/><V0/><F8/><W53/><G125/><T89/><D78/><U5/><E5/><V114/><F114/><W64/><G105/><T121/><D121/><U21/><E17/><V6/><F6/><W130/><G106/><T93/><D51/><U18/><E18/><V112/><F112/><W99/><REACH who="3" step="1"/><G130/><REACH who="3" ten="330,426,207,27" step="2"/><T52/><D44/><U15/><E15/><V3/><F108/><W75/><G75/><T24/><D50/><U35/><E35/><V19/><F135/><W29/><AGARI ba="0,1" hai="22,25,29,53,58,63,64,66,67,69,70,91,94,99" machi="29" ten="30,2000,0" yaku="1,1,0,1,53,0" doraHai="116" doraHaiUra="109" who="3" fromWho="3" sc="330,-10,426,-5,207,-5,27,30" /><INIT seed="5,0,0,2,2,38" ten="320,421,202,57" oya="1" hai0="39,90,36,20,13,57,123,19,54,52,104,106,127" hai1="64,45,132,95,0,82,128,4,42,84,135,17,83" hai2="1,114,2,35,93,126,62,30,23,108,15,25,102" hai3="76,21,48,41,81,65,59,71,105,92,79,32,27"/><U34/><E34/><V101/><F108/><W111/><G105/><T33/><D33/><U99/><E64/><V11/><F126/><W120/><G111/><T100/><D127/><U47/><E128/><V24/><F62/><W98/><G120/><T110/><D110/><U55/><E0/><V131/><F131/><W40/><G32/><T75/><D75/><U58/><E4/><V37/><F37/><W44/><G71/><T3/><D3/><U122/><E122/><V61/><F61/><N who="3" m="38079" /><G48/><T43/><D39/><U46/><E17/><V109/><F109/><W130/><G44/><T70/><D70/><U115/><E115/><V9/><F114/><W113/><G113/><T72/><D72/><U18/><E18/><V121/><F121/><W129/><G129/><T119/><D119/><U69/><E69/><V56/><F56/><W60/><G60/><T6/><D6/><U133/><E84/><V91/><F1/><W87/><G76/><T67/><D123/><U116/><E116/><V88/><F2/><W10/><G10/><T12/><D67/><U134/><E134/><V94/><F35/><W7/><G7/><T118/><D118/><U107/><E107/><V5/><F5/><W53/><G53/><T22/><D19/><U125/><E125/><V96/><F25/><W28/><G130/><T31/><D106/><U85/><E133/><V89/><F15/><W73/><G73/><T63/><D12/><U14/><E135/><V78/><F78/><W66/><G66/><T50/><D13/><U80/><E14/><V74/><F74/><W51/><G51/><RYUUKYOKU ba="0,0" sc="320,-15,421,-15,202,15,57,15" hai2="9,11,23,24,30,88,89,91,93,94,96,101,102" hai3="21,27,28,40,41,79,81,87,92,98" /><INIT seed="6,1,0,1,3,12" ten="305,406,217,72" oya="2" hai0="54,120,88,16,58,3,39,121,119,124,115,101,50" hai1="89,81,107,70,117,52,47,5,56,135,30,100,106" hai2="109,76,22,7,18,118,87,62,35,123,44,21,112" hai3="90,26,77,57,8,114,92,64,97,61,6,31,15"/><V84/><F118/><W126/><G114/><T23/><D3/><U24/><E117/><V45/><F123/><W103/><G126/><T129/><D39/><U65/><E5/><V104/><F35/><W42/><G42/><T94/><D119/><U41/><E81/><V49/><F112/><W116/><G116/><T11/><D115/><U28/><E89/><V17/><F104/><W110/><G110/><T14/><D124/><U83/><E83/><N who="2" m="47207" /><F7/><W95/><G77/><T93/><D129/><U73/><E73/><V82/><F62/><W46/><G46/><N who="2" m="18025" /><F49/><W55/><G92/><T132/><D132/><U78/><E78/><N who="2" m="46551" /><F109/><W20/><REACH who="3" step="1"/><G90/><REACH who="3" ten="305,406,217,62" step="2"/><T75/><D75/><U40/><E40/><V98/><F98/><W9/><G9/><T43/><D43/><U60/><E41/><V33/><F33/><W105/><G105/><T59/><D94/><U122/><E106/><V36/><F36/><W67/><AGARI ba="1,1" hai="6,8,15,20,26,31,55,57,61,64,67,95,97,103" machi="67" ten="30,7900,0" yaku="1,1,0,1,8,1,53,1" doraHai="12" doraHaiUra="4" who="3" fromWho="3" sc="305,-21,406,-21,217,-40,62,92" /><INIT seed="7,0,0,2,2,121" ten="284,385,177,154" oya="3" hai0="68,16,73,117,23,42,87,116,79,66,39,49,88" hai1="128,32,0,41,95,75,12,106,119,10,124,84,104" hai2="26,34,8,33,85,50,80,92,58,57,2,86,69" hai3="102,13,90,20,120,46,64,108,81,43,105,48,129"/><W37/><G120/><T62/><D79/><U61/><E75/><V70/><F69/><W6/><G129/><T98/><D73/><U110/><E110/><V53/><F70/><W118/><G118/><T60/><D98/><U112/><E0/><V89/><F58/><W111/><G64/><T63/><D62/><U113/><E32/><V133/><F133/><W25/><G37/><T126/><D126/><U130/><E41/><V40/><F40/><W83/><G6/><T122/><D122/><U59/><E124/><V115/><F115/><N who="1" m="44105" /><E119/><V28/><F8/><W7/><G7/><T54/><D60/><U9/><E95/><V100/><F2/><W5/><G102/><T3/><D42/><U99/><E84/><V97/><F86/><W103/><G103/><T114/><D3/><U135/><E135/><V18/><F18/><N who="3" m="12439" /><G90/><T123/><D39/><U76/><E76/><V11/><F11/><N who="1" m="4105" /><E99/><V55/><F55/><W109/><G5/><T131/><D114/><U51/><E104/><V15/><F15/><W24/><G13/><T47/><D131/><U17/><E106/><V134/><F134/><W29/><G105/><T21/><D21/><AGARI ba="0,0" hai="21,26,28,33,34,50,53,57,80,85,89,92,97,100" machi="21" ten="30,1000,0" yaku="7,1" doraHai="121" who="2" fromWho="0" sc="284,-10,385,0,177,10,154,0" /><AGARI ba="0,0" hai="21,24,29,43,46,48,81,83,108,109,111" m="12439" machi="21" ten="30,11600,0" yaku="10,1,52,3" doraHai="121" who="3" fromWho="0" sc="274,-116,385,0,187,0,154,116" /><INIT seed="7,1,0,3,2,67" ten="158,385,187,270" oya="3" hai0="104,25,6,81,60,36,90,44,134,103,125,109,26" hai1="3,38,132,42,95,47,65,34,100,16,73,46,126" hai2="28,76,50,94,84,74,32,87,5,80,27,120,23" hai3="91,43,14,15,119,113,108,45,51,97,49,112,0"/><W93/><G0/><T7/><D109/><U129/><E34/><V55/><F5/><W57/><G108/><T102/><D36/><U41/><E129/><V130/><F130/><W4/><G119/><T58/><D104/><U54/><E65/><V85/><F120/><W96/><G96/><T19/><D125/><U31/><E31/><V52/><F55/><N who="3" m="31983" /><G4/><T133/><D44/><U83/><E54/><V56/><F32/><W13/><G112/><T105/><D105/><U21/><E126/><V101/><F74/><W82/><G113/><T59/><D81/><AGARI ba="1,0" hai="13,14,15,43,45,51,81,82,91,93,97" m="31983" machi="81" ten="30,1500,0" yaku="8,1" doraHai="67" who="3" fromWho="0" sc="158,-18,385,0,187,0,270,18" /><INIT seed="7,2,0,2,2,83" ten="140,385,187,288" oya="3" hai0="50,33,81,70,36,89,115,65,128,118,135,125,45" hai1="38,103,41,127,35,39,119,32,134,20,57,92,111" hai2="99,96,52,42,43,15,110,19,98,27,31,94,60" hai3="78,87,58,109,121,62,117,93,95,86,123,9,17"/><W74/><G117/><T130/><D33/><U63/><E111/><V84/><F110/><W85/><G109/><T76/><D89/><U55/><E119/><V49/><F60/><W131/><G131/><T0/><D0/><U66/><E134/><V77/><F27/><W69/><G69/><T75/><D118/><U72/><E72/><V30/><F30/><W7/><G17/><T53/><D75/><U54/><E127/><V4/><F4/><W23/><G23/><T46/><D81/><U56/><E32/><V132/><F31/><W10/><G78/><T116/><D76/><U108/><E35/><V113/><F113/><W129/><G74/><T88/><D116/><U126/><E126/><V120/><F120/><W61/><G129/><N who="0" m="49771" /><D125/><U97/><E108/><V133/><F133/><W48/><G121/><T79/><D79/><U90/><E41/><V101/><F132/><W102/><G123/><T22/><D22/><U12/><E103/><V18/><F101/><W5/><G102/><T6/><D6/><N who="3" m="2057" /><G93/><T51/><D135/><U44/><E39/><V59/><F19/><W112/><G95/><T105/><D105/><U1/><E1/><V16/><F18/><W71/><G112/><T107/><D107/><U47/><E38/><V26/><F77/><W29/><G29/><T34/><D34/><U3/><E3/><V14/><F94/><W100/><G100/><T80/><D36/><U67/><E20/><N who="2" m="13575" /><F14/><W82/><G82/><T37/><D37/><U73/><E12/><V2/><F15/><W104/><G104/><T8/><D115/><U25/><E73/><RYUUKYOKU ba="2,0" sc="140,0,385,0,187,0,288,0" owari="140,-36.0,385,48.0,187,-21.0,288,9.0" /></mjloggm>