<mjloggm ver="2.3"><GO type="169" lobby="0"/><UN n0="%E5%B0%8F%E6%B1%A0%E5%BE%B9%E5%B9%B3" n1="%49%72%69%73%2A" n2="%E5%BF%83%E5%A4%9C" n3="%E4%BC%8A%E8%97%A4%E4%BC%8A%E8%97%A4%E4%BC%8A%E8%97%A4" dan="18,18,16,16" rate="2222.99,2204.86,2118.04,2112.03" sx="M,F,M,M"/><TAIKYOKU oya="0"/><INIT seed="0,0,0,0,0,114" ten="250,250,250,250" oya="0" hai0="72,124,47,133,67,24,132,2,66,107,58,68,110" hai1="115,13,70,59,69,71,116,128,113,4,93,78,118" hai2="17,36,91,83,104,111,6,11,88,12,20,0,135" hai3="41,14,15,52,54,121,85,99,84,130,38,7,48"/><T95/><D107/><U51/><E78/><V134/><F104/><W44/><G130/><T117/><D72/><U43/><E93/><V9/><F36/><W81/><G121/><T46/><D2/><U1/><E1/><V126/><F83/><W106/><G7/><T37/><D24/><U32/><E32/><V103/><F103/><W120/><G120/><T73/><D73/><U50/><E4/><N who="2" m="3175" /><F111/><W125/><G125/><T62/><D95/><U16/><E128/><V76/><F76/><W112/><G112/><N who="1" m="43082" /><E59/><V25/><F126/><W49/><G106/><T101/><D101/><U79/><E79/><V33/><F33/><W42/><G99/><T45/><D124/><U122/><E122/><V31/><F17/><W56/><G84/><T22/><D110/><U90/><E90/><V57/><F57/><W53/><G38/><T96/><D96/><U109/><E109/><V105/><F105/><W34/><G34/><T86/><D86/><U21/><E51/><V102/><F102/><W123/><G123/><T64/><D37/><U94/><E94/><V108/><F108/><W75/><G75/><T3/><D58/><U5/><E5/><V65/><F91/><N who="3" m="51631" /><G56/><T19/><D3/><U127/><E127/><V26/><F6/><W89/><G89/><T55/><D66/><U30/><E30/><N who="2" m="17703" /><F88/><W82/><G82/><T28/><D67/><U27/><E27/><V39/><F65/><W23/><G23/><T100/><D100/><U63/><E63/><V40/><F0/><W74/><G74/><T61/><D61/><U60/><E60/><V35/><F9/><RYUUKYOKU ba="0,0" sc="250,-30,250,10,250,10,250,10" hai1="13,16,21,43,50,69,70,71,116,118" hai2="26,31,35,39,40,134,135" hai3="14,15,41,42,44,48,49,52,53,54" /><INIT seed="1,1,0,5,4,103" ten="220,260,260,260" oya="1" hai0="125,132,28,25,9,53,74,110,22,65,98,107,131" hai1="119,79,75,64,105,43,50,130,41,14,66,1,35" hai2="124,59,112,36,15,34,12,45,0,46,68,135,21" hai3="13,5,42,60,11,63,126,120,38,58,10,73,33"/><U52/><E119/><V129/><F68/><W44/><G73/><T97/><D74/><U37/><E1/><V84/><F0/><W67/><G120/><T56/><D110/><U61/><E35/><V93/><F34/><W7/><G126/><T133/><D125/><U72/><E37/><V102/><F124/><W47/><G33/><T69/><D131/><U3/><E3/><V88/><F129/><W116/><G116/><T101/><D9/><U31/><E31/><V114/><F135/><N who="0" m="51786" /><D98/><U115/><E64/><V40/><F46/><W109/><G109/><T87/><D87/><U90/><E115/><N who="2" m="44075" /><F102/><W39/><G42/><T118/><D118/><U104/><E43/><V48/><F21/><W127/><G127/><T71/><D65/><U16/><E41/><V100/><F100/><W29/><G29/><T49/><AGARI ba="1,0" hai="22,25,28,49,53,56,69,71,97,101,107" m="51786" machi="49" ten="30,2000,0" yaku="20,1,52,1" doraHai="103" who="0" fromWho="0" sc="220,23,260,-11,260,-6,260,-6" /><INIT seed="2,0,0,1,4,26" ten="243,249,254,254" oya="2" hai0="7,135,100,124,104,42,119,125,46,116,41,113,65" hai1="4,126,37,88,23,86,75,58,55,110,38,71,95" hai2="62,81,101,32,29,79,97,118,68,76,92,47,14" hai3="105,50,15,69,11,28,2,45,129,53,3,18,19"/><V93/><F118/><N who="0" m="45098" /><D7/><U34/><E34/><V67/><F47/><W57/><G105/><T134/><D100/><U106/><E71/><V1/><F1/><W98/><G69/><T78/><D104/><U84/><E75/><V131/><F131/><W8/><G129/><T80/><D113/><U122/><E106/><N who="2" m="63791" /><F14/><W96/><G28/><T73/><D65/><U82/><E4/><V63/><F63/><W56/><G2/><T64/><D64/><U111/><E122/><V17/><F17/><N who="3" m="6155" /><G3/><T107/><D107/><U13/><E13/><V6/><F6/><N who="3" m="3479" /><G11/><T103/><D103/><U112/><E23/><V59/><F59/><AGARI ba="0,0" hai="45,50,53,56,57,59,96,98" m="3479,6155" machi="59" ten="30,1000,0" yaku="8,1" doraHai="26" who="3" fromWho="2" sc="243,0,249,0,254,-10,254,10" /><INIT seed="3,0,0,0,2,100" ten="243,249,244,264" oya="3" hai0="32,121,119,29,102,54,98,111,13,37,17,73,132" hai1="81,108,30,131,107,69,99,59,74,115,97,9,6" hai2="25,0,87,116,23,38,110,126,127,134,50,14,43" hai3="31,35,106,60,19,80,15,84,22,70,66,26,123"/><W94/><G123/><T114/><D121/><U90/><E115/><V40/><F116/><W95/><REACH who="3" step="1"/><G106/><REACH who="3" ten="243,249,244,254" step="2"/><T10/><D114/><U16/><E107/><V8/><F127/><W109/><G109/><T79/><D111/><U77/><E108/><V85/><F126/><W53/><G53/><T124/><D124/><U72/><E131/><V48/><F110/><W21/><G21/><T112/><D54/><U118/><E118/><V46/><F23/><W92/><G92/><T12/><D119/><U76/><E9/><V3/><F8/><W61/><G61/><T45/><D112/><U56/><E81/><V5/><F43/><W11/><G11/><T82/><D10/><U42/><E42/><V36/><F40/><W113/><G113/><T91/><D82/><U78/><E6/><V51/><F5/><W128/><G128/><T44/><D32/><U125/><E125/><V104/><F104/><W75/><G75/><T96/><D73/><U49/><E74/><V64/><F46/><W105/><G105/><T65/><D45/><U63/><E72/><V20/><F20/><W55/><G55/><T4/><D44/><U28/><E63/><V24/><F36/><W93/><G93/><T83/><D37/><U133/><E49/><V7/><F38/><W120/><G120/><T88/><D4/><U1/><E1/><V103/><F3/><W62/><G62/><T68/><D83/><U34/><E34/><V86/><F0/><W129/><G129/><T2/><D2/><U57/><E133/><V52/><F134/><W39/><G39/><T122/><D132/><RYUUKYOKU ba="0,1" sc="243,-10,249,-10,244,-10,254,30" hai3="15,19,22,26,31,35,60,66,70,80,84,94,95" /><INIT seed="3,1,1,1,2,127" ten="233,239,234,284" oya="3" hai0="104,34,38,66,60,23,59,96,47,88,84,27,67" hai1="73,117,21,90,112,41,9,128,1,71,53,110,70" hai2="14,86,6,118,7,44,62,28,97,10,31,115,61" hai3="91,85,4,93,126,107,17,106,3,19,134,131,111"/><W74/><G74/><T50/><D38/><U15/><E53/><V120/><F118/><W100/><G126/><T122/><D34/><U78/><E90/><V72/><F72/><W0/><G134/><T13/><D122/><U77/><E77/><V89/><F115/><W98/><G131/><T135/><D135/><U2/><E21/><V68/><F120/><W121/><G121/><T75/><D75/><U80/><E112/><V32/><F68/><W119/><G119/><T35/><D35/><U81/><E81/><N who="2" m="49359" /><F32/><W116/><G116/><T108/><D13/><U123/><E110/><V79/><F79/><W83/><G111/><T29/><D108/><U133/><E133/><V105/><F105/><W129/><G129/><T103/><D50/><U124/><E128/><V87/><F97/><W82/><G3/><T39/><D47/><U33/><E123/><V109/><F109/><W92/><G107/><T12/><D12/><U48/><E33/><V64/><F87/><W45/><G106/><T24/><D24/><U40/><E124/><V76/><F76/><W5/><G0/><N who="1" m="106" /><E117/><V56/><F44/><W57/><G45/><T49/><D39/><U58/><E70/><V101/><F101/><W95/><G57/><T11/><D11/><U125/><E71/><N who="2" m="42383" /><F7/><N who="3" m="2635" /><G98/><T52/><REACH who="0" step="1"/><D60/><REACH who="0" ten="223,239,234,284" step="2"/><U22/><E125/><V43/><F43/><W102/><G102/><T18/><D18/><N who="3" m="6665" /><G100/><T65/><D65/><U20/><E9/><V37/><F37/><W132/><G132/><T36/><D36/><U55/><E15/><V46/><F46/><W54/><G54/><T8/><D8/><RYUUKYOKU ba="1,2" sc="223,0,239,0,234,0,284,0" hai0="23,27,29,49,52,59,66,67,84,88,96,103,104" hai1="20,22,40,41,48,55,58,73,78,80" hai2="6,10,14,28,31,56,62" hai3="82,83,85,91,92,93,95" /><INIT seed="3,2,2,1,3,78" ten="223,239,234,284" oya="3" hai0="60,100,116,53,121,85,54,79,23,31,123,128,38" hai1="97,122,101,27,30,113,9,10,15,124,106,6,33" hai2="25,75,112,57,67,68,51,40,29,39,133,8,7" hai3="22,74,127,49,13,19,73,69,111,129,37,93,35"/><W46/><G69/><T17/><D116/><U20/><E122/><V82/><F112/><W98/><G35/><T47/><D31/><U2/><E113/><V14/><F133/><W125/><G129/><T102/><D128/><U44/><E124/><N who="3" m="47690" /><G37/><T21/><D38/><U56/><E44/><N who="2" m="23583" /><F75/><W72/><G111/><T134/><D134/><U12/><E56/><V108/><F108/><W104/><G104/><T62/><D79/><U71/><E71/><V77/><F77/><W4/><G4/><T130/><D85/><U132/><E132/><V80/><F25/><W1/><G1/><T117/><D47/><U0/><REACH who="1" step="1"/><E33/><REACH who="1" ten="223,229,234,284" step="2"/><V90/><F29/><W55/><G73/><T105/><D130/><U24/><E24/><V89/><F68/><W81/><G81/><T99/><D117/><U119/><E119/><V95/><F82/><W96/><G96/><T66/><D99/><U42/><E42/><V28/><F80/><W65/><G74/><T110/><D110/><U94/><E94/><V92/><F28/><W103/><G72/><T3/><D105/><U86/><E86/><V87/><F95/><W118/><G118/><T91/><D121/><U48/><E48/><V120/><F120/><W43/><G43/><T114/><D123/><U61/><E61/><N who="2" m="38319" /><F51/><W41/><G41/><T26/><D114/><U59/><E59/><V126/><F126/><W36/><G36/><T34/><D34/><U83/><E83/><V70/><F70/><W76/><G76/><T50/><D50/><U45/><E45/><V18/><F90/><W88/><G88/><T52/><D91/><RYUUKYOKU ba="2,3" sc="223,-30,229,10,234,10,284,10" hai1="0,2,6,9,10,12,15,20,27,30,97,101,106" hai2="7,8,14,18,87,89,92" hai3="13,19,22,46,49,55,65,93,98,103" /><INIT seed="3,3,3,2,1,48" ten="193,239,244,294" oya="3" hai0="36,133,110,23,104,18,29,84,50,32,41,65,82" hai1="96,6,22,112,114,21,9,67,49,52,86,80,0" hai2="7,59,43,92,113,129,90,70,131,91,85,105,77" hai3="111,117,1,57,31,130,12,75,78,53,62,83,8"/><W71/><G117/><T42/><D36/><U60/><E96/><N who="2" m="57375" /><F70/><W74/><G1/><T132/><D104/><U119/><E119/><V89/><F43/><W38/><G38/><T54/><D65/><U93/><E93/><V68/><F68/><W116/><G116/><T118/><D110/><U135/><E135/><N who="0" m="51785" /><D29/><U24/><E60/><V4/><F105/><W108/><G130/><N who="2" m="49673" /><F113/><W122/><G71/><T121/><D32/><U128/><E67/><V39/><F39/><W81/><G31/><T97/><D97/><U124/><E124/><V3/><F59/><W58/><G122/><T25/><D121/><U76/><E128/><V45/><F45/><W103/><G58/><N who="0" m="33111" /><D118/><U15/><E0/><V72/><F72/><W101/><G111/><T56/><D56/><U44/><REACH who="1" step="1"/><E22/><REACH who="1" ten="193,229,244,294" step="2"/><V64/><F64/><W115/><G108/><T55/><D55/><U100/><E100/><V17/><F3/><W46/><G115/><T2/><D2/><U16/><AGARI ba="3,4" hai="6,9,15,16,21,24,44,49,52,76,80,86,112,114" machi="16" ten="20,12000,2" yaku="1,1,0,1,7,1,52,1,54,2,53,1" doraHai="48" doraHaiUra="47" who="1" fromWho="1" sc="193,-33,229,169,244,-33,294,-63" /><INIT seed="4,0,0,5,3,43" ten="160,398,211,231" oya="0" hai0="77,86,49,30,110,55,75,76,7,79,19,48,3" hai1="78,53,111,98,15,94,108,64,58,36,103,82,66" hai2="17,34,84,6,107,51,88,104,128,70,13,2,27" hai3="115,116,44,46,38,42,35,33,102,118,122,52,120"/><T89/><D110/><U37/><E37/><V101/><F70/><W32/><G102/><T90/><D75/><U113/><E36/><V18/><F128/><W5/><G5/><T92/><D30/><U56/><E113/><V14/><F2/><W119/><G115/><T114/><D114/><U132/><E132/><V106/><F6/><W112/><G112/><T73/><D73/><U57/><E53/><V1/><F1/><W39/><G52/><T100/><D100/><U65/><REACH who="1" step="1"/><E15/><REACH who="1" ten="160,388,211,231" step="2"/><V126/><F13/><W83/><G38/><T23/><D3/><U129/><E129/><V134/><F14/><W99/><G39/><T41/><D41/><U80/><E80/><V69/><F134/><W125/><G42/><T127/><D55/><U67/><E67/><V11/><F126/><W117/><G83/><N who="0" m="49375" /><D127/><U85/><AGARI ba="0,1" hai="56,57,58,64,65,66,78,82,85,94,98,103,108,111" machi="85" ten="30,4000,0" yaku="1,1,0,1,53,1" doraHai="43" doraHaiUra="72" who="1" fromWho="1" sc="160,-20,388,50,211,-10,231,-10" /><INIT seed="5,0,0,0,0,80" ten="140,438,201,221" oya="1" hai0="76,24,59,29,85,64,111,122,88,86,95,8,61" hai1="50,72,102,22,4,30,119,54,79,58,27,48,129" hai2="132,3,26,20,2,74,19,83,36,40,65,71,16" hai3="7,17,107,25,113,45,78,135,70,46,112,43,98"/><U42/><E119/><V128/><F128/><W68/><G135/><T60/><D111/><U52/><E129/><V63/><F132/><W133/><G133/><T89/><D122/><U39/><E102/><V97/><F97/><W57/><G7/><T11/><D76/><U84/><E72/><V55/><F55/><W94/><G107/><T99/><D61/><U69/><E69/><V37/><F19/><W28/><G17/><T35/><D99/><U15/><E39/><V91/><F74/><W123/><G57/><T81/><AGARI ba="0,0" hai="8,11,24,29,35,59,60,64,81,85,86,88,89,95" machi="81" ten="20,8000,1" yaku="0,1,7,1,52,2,54,1" doraHai="80" who="0" fromWho="0" sc="140,80,438,-40,201,-20,221,-20" /><INIT seed="6,0,0,2,4,37" ten="220,398,181,201" oya="2" hai0="111,131,94,103,38,18,83,104,32,70,60,8,80" hai1="109,23,47,95,59,87,11,65,41,14,35,27,34" hai2="0,48,82,42,9,71,93,118,120,44,85,124,89" hai3="112,2,31,54,17,61,29,100,133,96,126,117,66"/><V114/><F120/><W51/><G2/><T99/><D111/><U79/><E109/><V84/><F118/><W110/><G110/><T132/><D38/><U64/><E34/><V107/><F71/><W26/><G117/><T21/><D32/><U86/><E35/><V40/><F107/><W1/><G1/><T4/><D132/><U129/><E79/><N who="2" m="46175" /><F0/><W3/><G3/><T20/><D131/><U134/><E134/><V16/><F124/><W7/><G7/><T13/><D104/><U102/><E129/><V130/><F114/><W122/><G122/><T113/><D113/><U46/><E65/><V77/><F77/><W76/><G76/><T22/><D70/><U43/><E64/><V135/><F135/><W88/><G133/><T49/><D60/><U98/><E87/><V52/><F130/><W33/><G126/><T125/><D125/><U39/><E86/><V108/><F108/><W57/><G100/><T30/><D30/><N who="1" m="17791" /><E39/><V15/><AGARI ba="0,0" hai="9,15,16,40,42,44,48,52,85,89,93" m="46175" machi="15" ten="30,12000,1" yaku="8,1,52,2,54,2" doraHai="37" who="2" fromWho="2" sc="220,-40,398,-40,181,120,201,-40" /><INIT seed="6,1,0,5,5,37" ten="180,358,301,161" oya="2" hai0="48,30,53,103,11,26,2,68,80,89,66,10,17" hai1="75,61,74,125,102,97,67,117,49,41,81,91,116" hai2="57,51,35,39,107,111,38,132,113,42,112,24,95" hai3="72,130,1,109,45,134,78,13,64,79,82,94,21"/><V101/><F107/><W50/><G1/><T18/><D103/><U108/><E41/><V110/><F132/><W77/><G109/><N who="2" m="41481" /><F101/><W27/><G130/><T128/><D128/><U118/><E108/><V28/><F95/><W0/><G0/><T100/><D100/><U32/><E32/><V83/><F83/><W12/><G134/><T124/><D124/><U71/><E125/><V88/><F88/><W60/><G94/><T52/><D66/><U46/><E91/><V22/><F35/><W105/><G105/><T126/><D126/><U87/><E87/><V135/><F135/><W76/><G82/><T25/><D68/><U16/><E81/><V54/><F39/><W92/><G92/><T123/><D89/><U119/><E119/><V44/><AGARI ba="1,0" hai="22,24,28,38,42,44,51,54,57,112,113" m="41481" machi="44" ten="30,3000,0" yaku="10,1,52,1" doraHai="37" who="2" fromWho="2" sc="180,-11,358,-11,301,33,161,-11" /><INIT seed="6,2,0,2,1,103" ten="169,347,334,150" oya="2" hai0="4,68,42,26,1,92,27,120,9,16,102,97,107" hai1="61,95,43,56,127,80,64,89,54,130,63,76,13" hai2="114,6,53,119,81,23,44,122,37,86,106,20,41" hai3="59,49,47,96,69,22,112,113,18,121,111,31,72"/><V67/><F119/><W91/><G72/><T90/><D120/><U134/><E130/><V66/><F122/><W82/><G111/><T35/><D68/><U40/><E127/><V104/><F6/><W17/><G69/><T74/><D74/><U84/><E134/><V38/><F53/><W2/><G2/><T87/><D35/><U124/><E124/><V65/><F38/><W77/><G59/><T25/><REACH who="0" step="1"/><D42/><REACH who="0" ten="159,347,334,150" step="2"/><U50/><E43/><V14/><F41/><N who="3" m="24815" /><G121/><T83/><D83/><U46/><E40/><V116/><F81/><W21/><G77/><T60/><D60/><U128/><E63/><V79/><F79/><W100/><G82/><T0/><D0/><U34/><E34/><V126/><F116/><W110/><G110/><T75/><D75/><U39/><E39/><V73/><F73/><W24/><G91/><T15/><D15/><U108/><E108/><V132/><F14/><W10/><G10/><T57/><D57/><U88/><E13/><V32/><F32/><W3/><G3/><T36/><D36/><U7/><E76/><V109/><F109/><W99/><G21/><AGARI ba="2,1" hai="1,4,9,16,21,25,26,27,87,90,92,97,102,107" machi="21" ten="40,8000,1" yaku="1,1,52,1,54,1,53,1" doraHai="103" doraHaiUra="85" who="0" fromWho="3" sc="159,96,347,0,334,0,150,-86" /><INIT seed="7,0,0,4,0,132" ten="255,347,334,64" oya="3" hai0="37,28,76,117,127,20,45,110,88,80,70,2,101" hai1="43,77,0,98,90,74,55,50,122,34,111,42,73" hai2="56,75,86,94,69,120,39,131,114,118,59,103,30" hai3="22,134,11,1,89,82,107,40,105,113,83,17,116"/><W60/><G116/><T3/><D117/><U46/><E122/><V79/><F69/><W26/><G134/><T133/><D133/><U108/><E34/><V4/><F118/><W35/><G113/><T128/><D110/><U99/><E0/><V53/><F39/><W16/><G40/><N who="0" m="22671" /><D101/><U12/><E77/><V112/><F4/><W85/><G35/><T135/><D70/><U126/><E74/><V123/><F30/><W106/><G60/><T66/><D66/><U33/><E73/><V71/><F71/><W54/><G54/><T19/><D28/><U102/><E33/><V23/><F23/><W36/><G36/><T52/><D88/><U49/><E42/><V115/><F131/><W27/><G27/><N who="0" m="14751" /><D135/><U119/><E119/><V10/><F10/><W58/><G58/><N who="2" m="22057" /><F53/><W68/><G68/><T9/><D9/><U121/><E55/><V65/><F65/><W81/><REACH who="3" step="1"/><G17/><REACH who="3" ten="255,347,334,54" step="2"/><T25/><D25/><U44/><E43/><V64/><F64/><W104/><N who="3" m="26624" /><DORA hai="109" /><W129/><G129/><T21/><D128/><U92/><E108/><V32/><F32/><W13/><G13/><T31/><D52/><U87/><E12/><V72/><F123/><W38/><G38/><T41/><D41/><U124/><E111/><V91/><F120/><W18/><G18/><T15/><D15/><U48/><E121/><V125/><F115/><W100/><G100/><T63/><D63/><U93/><E46/><V61/><F103/><W47/><G47/><T14/><D14/><U96/><E44/><V84/><F61/><W130/><G130/><T8/><D31/><RYUUKYOKU ba="0,1" sc="255,-15,347,15,334,-15,54,15" hai1="48,49,50,87,90,92,93,96,98,99,102,124,126" hai3="1,11,16,22,26,81,82,83,85,89" /><INIT seed="7,1,1,3,5,135" ten="240,362,319,69" oya="3" hai0="30,100,13,92,113,35,109,3,58,112,64,114,5" hai1="62,65,128,61,104,108,52,24,107,22,2,120,34" hai2="11,37,25,81,44,82,89,121,124,90,41,23,63" hai3="73,74,83,0,39,78,19,38,130,87,116,105,85"/><W26/><G116/><T127/><D109/><U18/><E120/><V96/><F11/><W32/><G105/><T27/><D3/><U88/><E108/><V43/><F121/><W33/><G0/><T77/><D77/><U111/><E111/><V70/><F70/><W6/><G6/><T103/><D92/><U99/><E2/><V126/><F63/><W12/><G130/><T67/><D127/><N who="2" m="48682" /><F43/><W68/><G68/><T28/><D28/><U21/><E128/><V31/><F96/><W76/><G26/><T72/><D72/><U129/><E129/><V60/><F60/><W132/><G132/><T115/><N who="0" m="28672" /><DORA hai="15" /><T36/><D36/><U71/><E34/><V86/><F81/><W16/><G12/><T49/><D49/><U118/><E118/><V59/><F59/><W125/><G125/><T29/><D30/><U134/><E134/><V47/><F47/><W79/><G79/><AGARI ba="1,1" hai="23,25,31,37,41,44,79,82,86,89,90" m="48682" machi="79" ten="30,7700,0" yaku="18,1,52,3" doraHai="135,15" who="2" fromWho="3" sc="240,0,362,0,319,90,69,-80" owari="240,-16.0,362,16.0,409,51.0,-11,-51.0" /></mjloggm>