<mjloggm ver="2.3"><GO type="169" lobby="0"/><UN n0="%E3%81%99%E3%81%9F%E3%83%BC%E3%82%89%E3%81%84%E3%81%A8%E3%81%B3%E3%83%BC" n1="%73%68%61%70%65%6C%65%72" n2="%E3%82%AB%E3%83%A9%E3%82%B9%E3%81%AE%E5%AD%90" n3="%52%6F%62%69%4E" dan="16,17,16,16" rate="2079.25,2102.55,2090.47,2122.31" sx="M,M,M,M"/><TAIKYOKU oya="0"/><INIT seed="0,0,0,5,0,59" ten="250,250,250,250" oya="0" hai0="86,35,79,97,9,75,0,119,71,37,43,108,48" hai1="114,38,104,84,89,4,52,111,39,121,54,7,15" hai2="6,8,99,98,101,56,115,62,131,46,55,42,11" hai3="128,68,65,1,113,19,78,18,102,123,83,70,29"/><T20/><D119/><U60/><E104/><V41/><F115/><W109/><G113/><T107/><D86/><U40/><E121/><V127/><F131/><W73/><G123/><T120/><D48/><U51/><E114/><V126/><F11/><W130/><G1/><T69/><D20/><U118/><E118/><V28/><F28/><W10/><G102/><T49/><D49/><U80/><E111/><V87/><F87/><W93/><G109/><T21/><D21/><U2/><E2/><V110/><F110/><W50/><G93/><T124/><D108/><U32/><E32/><V31/><F31/><W95/><G95/><T133/><D35/><U82/><E39/><V45/><F45/><W63/><G70/><T112/><D112/><U125/><E38/><V26/><F26/><W36/><G36/><T76/><D76/><U74/><E74/><V34/><F34/><W103/><G103/><N who="0" m="62959" /><D120/><U16/><E125/><N who="2" m="47627" /><F46/><W25/><G50/><T23/><D23/><U88/><E40/><V44/><F44/><W64/><G128/><T22/><D22/><N who="1" m="11551" /><E51/><V105/><F99/><W106/><G130/><T132/><D124/><U122/><E122/><V129/><F129/><W30/><G30/><T72/><D43/><U117/><E117/><V24/><F24/><W61/><G25/><T81/><D72/><U134/><E54/><V13/><AGARI ba="0,0" hai="6,8,13,41,42,55,56,62,98,101,105" m="47627" machi="13" ten="30,2000,0" yaku="18,1,52,1" doraHai="59" who="2" fromWho="2" sc="250,-10,250,-5,250,20,250,-5" /><INIT seed="1,0,0,4,4,69" ten="240,245,270,245" oya="1" hai0="39,94,115,77,117,67,30,68,105,15,31,26,44" hai1="52,5,75,130,97,123,81,51,19,96,22,38,29" hai2="42,71,21,59,100,113,126,103,95,46,54,49,17" hai3="84,12,72,119,27,89,107,65,4,60,82,53,109"/><U102/><E38/><V83/><F126/><W16/><G109/><T92/><D117/><U110/><E123/><V114/><F71/><W78/><G107/><T45/><D115/><N who="2" m="44042" /><F83/><W111/><G111/><T10/><D105/><U85/><E75/><V91/><F95/><W87/><G119/><T41/><D77/><U20/><E5/><V101/><F91/><W1/><G27/><T66/><D31/><U124/><E110/><V57/><F54/><W6/><G53/><T64/><D68/><U120/><E120/><V14/><AGARI ba="0,0" hai="14,17,21,42,46,49,57,59,100,101,103" m="44042" machi="14" ten="30,1100,0" yaku="11,1" doraHai="69" who="2" fromWho="2" sc="240,-3,245,-5,270,11,245,-3" /><INIT seed="2,0,0,5,0,119" ten="237,240,281,242" oya="2" hai0="10,54,50,5,110,40,33,31,28,85,117,3,125" hai1="49,25,0,84,77,87,128,101,74,103,58,95,123" hai2="57,91,130,66,60,83,76,94,55,56,29,21,12" hai3="92,20,47,122,62,81,27,53,118,11,16,2,127"/><V41/><F130/><W52/><G118/><T30/><D117/><U97/><E0/><V104/><F104/><W134/><G122/><T34/><D40/><U89/><E128/><V19/><F41/><W6/><G127/><T113/><D85/><N who="1" m="32843" /><E25/><V96/><F29/><W78/><G134/><T8/><D54/><U132/><E58/><V32/><F32/><W124/><G124/><T73/><D50/><U106/><E49/><V120/><F120/><W88/><G62/><T13/><D73/><U38/><E38/><V72/><F55/><W24/><G24/><T107/><D107/><U70/><E70/><AGARI ba="0,0" hai="12,19,21,56,57,60,66,70,72,76,83,91,94,96" machi="70" ten="30,1500,0" yaku="7,1" doraHai="119" who="2" fromWho="1" sc="237,0,240,-15,281,15,242,0" /><INIT seed="2,1,0,3,1,49" ten="237,225,296,242" oya="2" hai0="35,81,74,13,96,109,117,8,134,0,14,26,53" hai1="94,123,73,20,90,104,132,106,120,101,82,24,83" hai2="52,66,10,56,116,3,6,77,19,92,107,133,122" hai3="112,5,39,102,43,108,4,79,45,91,32,2,58"/><V103/><F122/><N who="1" m="46633" /><E20/><V31/><F116/><W87/><G32/><T50/><D117/><U12/><E12/><V105/><F133/><W61/><G108/><T21/><D35/><U84/><E24/><V78/><F31/><W88/><G102/><T28/><D109/><U62/><E62/><V46/><F46/><W34/><G34/><T70/><D70/><U29/><E29/><V51/><F66/><W33/><G33/><T63/><D63/><U75/><E132/><V113/><F113/><W15/><G2/><T25/><D25/><U60/><E60/><V44/><F19/><W38/><G38/><T127/><D96/><N who="1" m="61479" /><E106/><V30/><F30/><W76/><G5/><T119/><D134/><U99/><E83/><V98/><F107/><W97/><G15/><T129/><D119/><U95/><E94/><V59/><F105/><W93/><G4/><T55/><D0/><U37/><E37/><V125/><F125/><W115/><G115/><T7/><D13/><U114/><E114/><V48/><F59/><W126/><G112/><T1/><D14/><U67/><E67/><V64/><F64/><W135/><G135/><T118/><D127/><U68/><E68/><V41/><AGARI ba="1,0" hai="3,6,10,41,44,48,51,52,56,77,78,92,98,103" machi="41" ten="20,7800,0" yaku="0,1,7,1,52,1,54,1" doraHai="49" who="2" fromWho="2" sc="237,-27,225,-27,296,81,242,-27" /><INIT seed="2,2,0,2,4,101" ten="210,198,377,215" oya="2" hai0="83,38,75,78,61,115,99,16,95,119,57,51,58" hai1="52,97,124,118,125,127,102,91,18,134,80,30,120" hai2="0,26,15,89,45,88,92,113,1,67,105,48,104" hai3="64,106,69,96,24,74,133,63,44,43,66,55,25"/><V117/><F117/><W9/><G133/><T54/><D119/><U35/><E30/><V60/><F113/><W84/><G74/><T31/><D38/><U8/><E35/><V121/><F121/><W32/><G66/><T46/><D31/><U109/><E118/><V62/><F62/><W19/><G55/><T90/><D115/><U108/><E18/><V65/><F26/><W49/><G32/><T6/><D6/><U36/><E8/><V93/><F15/><W111/><G111/><N who="1" m="42570" /><E52/><V132/><F132/><W21/><G84/><T42/><REACH who="0" step="1"/><D58/><REACH who="0" ten="200,198,377,215" step="2"/><U50/><E36/><V40/><F1/><W126/><G126/><T29/><D29/><U10/><E134/><V37/><F0/><W2/><G2/><T71/><D71/><U13/><E124/><V72/><F37/><W33/><G33/><T70/><D70/><U94/><E125/><V28/><F28/><W27/><G9/><T39/><D39/><U59/><E127/><V41/><F72/><W112/><G112/><T116/><D116/><U20/><E10/><V56/><F67/><W53/><G69/><T79/><D79/><U7/><E7/><V98/><F40/><W3/><G43/><T103/><D103/><U5/><E102/><V122/><F122/><W86/><G3/><T22/><D22/><U47/><E20/><V81/><F81/><W129/><G64/><T100/><D100/><U131/><E5/><V23/><F23/><W130/><G21/><T4/><D4/><U110/><E110/><V135/><F135/><W107/><G107/><T68/><D68/><U128/><E120/><RYUUKYOKU ba="2,1" sc="200,15,198,-15,377,15,215,-15" hai0="16,42,46,51,54,57,61,75,78,83,90,95,99" hai2="41,45,48,56,60,65,88,89,92,93,98,104,105" /><INIT seed="2,3,1,3,1,30" ten="215,183,392,200" oya="2" hai0="18,88,84,129,95,53,117,51,17,108,54,9,0" hai1="35,106,48,96,46,89,71,10,37,122,63,52,66" hai2="93,41,20,15,13,119,43,126,128,49,94,19,4" hai3="80,31,34,115,55,99,58,112,104,11,82,120,57"/><V131/><F119/><W110/><G110/><T60/><D108/><U102/><E122/><V12/><F126/><W76/><G120/><T132/><D132/><U85/><E37/><V98/><F4/><W73/><G11/><T22/><D129/><N who="2" m="49738" /><F93/><W92/><G104/><T21/><D117/><U1/><E1/><V45/><F43/><W100/><G82/><T77/><D77/><U44/><E10/><V134/><F134/><W101/><G100/><AGARI ba="3,1" hai="12,13,15,19,20,41,45,49,94,98,100" m="49738" machi="100" ten="30,1500,0" yaku="19,1" doraHai="30" who="2" fromWho="3" sc="215,0,183,0,392,34,200,-24" /><INIT seed="2,4,0,3,0,88" ten="215,183,426,176" oya="2" hai0="106,98,43,119,69,61,31,39,122,33,133,132,44" hai1="118,11,13,42,82,97,94,56,32,124,79,35,121" hai2="0,34,134,28,123,125,73,109,70,115,50,93,99" hai3="100,102,112,52,62,95,83,85,51,131,16,6,101"/><V3/><RYUUKYOKU type="yao9" ba="4,0" sc="215,0,183,0,426,0,176,0" hai2="0,3,28,34,50,70,73,93,99,109,115,123,125,134" /><INIT seed="2,5,0,1,2,111" ten="215,183,426,176" oya="2" hai0="15,124,68,114,56,57,133,66,8,6,31,70,112" hai1="71,76,24,69,40,104,115,103,89,105,7,87,85" hai2="80,98,74,65,121,49,28,83,100,5,99,119,41" hai3="39,37,122,95,9,2,102,131,110,12,113,81,79"/><V48/><F121/><W64/><G122/><T3/><D15/><U1/><E1/><V135/><F119/><W0/><G110/><T77/><D77/><U117/><E7/><V13/><F135/><W134/><G64/><T58/><D133/><U84/><E40/><V50/><F41/><W53/><G53/><T62/><D124/><U44/><E44/><V20/><F74/><N who="3" m="43255" /><G131/><T118/><D118/><U25/><E76/><V101/><F65/><W17/><G134/><T30/><REACH who="0" step="1"/><D68/><REACH who="0" ten="205,183,426,176" step="2"/><U21/><E69/><V60/><F13/><N who="3" m="7343" /><G2/><T123/><D123/><U42/><E71/><V132/><F132/><W52/><G12/><T73/><D73/><U29/><E117/><V106/><F5/><W22/><G22/><T126/><D126/><U33/><E21/><V128/><F20/><W54/><G54/><T93/><D93/><U94/><E94/><V125/><F125/><W67/><G52/><T91/><D91/><U86/><E89/><V47/><F128/><W96/><G0/><T109/><D109/><U78/><E78/><V46/><F46/><W55/><G55/><T75/><D75/><U107/><E107/><V32/><F106/><W51/><G67/><T23/><D23/><U4/><E105/><V43/><F47/><W35/><G35/><T61/><D61/><U14/><E104/><V63/><F60/><W97/><G95/><T26/><D26/><U16/><E25/><V10/><F32/><W34/><G34/><T108/><D108/><U82/><E24/><V36/><F63/><W11/><G11/><T45/><D45/><U18/><E33/><RYUUKYOKU ba="5,1" sc="205,30,183,-10,426,-10,176,-10" hai0="3,6,8,30,31,56,57,58,62,66,70,112,114" /><INIT seed="3,6,1,2,2,23" ten="235,173,416,166" oya="3" hai0="88,116,43,93,67,25,28,16,125,62,44,40,74" hai1="124,41,110,84,104,58,83,17,3,120,107,0,12" hai2="87,56,122,81,108,61,29,117,133,6,76,82,2" hai3="35,4,11,105,52,121,70,131,15,7,18,100,5"/><W57/><G70/><T31/><D74/><U118/><E120/><V48/><F117/><W129/><G121/><T115/><D125/><U59/><E41/><N who="0" m="15945" /><D115/><U96/><E124/><V26/><F122/><W127/><G127/><T90/><D44/><U95/><E107/><V97/><F108/><W46/><G46/><T14/><D116/><U112/><E104/><V114/><F133/><W75/><G75/><T126/><D126/><U132/><E110/><V79/><F114/><W10/><G35/><T135/><D135/><U91/><E112/><V99/><F48/><W27/><G100/><T134/><D134/><U24/><E118/><V71/><F6/><W34/><G105/><T9/><D90/><U103/><E132/><V119/><F2/><W63/><REACH who="3" step="1"/><G11/><REACH who="3" ten="235,173,416,156" step="2"/><T98/><D9/><U111/><E111/><V72/><F71/><W33/><G33/><T64/><D14/><U1/><E12/><V106/><F106/><W78/><G78/><T92/><D88/><U36/><E36/><V45/><F45/><W130/><G130/><T19/><D25/><U49/><E0/><V77/><F79/><W65/><G65/><T38/><D38/><U73/><E73/><V109/><F119/><W101/><G101/><T89/><D67/><U8/><E8/><V20/><F109/><W47/><G47/><T69/><D69/><U51/><E3/><V80/><F76/><W102/><G102/><T123/><D123/><U22/><E1/><V42/><F72/><W128/><G128/><T30/><D92/><U32/><E32/><V86/><F77/><W60/><G60/><RYUUKYOKU ba="6,2" sc="235,10,173,10,416,-30,156,10" hai0="16,19,28,30,31,62,64,89,93,98" hai1="17,22,24,49,51,58,59,83,84,91,95,96,103" hai3="4,5,7,10,15,18,27,34,52,57,63,129,131" /><INIT seed="3,7,2,1,5,9" ten="245,183,386,166" oya="3" hai0="117,46,129,1,64,123,95,119,109,12,8,10,133" hai1="131,65,30,42,52,132,85,50,13,76,28,27,11" hai2="81,128,70,31,102,72,101,77,7,114,57,127,92" hai3="32,4,24,22,45,120,94,29,18,90,25,33,36"/><W104/><G104/><T54/><D123/><U44/><E65/><V17/><F114/><W107/><G107/><T2/><D64/><U49/><E132/><V15/><F70/><W83/><G120/><T105/><D105/><U111/><E27/><V88/><F127/><W75/><G4/><T115/><D115/><U21/><E21/><V14/><F128/><W74/><G83/><T99/><D133/><U26/><E26/><V97/><F31/><W89/><G33/><T63/><D129/><U47/><E131/><V135/><F135/><W98/><REACH who="3" step="1"/><G90/><REACH who="3" ten="245,183,386,156" step="2"/><T67/><D119/><U82/><E111/><V66/><F7/><AGARI ba="7,3" hai="7,11,13,28,30,42,44,47,49,50,52,76,82,85" machi="7" ten="30,12000,2" yaku="7,1,25,2,8,1,52,1,54,1" doraHai="9" who="1" fromWho="2" sc="245,0,183,171,386,-141,156,0" /><INIT seed="4,0,0,1,3,116" ten="245,354,245,156" oya="0" hai0="66,106,84,78,82,64,61,37,75,73,85,22,20" hai1="25,63,24,57,35,23,50,104,15,2,52,46,91" hai2="86,67,56,69,12,90,114,125,29,126,6,17,55" hai3="87,0,44,96,62,41,4,32,89,134,14,123,11"/><T3/><D3/><U92/><E2/><V113/><F69/><W51/><G32/><T31/><D106/><U97/><E104/><V111/><F67/><W132/><G96/><T5/><D5/><U122/><E35/><V60/><F29/><W128/><G128/><T36/><D31/><U79/><E79/><V120/><F6/><W88/><G0/><T26/><D26/><U107/><E107/><V117/><F111/><W110/><G62/><T83/><D61/><U108/><E122/><V19/><F120/><W33/><G33/><T7/><D7/><U103/><E108/><V77/><F77/><AGARI ba="0,0" hai="20,22,36,37,64,66,73,75,77,78,82,83,84,85" machi="77" ten="25,2400,0" yaku="22,2" doraHai="116" who="0" fromWho="2" sc="245,24,354,0,245,-24,156,0" /><INIT seed="4,1,0,4,4,27" ten="269,354,221,156" oya="0" hai0="6,23,112,41,39,64,1,100,51,123,83,25,106" hai1="50,132,111,70,77,13,88,94,87,98,15,89,128" hai2="130,54,62,81,20,74,44,110,16,107,40,55,133" hai3="91,4,21,32,115,95,12,3,71,56,10,79,59"/><T116/><D123/><U93/><E70/><V63/><F110/><W61/><G115/><T134/><D116/><U18/><E111/><V37/><F130/><W34/><G79/><T96/><D112/><U118/><E128/><V92/><F107/><W124/><G124/><T117/><D117/><U67/><E118/><V120/><F120/><W47/><G71/><T42/><D39/><U109/><E132/><V76/><F133/><W26/><G47/><T103/><D134/><U68/><E68/><V127/><F127/><W125/><G3/><T78/><D103/><U66/><E13/><V90/><F63/><W28/><G59/><T46/><D64/><U9/><E109/><V101/><F101/><W129/><G129/><T38/><D42/><U108/><E108/><V72/><F62/><W65/><REACH who="3" step="1"/><G125/><REACH who="3" ten="269,354,221,146" step="2"/><T31/><D1/><U102/><E77/><V7/><F74/><W53/><G53/><T2/><D2/><U58/><E67/><V84/><F7/><W30/><G30/><T0/><D6/><U131/><E131/><V17/><F17/><W29/><G29/><T8/><D0/><U22/><E66/><V48/><F37/><W121/><G121/><T43/><D38/><U36/><E36/><V35/><F35/><W126/><G126/><T73/><D41/><U69/><E69/><V5/><F5/><W119/><G119/><T49/><D46/><U33/><E33/><V52/><F40/><W86/><AGARI ba="1,1" hai="4,10,12,21,26,28,32,34,56,61,65,86,91,95" machi="86" ten="20,5200,0" yaku="1,1,0,1,7,1,52,1,53,0" doraHai="27" doraHaiUra="105" who="3" fromWho="3" sc="269,-27,354,-14,221,-14,146,65" /><INIT seed="5,0,0,3,5,58" ten="242,340,207,211" oya="1" hai0="59,7,129,100,36,99,3,11,25,22,56,84,79" hai1="113,6,71,28,12,121,74,60,102,52,2,53,101" hai2="89,96,88,119,80,64,72,87,50,122,106,69,92" hai3="114,134,128,8,115,49,37,40,130,35,4,63,110"/><U126/><E74/><V68/><F122/><W43/><G110/><T73/><D129/><N who="3" m="49769" /><G35/><T17/><D36/><U81/><E2/><V65/><F119/><W116/><G37/><T105/><D73/><U133/><E121/><V54/><F69/><W93/><G93/><T76/><D84/><U108/><E28/><V16/><F68/><W47/><G116/><T21/><D59/><U112/><E81/><V19/><F106/><W57/><G43/><T67/><REACH who="0" step="1"/><D21/><REACH who="0" ten="232,340,207,211" step="2"/><U18/><E71/><V86/><F72/><W5/><G134/><T107/><D107/><U55/><E133/><V20/><F86/><W24/><G24/><T78/><D78/><U15/><E108/><V31/><F65/><N who="3" m="39151" /><G5/><T48/><D48/><U23/><E6/><V62/><F64/><W75/><G75/><T0/><D0/><AGARI ba="0,1" hai="0,4,8,40,47,49,114,115" m="39151,49769" machi="0" ten="30,2000,0" yaku="19,1,52,1" doraHai="58" who="3" fromWho="0" sc="232,-20,340,0,207,0,211,30" /><INIT seed="6,0,0,4,1,21" ten="212,340,207,241" oya="2" hai0="88,119,99,3,95,35,39,61,8,67,131,9,102" hai1="79,68,13,51,33,126,107,15,31,4,133,64,27" hai2="11,124,30,103,92,26,36,70,86,5,43,84,111" hai3="59,6,34,113,110,129,108,80,14,118,19,109,42"/><V29/><F124/><W23/><G118/><T17/><D119/><U128/><E126/><V25/><F70/><W52/><G34/><T54/><D39/><U16/><E4/><V65/><F111/><W46/><G129/><T47/><D131/><U76/><E13/><N who="2" m="5359" /><F36/><W10/><G80/><T90/><D35/><U74/><E74/><V53/><F65/><W7/><G113/><T28/><D28/><N who="2" m="10858" /><F43/><W40/><G46/><T37/><D3/><U49/><E107/><V135/><F135/><W1/><G7/><T134/><D134/><U56/><E68/><V97/><F53/><W66/><G66/><T132/><D132/><U96/><E133/><V94/><F94/><W125/><G125/><T22/><D9/><U72/><E72/><V58/><F58/><W81/><G81/><T24/><D8/><U100/><E128/><V123/><F123/><W121/><G121/><T18/><D18/><U106/><E64/><V69/><F69/><W89/><G89/><T60/><D37/><U112/><E112/><V91/><F91/><N who="0" m="34858" /><D67/><U116/><E116/><V71/><F71/><W12/><G1/><T130/><D130/><U85/><E33/><V32/><F32/><W73/><G73/><T75/><D75/><U38/><E106/><V82/><F82/><W122/><G122/><T93/><D93/><U20/><E38/><V87/><AGARI ba="0,0" hai="25,26,84,86,87,92,97,103" m="10858,5359" machi="87" ten="30,6000,0" yaku="8,1,52,2" doraHai="21" who="2" fromWho="2" sc="212,-20,340,-20,207,60,241,-20" /><INIT seed="6,1,0,0,3,21" ten="192,320,267,221" oya="2" hai0="56,18,131,128,84,125,43,66,101,8,26,107,91" hai1="126,1,19,103,134,38,59,98,89,17,76,45,106" hai2="82,23,40,68,121,117,25,127,34,81,27,14,28" hai3="75,100,124,73,35,39,65,31,132,69,41,49,133"/><V62/><F121/><W36/><G49/><T3/><D43/><U104/><E1/><V105/><F117/><W118/><G118/><T61/><D125/><U99/><E76/><V67/><F105/><W33/><G100/><T2/><D101/><U52/><E106/><V55/><F127/><W30/><G41/><T10/><D107/><U111/><E111/><V112/><F112/><W63/><G124/><T22/><D8/><U53/><E134/><N who="3" m="51818" /><G30/><T94/><REACH who="0" step="1"/><D10/><REACH who="0" ten="182,320,267,221" step="2"/><U135/><E135/><V42/><F40/><W93/><G39/><T60/><D60/><U70/><E103/><V90/><F42/><W37/><G37/><T79/><D79/><U92/><E104/><V15/><F62/><W71/><G36/><T74/><D74/><U129/><E38/><V86/><F90/><W57/><G73/><T58/><D58/><U64/><E59/><V123/><F123/><W16/><G75/><T20/><D20/><U72/><E72/><V29/><F23/><W6/><G57/><T96/><D96/><U80/><E99/><V120/><F120/><W109/><G109/><T48/><D48/><U32/><E98/><V110/><F110/><W88/><G69/><T12/><D12/><U130/><E70/><V113/><F14/><W85/><G71/><T122/><D122/><U115/><E126/><V95/><F15/><W116/><G63/><T119/><D119/><U97/><E97/><V11/><F68/><W78/><G116/><T0/><AGARI ba="1,1" hai="0,2,3,18,22,26,56,61,66,84,91,94,128,131" machi="0" ten="40,5200,0" yaku="1,1,0,1,52,1,53,0" doraHai="21" doraHaiUra="47" who="0" fromWho="0" sc="182,65,320,-14,267,-27,221,-14" /><INIT seed="7,0,0,4,2,134" ten="247,306,240,207" oya="3" hai0="133,132,78,14,15,22,127,107,58,72,33,52,135" hai1="73,75,87,99,79,83,117,84,98,120,13,111,125" hai2="74,44,96,122,19,46,54,47,26,1,86,38,102" hai3="112,42,100,30,68,129,25,95,113,4,124,61,91"/><W36/><G100/><T31/><D107/><U115/><E13/><N who="0" m="4617" /><D33/><U35/><E35/><V77/><F74/><W45/><G4/><T34/><D34/><U7/><E7/><V123/><F1/><W53/><G129/><T28/><D22/><U21/><E21/><N who="2" m="13631" /><F38/><W110/><G110/><T63/><D127/><U69/><E125/><V43/><F43/><W11/><G11/><T39/><D39/><U37/><E73/><V94/><F86/><W29/><G124/><T128/><D128/><U97/><E87/><V49/><F77/><W71/><G25/><T20/><D20/><U108/><E84/><V131/><F131/><W40/><G40/><T93/><D93/><U17/><E97/><V67/><F67/><W81/><G81/><AGARI ba="0,0" hai="28,31,52,58,63,72,78,81,132,133,135" m="4617" machi="81" ten="40,2600,0" yaku="20,1,54,1" doraHai="134" who="0" fromWho="3" sc="247,26,306,0,240,0,207,-26" owari="273,7.0,306,41.0,240,-16.0,181,-32.0" /></mjloggm>