<mjloggm ver="2.3"><GO type="169" lobby="0"/><UN n0="%73%61%77%6C%79" n1="%E9%BA%A6%E5%AD%90%74%7A" n2="%E3%83%94%E3%83%A7%E3%83%B3%E5%90%89" n3="%66%6F%6F%6C%5F%6B%65%79" dan="17,16,17,16" rate="2207.46,2150.77,2132.05,2089.70" sx="M,M,F,M"/><TAIKYOKU oya="0"/><INIT seed="0,0,0,0,3,47" ten="250,250,250,250" oya="0" hai0="111,59,14,16,27,100,51,61,26,33,91,103,119" hai1="1,3,128,87,0,18,44,130,50,29,63,67,10" hai2="80,28,96,104,32,78,77,120,38,53,6,121,107" hai3="92,15,71,34,124,55,126,49,116,118,108,64,56"/><T8/><D119/><N who="3" m="45609" /><G92/><T106/><D111/><U12/><E29/><V110/><F6/><W45/><G15/><T74/><D74/><U24/><E24/><V114/><F53/><W102/><G34/><T135/><D135/><U5/><E63/><V65/><F65/><W7/><G7/><T52/><D33/><U98/><E67/><V127/><F28/><W76/><G76/><T81/><D106/><U69/><E69/><V31/><F31/><W57/><G102/><N who="0" m="38955" /><D61/><U17/><E98/><V62/><F62/><N who="3" m="40343" /><G108/><T85/><AGARI ba="0,0" hai="8,14,16,26,27,51,52,59,81,85,91" m="38955" machi="85" ten="30,11700,0" yaku="8,1,52,1,54,2" doraHai="47" who="0" fromWho="0" sc="250,117,250,-39,250,-39,250,-39" /><INIT seed="0,1,0,0,2,3" ten="367,211,211,211" oya="0" hai0="41,17,65,114,67,89,76,106,84,46,120,124,32" hai1="80,86,134,102,2,132,10,87,92,81,43,113,135" hai2="122,21,30,71,57,131,112,77,62,64,19,88,5" hai3="99,83,133,47,111,1,35,42,54,9,18,79,6"/><T61/><D114/><U58/><E43/><V123/><F112/><W39/><G111/><T63/><D120/><U60/><E113/><V48/><F131/><W69/><G133/><T37/><D124/><U68/><E68/><V16/><F77/><W75/><G69/><T53/><D106/><U28/><E28/><V130/><F130/><W109/><G109/><T128/><D128/><U110/><E110/><V31/><F122/><W121/><G121/><T104/><D32/><U78/><E102/><V45/><F123/><W103/><G35/><T52/><D104/><U15/><E92/><V24/><F71/><W44/><G18/><T7/><D76/><U108/><E2/><V93/><F5/><W8/><G8/><T126/><D126/><U127/><E127/><V56/><F57/><W33/><G33/><T26/><D7/><N who="1" m="3551" /><E108/><V98/><F30/><W12/><G12/><T20/><D65/><N who="1" m="39063" /><E80/><V59/><F59/><W116/><G116/><T129/><D129/><U49/><E49/><V115/><F115/><W66/><G66/><T4/><D4/><U13/><E13/><V0/><F0/><W55/><G47/><T95/><REACH who="0" step="1"/><D63/><REACH who="0" ten="357,211,211,211" step="2"/><U70/><E70/><AGARI ba="1,1" hai="17,20,26,37,41,46,52,53,61,67,70,84,89,95" machi="70" ten="30,11600,0" yaku="1,1,2,1,7,1,54,1,53,0" doraHai="3" doraHaiUra="29" who="0" fromWho="1" sc="357,129,211,-119,211,0,211,0" /><INIT seed="0,2,0,5,2,19" ten="486,92,211,211" oya="0" hai0="78,62,123,131,120,85,122,54,105,113,55,68,135" hai1="0,77,73,115,17,129,88,117,12,28,31,106,90" hai2="45,23,43,6,133,89,24,103,60,127,58,38,49" hai3="101,21,83,9,100,116,109,61,124,134,30,57,76"/><T10/><D113/><U3/><E117/><V71/><F127/><W72/><G116/><T80/><D135/><U52/><E106/><V32/><F32/><W86/><G109/><T5/><D131/><U84/><E129/><V46/><F133/><W82/><G124/><T114/><D105/><U53/><E73/><V47/><F103/><W14/><G134/><T119/><D119/><U69/><E69/><V27/><F6/><W95/><G95/><T59/><D114/><U56/><E3/><V33/><F33/><W37/><G37/><T36/><D36/><U13/><E0/><V96/><F71/><W25/><G82/><T70/><REACH who="0" step="1"/><D54/><REACH who="0" ten="476,92,211,211" step="2"/><U11/><E53/><V63/><F38/><W126/><G126/><T2/><AGARI ba="2,1" hai="2,5,10,55,59,62,68,70,78,80,85,120,122,123" machi="2" ten="30,6000,0" yaku="1,1,2,1,0,1,53,0" doraHai="19" doraHaiUra="44" who="0" fromWho="0" sc="476,76,92,-22,211,-22,211,-22" /><INIT seed="0,3,0,2,3,101" ten="552,70,189,189" oya="0" hai0="128,40,84,38,106,23,124,129,79,77,14,125,6" hai1="100,87,134,115,71,114,131,31,88,52,116,50,35" hai2="120,22,58,15,36,33,43,85,90,105,28,69,118" hai3="126,122,82,53,92,123,2,34,67,37,99,9,89"/><T48/><D38/><U80/><E116/><V29/><F69/><W63/><G126/><N who="0" m="48747" /><D40/><U54/><E71/><V26/><F105/><W11/><G37/><T10/><D48/><U108/><E108/><V96/><F120/><W0/><G53/><T20/><D106/><U130/><E100/><V18/><F118/><W112/><G112/><N who="1" m="43050" /><E134/><V45/><F96/><W7/><G34/><T91/><D23/><U1/><E1/><V5/><F29/><W97/><G97/><T86/><D20/><U30/><E54/><V73/><F73/><W81/><G81/><N who="0" m="47167" /><D77/><U13/><E13/><V83/><F5/><W95/><G95/><AGARI ba="3,0" hai="6,10,14,86,91,95,128,129" m="47167,48747" machi="95" ten="30,1500,0" yaku="18,1" doraHai="101" who="0" fromWho="3" sc="552,24,70,0,189,0,189,-24" /><INIT seed="0,4,0,1,3,126" ten="576,70,189,165" oya="0" hai0="20,72,31,12,100,59,21,58,108,64,119,49,15" hai1="4,114,66,23,8,118,78,24,7,103,22,16,19" hai2="41,105,56,94,95,102,96,93,45,120,109,6,125" hai3="0,75,121,111,43,68,36,115,65,83,88,55,60"/><T61/><D119/><U47/><E114/><V1/><F125/><W13/><G111/><T52/><D72/><U40/><E118/><V85/><F109/><W48/><G121/><T127/><D127/><U101/><E66/><V28/><F120/><W14/><G0/><T80/><D108/><U2/><E4/><V133/><F133/><W27/><G27/><T106/><D106/><U30/><E78/><V130/><F28/><W57/><G115/><T25/><D100/><U87/><E87/><V110/><F110/><W69/><G69/><T70/><D80/><U53/><E53/><V76/><F56/><W122/><G122/><T86/><D86/><U91/><E91/><V44/><F6/><W37/><G37/><T123/><D123/><U26/><REACH who="1" step="1"/><E30/><REACH who="1" ten="576,60,189,165" step="2"/><V92/><F76/><N who="3" m="44447" /><G88/><T77/><D77/><U50/><AGARI ba="4,1" hai="2,7,8,16,19,22,23,24,26,40,47,50,101,103" machi="50" ten="20,12000,2" yaku="1,1,0,1,7,1,9,1,54,1,53,1" doraHai="126" doraHaiUra="34" who="1" fromWho="1" sc="576,-64,60,142,189,-34,165,-34" /><INIT seed="1,0,0,0,1,111" ten="512,202,155,131" oya="1" hai0="22,11,113,129,126,91,122,13,60,97,76,41,23" hai1="134,121,21,36,85,5,63,8,65,16,9,125,108" hai2="95,104,44,100,93,2,110,83,56,120,3,124,114" hai3="88,94,20,105,55,46,70,71,50,123,33,18,40"/><U24/><E36/><V6/><F120/><W51/><G105/><T10/><D122/><U133/><E121/><V27/><F110/><W80/><G33/><T68/><D126/><U66/><E125/><V79/><F124/><W53/><G80/><T130/><D113/><U58/><E108/><V69/><F69/><W89/><G123/><T49/><D76/><U59/><E85/><V38/><F56/><W1/><G1/><T81/><D68/><U103/><E103/><V62/><F62/><W30/><G30/><T47/><D60/><U29/><E65/><V107/><F27/><W73/><G89/><T26/><D11/><U101/><E59/><V48/><F2/><W77/><G77/><T128/><D26/><U78/><E78/><V99/><F104/><W43/><G73/><T0/><D0/><U25/><E101/><V39/><F39/><W7/><G7/><N who="0" m="3295" /><D81/><U75/><E75/><N who="2" m="43519" /><F48/><W35/><G35/><T98/><D98/><U54/><E66/><V131/><F131/><W127/><G127/><T14/><D14/><U12/><E12/><V87/><BYE who="1" /><F87/><N who="3" m="52511" /><G71/><T86/><D86/><U28/><E28/><V90/><F90/><W52/><G70/><T109/><D109/><U17/><E17/><V19/><F19/><UN n1="%E9%BA%A6%E5%AD%90%74%7A" /><W135/><G135/><N who="1" m="51722" /><E5/><V92/><F6/><W82/><G82/><T32/><D32/><AGARI ba="0,0" hai="8,9,16,21,24,25,29,32,54,58,63" m="51722" machi="32" ten="30,2900,0" yaku="20,1,54,1" doraHai="111" who="1" fromWho="0" sc="512,-29,202,29,155,0,131,0" /><INIT seed="1,1,0,4,5,21" ten="483,231,155,131" oya="1" hai0="94,48,66,69,119,96,113,70,125,35,33,57,101" hai1="132,133,83,32,75,46,12,11,99,86,63,29,114" hai2="3,1,112,14,61,24,45,106,37,73,23,59,30" hai3="111,31,76,102,68,87,92,43,64,85,2,90,9"/><U91/><E114/><V134/><F134/><N who="1" m="51817" /><E75/><V38/><F112/><W20/><G111/><T71/><D113/><U26/><E63/><V22/><F106/><W98/><G43/><T127/><D119/><U47/><E99/><V50/><F73/><W84/><G76/><T121/><D121/><U0/><E0/><V55/><F38/><W18/><G31/><T41/><D41/><U25/><E29/><V40/><REACH who="2" step="1"/><F37/><REACH who="2" ten="483,231,145,131" step="2"/><W77/><G77/><T120/><D120/><U103/><E32/><V88/><F88/><W4/><G68/><T124/><D33/><U115/><E115/><V110/><F110/><W53/><G64/><T67/><D35/><U42/><E103/><V10/><F10/><W54/><REACH who="3" step="1"/><G90/><REACH who="3" ten="483,231,145,121" step="2"/><T131/><D66/><U52/><E42/><V95/><F95/><W74/><G74/><T81/><D67/><U72/><E72/><V108/><F108/><W56/><G56/><T97/><D57/><U78/><E91/><V62/><F62/><W100/><G100/><T36/><D101/><U44/><E52/><V16/><AGARI ba="1,2" hai="1,3,14,16,22,23,24,30,40,45,50,55,59,61" machi="16" ten="30,8000,1" yaku="1,1,0,1,52,1,54,1,53,1" doraHai="21" doraHaiUra="15" who="2" fromWho="2" sc="483,-21,231,-41,145,103,121,-21" /><INIT seed="2,0,0,2,2,99" ten="462,190,248,100" oya="2" hai0="114,98,35,128,2,7,10,110,58,95,54,105,28" hai1="117,57,81,82,100,19,68,77,52,76,120,96,71" hai2="94,101,51,87,84,18,56,121,16,26,3,123,130" hai3="134,33,34,44,43,122,4,41,25,109,21,73,74"/><V102/><F3/><W38/><G122/><T115/><D105/><U64/><E120/><V90/><F130/><W125/><G109/><T75/><D128/><U45/><E117/><V118/><F118/><W88/><G134/><T36/><D36/><U85/><E45/><V67/><F121/><W86/><G125/><T108/><D75/><U79/><E68/><V15/><F123/><W17/><G4/><T126/><D126/><U135/><E135/><V65/><F26/><W70/><G70/><T29/><D35/><U42/><E42/><V37/><F37/><W39/><G34/><T80/><D80/><U11/><E64/><N who="2" m="24651" /><F84/><W112/><G112/><T46/><D46/><U5/><E71/><V48/><F18/><W63/><G63/><N who="0" m="36311" /><D115/><U66/><E66/><V119/><F119/><W50/><G33/><T0/><D0/><U103/><E96/><V62/><F62/><W31/><G50/><N who="2" m="18985" /><F56/><W24/><G41/><T20/><D114/><U40/><E40/><V111/><F111/><N who="0" m="42538" /><D20/><AGARI ba="0,0" hai="15,16,20,87,90,94,101,102" m="18985,24651" machi="20" ten="30,11600,0" yaku="8,1,52,2,54,1" doraHai="99" who="2" fromWho="0" sc="462,-116,190,0,248,116,100,0" /><INIT seed="2,1,0,1,2,131" ten="346,190,364,100" oya="2" hai0="94,107,83,34,99,73,82,5,56,18,100,113,36" hai1="69,16,48,129,120,72,32,3,125,62,115,116,9" hai2="64,102,46,53,11,25,123,1,104,77,30,35,4" hai3="60,119,132,12,27,88,10,70,58,19,55,81,57"/><V6/><F123/><W33/><G119/><T20/><D113/><U127/><RYUUKYOKU type="yao9" ba="1,0" sc="346,0,190,0,364,0,100,0" hai1="3,9,16,32,48,62,69,72,115,116,120,125,127,129" /><INIT seed="2,2,0,3,0,53" ten="346,190,364,100" oya="2" hai0="56,132,21,100,85,131,86,76,128,19,20,77,108" hai1="124,78,11,52,61,112,113,16,47,72,118,106,37" hai2="116,32,57,104,62,81,54,66,38,28,5,1,63" hai3="91,105,126,0,51,103,130,127,60,44,122,84,9"/><V36/><F116/><W25/><G122/><T8/><D108/><U96/><E118/><V74/><F104/><W18/><G130/><N who="0" m="49707" /><D132/><U111/><E111/><V71/><F1/><W40/><G105/><T82/><D100/><U43/><E124/><V27/><REACH who="2" step="1"/><F5/><REACH who="2" ten="346,190,354,100" step="2"/><W26/><G0/><T65/><D8/><U31/><E106/><V69/><F69/><W6/><G6/><T12/><D21/><U2/><E112/><V109/><F109/><W14/><G127/><T121/><D121/><U119/><E113/><V87/><F87/><W59/><G126/><T80/><D85/><U110/><E119/><V48/><F48/><W89/><G103/><T134/><D134/><U94/><E2/><V120/><F120/><W4/><G4/><T115/><D115/><U101/><E110/><V73/><F73/><W114/><G114/><T55/><D86/><U135/><E72/><V123/><F123/><W13/><G89/><T64/><D77/><AGARI ba="2,1" hai="27,28,32,36,38,54,57,62,63,66,71,74,77,81" machi="77" ten="40,7700,0" yaku="1,1,52,1,53,1" doraHai="53" doraHaiUra="22" who="2" fromWho="0" sc="346,-83,190,0,354,93,100,0" /><INIT seed="2,3,0,0,5,9" ten="263,190,447,100" oya="2" hai0="59,46,14,29,2,110,58,25,64,3,17,94,101" hai1="89,10,33,20,130,67,106,86,90,109,24,93,18" hai2="4,124,125,84,116,48,51,133,79,111,34,1,122" hai3="30,128,37,121,12,36,13,40,115,22,7,129,8"/><V35/><F116/><W127/><G40/><T131/><D110/><U98/><E109/><V62/><F111/><W80/><G121/><T32/><D131/><N who="3" m="50249" /><G127/><N who="2" m="48713" /><F62/><W81/><G115/><T104/><D104/><U82/><E33/><V113/><F113/><W92/><G92/><T28/><D28/><U26/><E130/><V123/><F4/><W15/><G30/><T97/><D46/><U118/><E118/><V126/><F1/><N who="3" m="111" /><G22/><T5/><D5/><U103/><E10/><V23/><F23/><W60/><G60/><T112/><D112/><U50/><E67/><V114/><F114/><W42/><G42/><T68/><D68/><U102/><E106/><V41/><F41/><W19/><G19/><T132/><D132/><U63/><E63/><V75/><F133/><W56/><G56/><T21/><REACH who="0" step="1"/><D64/><REACH who="0" ten="253,190,447,100" step="2"/><U49/><E26/><V120/><F126/><W85/><G80/><T43/><D43/><U107/><E107/><V77/><F34/><W87/><G87/><T135/><D135/><U16/><E18/><V69/><F35/><W78/><AGARI ba="3,1" hai="12,13,15,36,37,78,81,85" m="111,50249" machi="78" ten="30,7900,0" yaku="19,1,52,3" doraHai="9" who="3" fromWho="3" sc="253,-23,190,-23,447,-42,100,98" /><INIT seed="3,0,0,4,1,52" ten="230,167,405,198" oya="3" hai0="10,119,126,18,51,8,57,135,74,101,96,45,128" hai1="56,44,54,85,37,113,12,110,111,71,87,63,24" hai2="35,69,46,27,84,17,72,97,1,47,26,89,123" hai3="20,32,49,21,76,116,129,78,53,88,48,9,62"/><W70/><G32/><T133/><D119/><U103/><E113/><V0/><F72/><W59/><G116/><T29/><D74/><U38/><E103/><V40/><F69/><W23/><G129/><T34/><D128/><U92/><E71/><V61/><F123/><W112/><G112/><T67/><D126/><U117/><E117/><V108/><F108/><N who="1" m="41513" /><E92/><V31/><F97/><W7/><G70/><T120/><D120/><U94/><E94/><V114/><F47/><W36/><G36/><N who="1" m="13930" /><E24/><V58/><F46/><W98/><G76/><T11/><D34/><U100/><E100/><V104/><F104/><W79/><G78/><T64/><D29/><U81/><E81/><V28/><F17/><W25/><G79/><T75/><D75/><U30/><E30/><V3/><F40/><W55/><G25/><T80/><D80/><U109/><N who="1" m="41521" /><U22/><DORA hai="77" /><E44/><V66/><F114/><W43/><G98/><T4/><D96/><U122/><E122/><V131/><F131/><W121/><G121/><T86/><D101/><U13/><E22/><V125/><F125/><W102/><G102/><T127/><D127/><U19/><E19/><V95/><F27/><W39/><G23/><T73/><D73/><U5/><E5/><V107/><F31/><W65/><G21/><T68/><D68/><U15/><AGARI ba="0,0" hai="12,13,15,54,56,63,85,87" m="13930,41521" machi="15" ten="50,3200,0" yaku="14,1,52,1" doraHai="52,77" who="1" fromWho="1" sc="230,-8,167,32,405,-8,198,-16" /><INIT seed="4,0,0,1,5,107" ten="222,199,397,182" oya="0" hai0="6,14,12,53,11,112,86,8,51,21,67,85,113" hai1="78,32,99,48,132,84,66,46,63,1,36,47,125" hai2="60,9,39,10,104,87,110,45,7,90,15,89,64" hai3="100,101,111,82,24,52,70,120,123,94,114,26,50"/><T108/><D108/><U126/><E32/><V28/><F104/><W102/><G111/><T20/><D67/><U93/><E1/><V57/><F110/><W42/><G70/><T96/><D96/><U77/><E132/><V117/><F28/><W49/><G114/><T116/><D116/><U134/><E134/><V40/><F117/><W72/><G94/><T13/><D112/><U4/><E4/><V30/><F30/><W2/><G2/><T119/><D113/><U76/><E36/><V118/><F118/><W128/><G128/><T73/><D119/><U88/><E84/><N who="0" m="32361" /><D73/><U59/><REACH who="1" step="1"/><E48/><REACH who="1" ten="222,189,397,182" step="2"/><V54/><F7/><W97/><G49/><T135/><D135/><U106/><E106/><V83/><F39/><W130/><G97/><T91/><D6/><U122/><E122/><N who="3" m="46634" /><G42/><T98/><D8/><U109/><E109/><V127/><F40/><W37/><G37/><T25/><D11/><U105/><E105/><V43/><F43/><W75/><G130/><T0/><D0/><U18/><E18/><N who="2" m="8559" /><F10/><W58/><G82/><T55/><D51/><U79/><N who="1" m="19968" /><DORA hai="124" /><U34/><E34/><V3/><F3/><W35/><G35/><T17/><D17/><U103/><E103/><V80/><F80/><W56/><G102/><T95/><D21/><U23/><E23/><V68/><F83/><W81/><G101/><T133/><D133/><U22/><E22/><V121/><F121/><W38/><G100/><T29/><AGARI ba="0,1" hai="12,13,14,20,25,29,53,55,91,95,98" m="32361" machi="29" ten="30,1500,0" yaku="8,1" doraHai="107,124" who="0" fromWho="0" sc="222,25,189,-5,397,-5,182,-5" /><INIT seed="4,1,0,5,2,119" ten="247,184,392,177" oya="0" hai0="53,126,112,29,61,37,133,5,48,3,40,107,26" hai1="98,21,113,31,73,38,118,69,60,11,0,92,121" hai2="130,94,62,68,18,24,19,122,33,89,28,36,45" hai3="9,12,7,56,35,78,124,128,134,10,80,82,57"/><T105/><D112/><U59/><E113/><V93/><F122/><W74/><G35/><T64/><D126/><U109/><E109/><V16/><F130/><W1/><G134/><T4/><D133/><U54/><E118/><V97/><F94/><W58/><G128/><T100/><D37/><U106/><E106/><V27/><F27/><W123/><G124/><T114/><D114/><U116/><E116/><V25/><F25/><W63/><G80/><T14/><D3/><U67/><E73/><V55/><F55/><W104/><G104/><T110/><D110/><U51/><E31/><V101/><F89/><W49/><G49/><T41/><D100/><U30/><E30/><V65/><F36/><W23/><G23/><T50/><D107/><U83/><E83/><V95/><F93/><W90/><G90/><T43/><D105/><U99/><E38/><V103/><F45/><W79/><G79/><T91/><D91/><U127/><E127/><V34/><F103/><W15/><G1/><T120/><D120/><U88/><E21/><V66/><F66/><W8/><G8/><T42/><D14/><U72/><E72/><V77/><F77/><W17/><REACH who="3" step="1"/><G63/><REACH who="3" ten="247,184,392,167" step="2"/><T2/><D48/><U87/><E0/><V20/><AGARI ba="1,1" hai="16,18,19,20,24,28,33,34,62,65,68,95,97,101" machi="20" ten="30,2000,0" yaku="0,1,54,1" doraHai="119" who="2" fromWho="2" sc="247,-11,184,-6,392,33,167,-6" /><INIT seed="5,0,0,2,5,10" ten="236,178,425,161" oya="1" hai0="19,64,99,59,12,60,111,133,106,115,110,29,129" hai1="92,103,118,42,77,130,76,84,16,4,53,82,91" hai2="62,20,51,33,119,40,107,34,61,11,6,57,21" hai3="105,121,43,66,73,123,113,86,72,83,54,124,85"/><U8/><E118/><V101/><F119/><W95/><G66/><T23/><D115/><U70/><E70/><V65/><F34/><W14/><G54/><T102/><D129/><U93/><E130/><V122/><F33/><W126/><G43/><T128/><D128/><U52/><E42/><V125/><F122/><N who="3" m="46603" /><G14/><T5/><D133/><U2/><E93/><V22/><F107/><W100/><G105/><T26/><REACH who="0" step="1"/><D5/><REACH who="0" ten="226,178,425,161" step="2"/><U108/><E108/><V45/><F125/><N who="3" m="48235" /><G113/><T127/><D127/><U96/><E77/><V0/><F6/><W81/><G100/><T17/><D17/><U114/><E114/><V94/><F101/><W104/><G104/><T63/><D63/><U36/><E36/><V69/><F62/><W15/><G95/><T48/><D48/><U39/><E39/><V117/><F94/><W32/><G81/><T37/><D37/><U55/><E103/><V116/><F116/><W31/><G83/><T112/><D112/><U1/><REACH who="1" step="1"/><E4/><REACH who="1" ten="226,168,425,161" step="2"/><N who="2" m="1415" /><F69/><W38/><G38/><T80/><D80/><U68/><E68/><V75/><F117/><W28/><G73/><T41/><D41/><U89/><E89/><V7/><F75/><W3/><G72/><T18/><D18/><U98/><E98/><V90/><F7/><W47/><G31/><T44/><D44/><U9/><E9/><AGARI ba="0,2" hai="9,12,19,23,26,29,59,60,64,99,102,106,110,111" machi="9" ten="30,3900,0" yaku="1,1,7,1,52,1,53,0" doraHai="10" doraHaiUra="87" who="0" fromWho="1" sc="226,59,168,-39,425,0,161,0" /><INIT seed="6,0,0,3,2,68" ten="285,129,425,161" oya="2" hai0="78,85,69,84,45,20,46,38,40,117,130,21,87" hai1="64,134,51,108,105,35,118,16,30,110,25,120,4" hai2="26,39,13,18,131,57,48,132,122,79,135,44,0" hai3="41,109,126,101,10,67,71,111,14,70,32,49,56"/><V33/><F0/><W113/><G32/><T129/><D69/><U76/><E118/><V133/><F122/><W103/><G71/><T61/><D117/><U24/><E105/><V5/><F131/><W8/><G70/><T3/><D3/><U128/><E76/><V116/><F116/><W42/><G126/><T106/><D106/><U63/><E120/><V58/><F5/><W1/><G1/><T34/><D34/><U55/><E128/><N who="0" m="49257" /><D78/><U125/><E125/><V121/><F79/><W98/><G113/><T9/><D9/><U81/><E81/><V90/><F90/><W92/><G8/><T54/><D61/><U36/><E36/><V99/><F39/><W12/><G12/><T127/><D127/><U95/><E4/><V74/><F74/><W23/><G23/><T17/><D17/><U96/><E63/><V114/><F121/><W104/><G111/><T59/><D59/><U43/><E64/><V19/><F114/><W72/><G109/><T91/><D91/><U73/><E73/><V29/><F57/><W2/><G72/><T89/><D89/><U62/><E62/><V28/><F58/><W31/><G56/><T60/><D60/><U52/><E108/><V50/><F28/><W102/><G31/><T7/><D7/><U115/><E110/><V47/><F19/><N who="3" m="8663" /><G67/><T82/><D82/><U83/><E83/><V53/><F18/><W15/><G104/><T6/><D6/><U11/><E115/><V93/><F13/><W37/><G2/><T112/><D112/><U100/><E11/><V88/><F132/><W27/><G15/><RYUUKYOKU ba="0,0" sc="285,15,129,-15,425,15,161,-15" hai0="20,21,38,40,45,46,54,84,85,87" hai2="26,29,33,44,47,48,50,53,88,93,99,133,135" /><INIT seed="6,1,0,2,5,106" ten="300,114,440,146" oya="2" hai0="81,64,128,107,12,102,134,52,20,63,111,70,3" hai1="79,9,77,87,124,75,109,26,127,93,129,117,76" hai2="119,99,56,5,130,83,45,69,80,7,36,120,30" hai3="112,68,13,16,84,90,17,73,85,8,78,110,72"/><V40/><F69/><W33/><G110/><T95/><D111/><U135/><E109/><V82/><F120/><W0/><G0/><T131/><D3/><U133/><E26/><V125/><F119/><W21/><G33/><T27/><D134/><N who="1" m="51211" /><E117/><V122/><F122/><W28/><G28/><T62/><D107/><U11/><E11/><V2/><F30/><W113/><G78/><T86/><D12/><U55/><E9/><V97/><F125/><N who="1" m="48201" /><E55/><V6/><F2/><W47/><G47/><T118/><D118/><U19/><E19/><V23/><F5/><W44/><G44/><T15/><D15/><U49/><E49/><V32/><F6/><W115/><G68/><T24/><D63/><U43/><E43/><V25/><F40/><W104/><G104/><T98/><D52/><U103/><E129/><N who="0" m="49737" /><D20/><U88/><E103/><V74/><F23/><W39/><G39/><T50/><D50/><U41/><E41/><V67/><F7/><W66/><G66/><T92/><D24/><U42/><E42/><V100/><F25/><N who="3" m="14503" /><G90/><N who="0" m="51535" /><D27/><U114/><E114/><V91/><F36/><W126/><G126/><T123/><D123/><U101/><E101/><V132/><F100/><W10/><G10/><T121/><D121/><U37/><E37/><V35/><F130/><W51/><G51/><T4/><D4/><U38/><E38/><V61/><F132/><W96/><G96/><T22/><D22/><U18/><E18/><V48/><F48/><W94/><G94/><T89/><D95/><U58/><E58/><V105/><F56/><W65/><G65/><T116/><D116/><RYUUKYOKU ba="1,0" sc="300,10,114,10,440,-30,146,10" hai0="62,64,70,89,92,98,102" hai1="75,76,77,79,87,88,93" hai3="8,13,17,72,73,84,85,112,113,115" /><INIT seed="7,2,0,2,5,1" ten="310,124,410,156" oya="3" hai0="34,47,121,31,91,73,84,128,102,30,119,78,61" hai1="97,109,100,117,64,65,54,23,25,4,10,28,126" hai2="107,62,14,79,69,129,0,52,46,55,33,86,116" hai3="63,106,19,57,76,82,38,42,124,87,36,5,32"/><W122/><G106/><T67/><D119/><U49/><E117/><V44/><F0/><W127/><G122/><T21/><D121/><U93/><E126/><N who="3" m="48170" /><G32/><T80/><D128/><U58/><REACH who="1" step="1"/><E109/><REACH who="1" ten="310,114,410,156" step="2"/><V104/><F116/><W51/><G19/><T2/><D34/><U66/><E66/><V27/><F104/><W83/><G83/><T123/><D123/><U134/><E134/><V3/><F107/><W130/><G130/><T39/><D102/><U105/><E105/><V50/><F33/><W60/><G5/><T48/><D2/><AGARI ba="2,1" hai="2,4,10,23,25,28,49,54,58,64,65,93,97,100" machi="2" ten="30,3900,0" yaku="1,1,7,1,52,1,53,0" doraHai="1" doraHaiUra="41" who="1" fromWho="0" sc="310,-45,114,55,410,0,156,0" owari="265,7.0,169,-23.0,410,50.0,156,-34.0" /></mjloggm>