<mjloggm ver="2.3"><GO type="169" lobby="0"/><UN n0="%E3%83%87%E3%82%A3%E3%82%AA%E3%83%90%E3%83%B3" n1="%E3%81%97%E3%82%93%E3%82%84%E3%81%A3%E3%81%A1" n2="%EF%BC%A0%E6%A3%AE" n3="%E3%83%A9%E3%83%A0%E3%83%80%E3%81%95%E3%82%93" dan="16,16,16,16" rate="2088.41,2117.35,2089.64,2122.55" sx="M,M,F,M"/><TAIKYOKU oya="0"/><INIT seed="0,0,0,0,4,121" ten="250,250,250,250" oya="0" hai0="17,4,34,32,40,125,99,98,28,132,116,77,80" hai1="122,113,41,33,2,19,60,134,100,108,91,21,96" hai2="5,29,135,118,13,85,68,36,79,64,27,75,103" hai3="127,31,131,59,18,12,90,88,120,58,50,65,56"/><T71/><D116/><U66/><E113/><V73/><F36/><W101/><G120/><T76/><D71/><U45/><E33/><V37/><F37/><W111/><G111/><T83/><D40/><U102/><E108/><V51/><F135/><W23/><G131/><T46/><D46/><U114/><E2/><V89/><F103/><W93/><G127/><T15/><D4/><U69/><E134/><V25/><F64/><W92/><G101/><T54/><D54/><U70/><E70/><V53/><F68/><W3/><G3/><T107/><D125/><U44/><E44/><V26/><F118/><W9/><G65/><T84/><D132/><U124/><E124/><V48/><F29/><W109/><G109/><T104/><D28/><U20/><E20/><V7/><F79/><W16/><G31/><T6/><D6/><U81/><E114/><V35/><F35/><W55/><G93/><T61/><D61/><U126/><E126/><V24/><F24/><N who="3" m="14439" /><G90/><T130/><D130/><U1/><E1/><V94/><F7/><W72/><G72/><N who="0" m="43015" /><D32/><U78/><E122/><V112/><F112/><W128/><G128/><T129/><D34/><U43/><E69/><V133/><F133/><W119/><G119/><T8/><D129/><U97/><E91/><V115/><F115/><W57/><G57/><T49/><D49/><N who="2" m="19018" /><F53/><W10/><G10/><T105/><D105/><U95/><E66/><V106/><F106/><W117/><G117/><T38/><D38/><U110/><E110/><V67/><F67/><W42/><G42/><T74/><D74/><U82/><E43/><RYUUKYOKU ba="0,0" sc="250,10,250,-30,250,10,250,10" hai0="8,15,17,77,83,84,98,99,104,107" hai2="5,13,25,26,27,73,75,85,89,94" hai3="9,12,18,50,55,56,58,59,88,92" /><INIT seed="0,1,0,0,5,69" ten="260,220,260,260" oya="0" hai0="27,40,12,42,113,72,45,94,38,49,85,76,98" hai1="102,124,18,117,101,128,127,120,15,46,129,118,22" hai2="0,3,100,53,5,122,50,79,111,71,34,75,6" hai3="2,29,35,10,125,116,14,130,83,108,54,43,121"/><T89/><D113/><U48/><E120/><V61/><F34/><W23/><G116/><N who="1" m="44650" /><E48/><V4/><F100/><N who="1" m="38505" /><E46/><V9/><F111/><W105/><G105/><T81/><D27/><U91/><E91/><V8/><F122/><W97/><G97/><T99/><D40/><U78/><E78/><V67/><F79/><W64/><G121/><T92/><D92/><U96/><E96/><V33/><F75/><W1/><G108/><T57/><REACH who="0" step="1"/><D12/><REACH who="0" ten="250,220,260,260" step="2"/><U28/><E28/><V65/><F33/><W13/><G35/><T70/><D70/><U80/><E80/><V115/><F115/><W134/><G83/><T51/><D51/><U66/><E129/><V52/><F50/><W86/><G130/><T26/><D26/><U93/><E93/><V56/><F5/><W31/><G14/><T90/><D90/><U131/><E131/><V47/><F47/><W84/><G13/><T58/><D58/><U62/><E128/><V114/><F114/><W110/><G43/><T37/><D37/><U41/><E41/><V11/><F11/><W106/><G10/><T44/><D44/><U21/><E21/><V17/><F17/><W19/><G23/><T60/><D60/><AGARI ba="1,1" hai="0,3,4,6,8,9,52,53,56,60,61,65,67,71" machi="60" ten="40,2600,0" yaku="9,1,54,1" doraHai="69" who="2" fromWho="0" sc="250,-29,220,0,260,39,260,0" /><INIT seed="1,0,0,5,1,111" ten="221,220,299,260" oya="1" hai0="102,108,72,128,122,37,5,0,80,44,130,23,57" hai1="6,125,126,33,123,101,50,129,116,59,74,38,71" hai2="98,34,11,22,26,109,30,15,69,85,43,24,118" hai3="106,95,66,115,121,83,61,99,32,56,25,119,132"/><U107/><RYUUKYOKU type="yao9" ba="0,0" sc="221,0,220,0,299,0,260,0" hai1="6,33,38,50,59,71,74,101,107,116,123,125,126,129" /><INIT seed="1,1,0,2,5,31" ten="221,220,299,260" oya="1" hai0="43,135,93,83,127,133,114,96,113,3,88,134,71" hai1="47,45,64,123,109,24,50,85,104,19,56,122,79" hai2="92,103,120,78,35,40,20,130,80,76,16,94,12" hai3="112,38,0,90,115,5,49,87,53,95,60,125,124"/><U118/><E104/><V68/><F68/><W59/><G38/><T1/><D71/><U107/><E107/><V81/><F120/><W73/><G73/><T17/><D127/><N who="3" m="48713" /><G5/><T108/><D108/><U86/><E118/><V14/><F40/><W9/><G9/><T29/><D29/><U70/><E70/><V91/><F35/><W98/><G0/><N who="0" m="75" /><D43/><U44/><E109/><V74/><F130/><W41/><G41/><T32/><D32/><U119/><E119/><V10/><F103/><N who="3" m="60895" /><G60/><T4/><D4/><U97/><E97/><V132/><F132/><N who="0" m="33794" /><T89/><DORA hai="13" /><D17/><U75/><E123/><V82/><F91/><N who="0" m="34890" /><D83/><AGARI ba="1,0" hai="49,53,59,83,87,90,112,115" m="60895,48713" machi="83" ten="30,1000,0" yaku="18,1" doraHai="31,13" who="3" fromWho="0" sc="221,-13,220,0,299,0,260,13" /><INIT seed="2,0,0,3,2,86" ten="208,220,299,273" oya="2" hai0="17,63,8,77,78,59,64,81,53,45,131,25,57" hai1="7,10,62,66,83,67,12,60,13,127,128,133,1" hai2="89,109,85,51,76,71,108,99,54,101,134,41,75" hai3="98,32,100,88,55,15,14,79,26,90,126,73,40"/><V0/><F0/><W11/><G126/><T82/><D131/><U2/><E127/><V68/><F41/><W44/><G55/><T84/><D45/><U23/><E128/><V97/><F134/><W33/><G79/><T38/><D38/><U119/><E133/><V92/><F75/><W5/><G73/><T35/><D35/><U114/><E114/><V34/><F76/><W74/><G74/><T110/><D110/><N who="2" m="42602" /><F34/><W21/><G15/><N who="0" m="7399" /><D25/><U104/><E104/><N who="2" m="63535" /><F99/><W39/><G33/><T3/><D3/><U65/><E119/><V120/><F120/><W36/><G32/><T129/><D129/><U80/><E23/><V112/><F112/><W56/><G56/><AGARI ba="0,0" hai="51,54,56,68,71,85,89,92" m="63535,42602" machi="56" ten="30,5800,0" yaku="14,1,10,1,52,1" doraHai="86" who="2" fromWho="3" sc="208,0,220,0,299,58,273,-58" /><INIT seed="2,1,0,0,4,108" ten="208,220,357,215" oya="2" hai0="14,12,125,13,75,30,21,4,26,88,58,20,129" hai1="105,47,51,57,32,126,2,29,135,98,78,68,70" hai2="41,99,9,128,89,36,120,104,82,18,113,115,118" hai3="124,10,101,112,43,31,15,121,122,6,69,109,0"/><V53/><F120/><W7/><G69/><T52/><D75/><U33/><E2/><V85/><F118/><W102/><G43/><T123/><D123/><N who="3" m="47113" /><G102/><T92/><D125/><U22/><E57/><V130/><F53/><W25/><G101/><T87/><D129/><N who="2" m="49770" /><F99/><W3/><G109/><T74/><D74/><U72/><E98/><V23/><F104/><W103/><G103/><T73/><D73/><U117/><E105/><V95/><F9/><N who="3" m="4535" /><G124/><T71/><D71/><U50/><E117/><V24/><F82/><W96/><G96/><T45/><D45/><AGARI ba="1,0" hai="18,23,24,36,41,45,85,89,95,113,115" m="49770" machi="45" ten="30,5800,0" yaku="19,1,52,2" doraHai="108" who="2" fromWho="0" sc="208,-61,220,0,357,61,215,0" /><INIT seed="2,2,0,4,4,85" ten="147,220,418,215" oya="2" hai0="87,23,98,36,20,27,37,115,103,64,50,78,49" hai1="109,77,39,56,130,26,19,71,9,93,62,57,121" hai2="125,120,94,76,21,1,38,6,131,47,52,117,110" hai3="63,105,99,102,54,81,123,112,44,119,129,45,68"/><V122/><F117/><W25/><G119/><T118/><D115/><U51/><E39/><V89/><F76/><W17/><G112/><T46/><D118/><U33/><E109/><V4/><F110/><W69/><G123/><T111/><D111/><U8/><E71/><V31/><F131/><W66/><G129/><T135/><D64/><U55/><E130/><V60/><F125/><W24/><G69/><T0/><D0/><U108/><E108/><V72/><F72/><W134/><G134/><T75/><D75/><U22/><E77/><V96/><F1/><W127/><G127/><T35/><D35/><U28/><E121/><V34/><F34/><W124/><G124/><T104/><D50/><U59/><E93/><V132/><F132/><W61/><G61/><T114/><D114/><U29/><E33/><V100/><F38/><W91/><G54/><T2/><D2/><U7/><E7/><N who="2" m="2603" /><F120/><W73/><G73/><T30/><D23/><U95/><E62/><V32/><F32/><W126/><G126/><T42/><REACH who="0" step="1"/><D135/><REACH who="0" ten="137,220,418,215" step="2"/><U90/><E9/><V43/><F122/><W113/><G113/><T106/><D106/><U3/><E8/><V70/><F21/><W48/><G48/><T101/><D101/><U11/><E11/><V5/><F100/><W12/><G102/><T128/><D128/><U84/><E3/><V58/><F5/><W79/><G105/><T53/><D53/><U67/><E67/><V14/><F52/><W107/><G107/><T13/><D13/><U16/><E29/><V80/><F31/><W74/><G12/><T83/><AGARI ba="2,1" hai="20,27,30,36,37,42,46,49,78,83,87,98,103,104" machi="83" ten="30,7900,0" yaku="1,1,5,1,0,1,53,1" doraHai="85" doraHaiUra="92" who="0" fromWho="0" sc="137,95,220,-22,418,-41,215,-22" /><INIT seed="3,0,0,5,4,41" ten="232,198,377,193" oya="3" hai0="81,39,29,88,36,43,51,38,105,85,125,90,130" hai1="21,60,31,57,111,11,44,12,33,15,126,48,46" hai2="118,49,80,72,66,53,17,55,16,92,23,87,10" hai3="2,96,104,22,121,30,3,91,134,129,37,67,132"/><W114/><G121/><T27/><D105/><U86/><E33/><V13/><F72/><W34/><G114/><T65/><D125/><U69/><E69/><V119/><F66/><W113/><G113/><T106/><D106/><U26/><E126/><V20/><F92/><N who="3" m="56351" /><G34/><T24/><D130/><U135/><E135/><N who="3" m="51754" /><G104/><T108/><D108/><U84/><E48/><V133/><F133/><W74/><G74/><T6/><D6/><N who="1" m="3191" /><E15/><N who="2" m="9247" /><F118/><W7/><G129/><T117/><D65/><N who="1" m="39055" /><E111/><V82/><F119/><W70/><G37/><T122/><D117/><U110/><E110/><V116/><F116/><W95/><G7/><T94/><D122/><U35/><E35/><V78/><F82/><W63/><G95/><T4/><D4/><U42/><E42/><V68/><F68/><W112/><G112/><T0/><D0/><U9/><E9/><V77/><F10/><W8/><G8/><T18/><D18/><U131/><E131/><V61/><F17/><W25/><AGARI ba="0,0" hai="2,3,22,25,30,63,67,70" m="51754,56351" machi="25" ten="30,1500,0" yaku="20,1" doraHai="41" who="3" fromWho="3" sc="232,-5,198,-5,377,-5,193,15" /><INIT seed="3,1,0,5,1,75" ten="227,193,372,208" oya="3" hai0="118,117,124,99,37,3,11,110,25,102,21,123,129" hai1="38,92,112,103,85,32,100,106,30,89,114,59,88" hai2="22,4,128,67,45,1,115,53,79,18,119,60,71" hai3="54,14,12,81,5,7,31,50,101,8,9,44,62"/><W42/><G101/><N who="1" m="38986" /><E38/><V126/><F119/><W97/><G97/><T90/><D123/><U47/><E47/><V98/><F115/><N who="1" m="44073" /><E59/><V66/><F1/><W121/><G121/><T84/><D37/><U49/><E49/><V34/><F4/><W95/><G95/><T46/><D110/><U51/><E51/><V0/><F0/><W16/><G31/><T41/><D124/><U76/><E30/><V74/><F34/><W113/><G113/><T107/><D129/><U39/><E39/><V65/><F128/><W29/><G29/><T108/><D108/><U26/><E26/><V52/><F126/><W91/><G5/><T116/><D3/><U55/><E55/><V20/><F45/><W40/><G62/><T73/><D73/><U19/><E19/><V24/><F22/><W69/><G69/><T15/><D46/><U17/><E17/><V94/><F60/><W68/><G68/><T56/><D56/><U23/><E23/><V48/><F48/><W64/><G64/><T132/><D41/><U13/><E13/><V2/><F2/><W83/><G83/><N who="0" m="49439" /><D21/><U80/><E32/><V63/><F71/><W78/><REACH who="3" step="1"/><G91/><REACH who="3" ten="227,193,372,198" step="2"/><N who="1" m="34890" /><E92/><V120/><F63/><W6/><G6/><T57/><D117/><U131/><E131/><V10/><F120/><W111/><G111/><T77/><D116/><U82/><E82/><N who="2" m="45431" /><F10/><W93/><G93/><T33/><D118/><U122/><E122/><V127/><F127/><W135/><G135/><T130/><D132/><U109/><E109/><V58/><F58/><W72/><AGARI ba="1,1" hai="7,8,9,12,14,16,40,42,44,50,54,72,78,81" machi="72" ten="20,12000,1" yaku="1,1,0,1,7,1,52,1,54,1,53,0" doraHai="75" doraHaiUra="125" who="3" fromWho="3" sc="227,-41,193,-41,372,-41,198,133" /><INIT seed="3,2,0,4,1,68" ten="186,152,331,331" oya="3" hai0="60,56,3,34,129,47,69,102,22,65,17,125,72" hai1="103,55,111,121,76,124,105,50,79,70,134,2,51" hai2="16,9,107,90,46,49,96,63,82,19,58,41,59" hai3="43,122,33,7,110,94,85,44,25,92,114,108,87"/><W133/><G122/><T73/><D125/><U29/><E121/><V95/><F107/><W106/><G106/><T93/><D129/><U23/><E70/><V14/><F82/><W101/><G114/><T100/><D34/><U135/><E2/><V28/><F28/><N who="3" m="19599" /><G7/><T40/><D3/><U57/><E124/><V84/><F96/><N who="3" m="59527" /><G94/><T27/><D69/><U89/><E89/><V99/><F99/><W35/><G35/><T8/><D8/><U88/><E105/><V0/><F0/><W37/><G133/><T115/><D115/><U75/><E103/><V54/><F19/><W126/><G126/><T12/><D12/><U21/><E29/><V18/><F18/><W5/><G5/><T118/><D118/><U61/><E75/><V10/><F58/><W71/><G71/><T32/><D32/><U64/><E135/><V6/><F6/><W15/><G15/><T48/><D100/><U39/><E134/><V53/><F9/><W31/><G31/><T117/><D117/><U120/><E120/><V1/><F1/><W83/><G83/><T86/><D86/><U77/><E23/><V62/><F62/><W52/><G52/><AGARI ba="2,0" hai="10,14,16,41,46,49,52,53,54,59,63,84,90,95" machi="52" ten="30,7700,0" yaku="7,1,8,1,54,2" doraHai="68" who="2" fromWho="3" sc="186,0,152,0,331,83,331,-83" /><INIT seed="4,0,0,1,1,83" ten="186,152,414,248" oya="0" hai0="14,24,86,23,113,16,66,56,134,111,49,121,35" hai1="36,37,3,40,135,71,27,131,39,74,85,1,75" hai2="67,101,21,20,82,103,80,15,11,7,0,130,61" hai3="114,94,92,97,48,43,102,68,10,57,63,88,64"/><T53/><D121/><U62/><E135/><V44/><F130/><W50/><G114/><T2/><D113/><U51/><E131/><V112/><F112/><W128/><G128/><T4/><D134/><U70/><E27/><V79/><F44/><W108/><G108/><T77/><D111/><U9/><E9/><V84/><F80/><W29/><G29/><T90/><D77/><U104/><E62/><V25/><F0/><N who="1" m="73" /><E85/><V78/><F78/><W120/><G120/><T107/><D107/><U115/><E115/><V54/><F54/><W122/><G122/><T32/><D66/><U89/><E89/><V118/><F118/><W98/><G43/><T12/><D2/><U126/><E126/><V17/><F21/><W38/><G38/><T117/><D117/><U33/><E33/><V58/><AGARI ba="0,0" hai="7,11,15,17,20,25,58,61,67,79,82,84,101,103" machi="58" ten="20,5200,0" yaku="0,1,7,1,8,1,52,1" doraHai="83" who="2" fromWho="2" sc="186,-26,152,-13,414,52,248,-13" /><INIT seed="5,0,0,5,0,19" ten="160,139,466,235" oya="1" hai0="100,123,6,102,83,45,75,61,133,114,4,44,48" hai1="7,2,91,77,25,27,18,59,117,111,30,129,71" hai2="34,124,17,84,70,32,53,14,94,35,28,106,20" hai3="107,52,40,5,24,65,78,13,51,46,69,26,99"/><U87/><E71/><V126/><F70/><W66/><G78/><N who="0" m="44511" /><D44/><U115/><E117/><V39/><F106/><W12/><G69/><T76/><D76/><U63/><E77/><V86/><F39/><W68/><G68/><T67/><D102/><U31/><E111/><V80/><F53/><W110/><G110/><T119/><D100/><U82/><E18/><V36/><F36/><W49/><G107/><T50/><D119/><U58/><E129/><V125/><F80/><W16/><G99/><T41/><D50/><U105/><E105/><V135/><F135/><W131/><G131/><T72/><D72/><U3/><E7/><V10/><F94/><W92/><G92/><T127/><D133/><U54/><E115/><V60/><F60/><W33/><G5/><T109/><D109/><U15/><E15/><N who="2" m="9279" /><F28/><W116/><G116/><T85/><D114/><U23/><REACH who="1" step="1"/><E59/><REACH who="1" ten="160,129,466,235" step="2"/><V95/><F124/><W74/><G12/><T47/><D127/><U103/><E103/><V1/><F125/><W118/><G118/><T134/><D134/><U89/><E89/><V101/><F126/><W9/><G74/><T104/><D104/><U29/><E29/><V121/><F101/><W81/><G13/><T88/><D123/><U64/><E64/><V57/><F14/><W56/><G16/><T120/><D120/><U113/><E113/><V97/><F121/><W79/><G66/><T37/><D6/><U112/><E112/><V73/><F57/><W11/><G65/><T108/><D4/><U38/><E38/><V98/><F73/><N who="3" m="43247" /><G24/><T122/><D122/><U96/><E96/><RYUUKYOKU ba="0,1" sc="160,-15,129,15,466,-15,235,15" hai1="2,3,23,25,27,30,31,54,58,63,82,87,91" hai3="9,11,26,33,40,46,49,51,52,56" /><INIT seed="5,1,1,5,3,43" ten="145,144,451,250" oya="1" hai0="2,114,104,1,92,65,5,99,67,64,32,134,52" hai1="18,9,71,23,62,3,111,15,95,57,106,29,133" hai2="120,82,68,0,60,102,126,118,88,80,81,125,124" hai3="93,31,117,90,129,69,37,48,56,87,116,17,46"/><U63/><E106/><V72/><F0/><W122/><G122/><T19/><D104/><U30/><E111/><V119/><F120/><W78/><G69/><T25/><D114/><U130/><E130/><V58/><F68/><W97/><G129/><T40/><D40/><U36/><E36/><V131/><F131/><W12/><G37/><T83/><D134/><U112/><E133/><V55/><F102/><W77/><G31/><T51/><D83/><U108/><E108/><V113/><F113/><W14/><G56/><T105/><D105/><U7/><E112/><V50/><F60/><W6/><G6/><T121/><D5/><U38/><E38/><V101/><F101/><W39/><G39/><T47/><D121/><U59/><E71/><V91/><F72/><W107/><G107/><T53/><D53/><U13/><E3/><V128/><F128/><W11/><G14/><T103/><REACH who="0" step="1"/><D19/><REACH who="0" ten="135,144,451,250" step="2"/><U123/><E123/><V98/><F98/><W110/><G110/><T41/><D41/><U4/><E4/><V75/><F75/><W33/><G17/><T66/><N who="0" m="16384" /><DORA hai="76" /><T45/><D45/><U79/><E59/><V42/><F42/><W89/><G46/><T54/><D54/><U10/><E57/><V100/><F100/><W35/><G117/><AGARI ba="1,2" hai="50,55,58,80,81,82,88,91,117,118,119,124,125,126" machi="117" ten="50,8000,1" yaku="18,1,52,3,54,1" doraHai="43,76" who="2" fromWho="3" sc="135,0,144,0,451,103,250,-83" /><INIT seed="6,0,0,3,4,90" ten="135,144,554,167" oya="2" hai0="23,98,26,81,128,30,125,88,74,76,0,99,43" hai1="21,127,20,118,116,124,42,115,89,82,65,31,58" hai2="15,83,40,80,69,28,18,79,121,62,37,72,114" hai3="112,49,105,11,67,32,113,53,66,35,39,133,3"/><V60/><F121/><W54/><G105/><T86/><D125/><N who="1" m="48203" /><E115/><N who="3" m="44106" /><G39/><T55/><D128/><U104/><E104/><V107/><F107/><W122/><G122/><T27/><D0/><U5/><E5/><V120/><F120/><W96/><G133/><T91/><D43/><U24/><E42/><V48/><F37/><W92/><G11/><T38/><D38/><U51/><E21/><V70/><F28/><W73/><G73/><T131/><D131/><U93/><E82/><V8/><F83/><W7/><G7/><T135/><D135/><U64/><E64/><N who="3" m="24618" /><G3/><T130/><D130/><U45/><E45/><V109/><F109/><W17/><G17/><T34/><D55/><N who="3" m="21001" /><G49/><T12/><D12/><U68/><E51/><V84/><F72/><W2/><G2/><T123/><D123/><U97/><E68/><V41/><F114/><W71/><G71/><T59/><D59/><U95/><E65/><V4/><F4/><W46/><G46/><T36/><D36/><U117/><E58/><V75/><F75/><W44/><G44/><T101/><D74/><U19/><E19/><V6/><F6/><W50/><G50/><T87/><D87/><N who="1" m="52415" /><E118/><V108/><F69/><W9/><G9/><T33/><D33/><U100/><AGARI ba="0,0" hai="20,24,31,95,97,100,116,117" m="52415,48203" machi="100" ten="30,4000,0" yaku="18,1,52,2" doraHai="90" who="1" fromWho="1" sc="135,-10,144,40,554,-20,167,-10" /><INIT seed="7,0,0,3,3,117" ten="125,184,534,157" oya="3" hai0="116,56,38,10,108,66,120,95,100,47,115,73,103" hai1="69,41,86,58,40,91,128,34,113,72,44,59,83" hai2="102,32,85,16,79,101,60,130,81,8,88,6,26" hai3="5,109,70,53,62,63,54,114,122,84,36,33,110"/><W37/><G33/><T3/><D108/><N who="3" m="41577" /><G5/><N who="0" m="1343" /><D116/><U49/><E113/><V65/><F32/><W106/><G106/><T133/><D95/><U15/><E128/><V126/><F130/><W23/><G23/><T105/><D115/><U50/><E69/><V123/><F6/><W4/><G4/><T132/><D73/><U104/><E104/><V90/><F8/><W76/><G114/><T42/><D105/><U129/><E34/><V68/><F16/><W99/><G99/><T46/><D46/><N who="1" m="25799" /><E72/><V82/><F26/><W107/><G107/><T39/><D39/><N who="3" m="14921" /><G84/><T64/><D103/><U9/><E129/><V80/><F101/><W30/><G30/><T118/><D100/><U121/><E9/><V17/><F102/><W96/><G96/><T67/><D56/><U74/><E74/><V35/><F35/><W13/><G13/><T27/><D27/><U87/><E15/><V45/><F85/><W131/><G76/><T52/><D52/><N who="3" m="20073" /><G131/><T111/><D111/><U98/><E98/><V25/><F79/><W22/><G22/><T61/><D118/><U71/><E87/><V134/><F90/><W29/><G29/><T18/><D18/><U21/><E21/><V135/><F88/><W1/><G1/><T12/><D12/><U43/><E86/><V112/><F17/><W92/><G92/><T7/><D7/><U119/><E91/><V77/><F77/><W0/><G0/><T31/><D31/><U2/><E119/><V20/><F112/><W97/><G97/><T127/><D127/><U57/><E2/><V89/><F20/><W78/><G78/><RYUUKYOKU ba="0,0" sc="125,0,184,0,534,0,157,0" owari="125,-37.0,184,-2.0,534,63.0,157,-24.0" /></mjloggm>