<mjloggm ver="2.3"><GO type="169" lobby="0"/><UN n0="%6D%65%24%6F" n1="%E3%81%88%E3%82%80%E8%94%B5" n2="%64%6F%6E%63%68%61%6E%33" n3="%6D%69%6C%6C%72%65%65%66" dan="17,17,16,17" rate="2115.91,2181.28,2027.60,2176.41" sx="M,M,M,M"/><TAIKYOKU oya="0"/><INIT seed="0,0,0,4,0,94" ten="250,250,250,250" oya="0" hai0="14,103,11,101,111,114,51,96,31,48,107,19,44" hai1="63,80,50,126,132,42,10,105,93,133,89,88,124" hai2="47,30,62,135,66,129,79,119,97,130,13,75,83" hai3="77,102,28,69,74,49,32,98,15,12,20,67,84"/><T60/><D114/><U117/><E117/><V116/><F135/><N who="1" m="51785" /><E63/><V108/><F108/><W35/><G84/><T106/><D111/><U5/><E105/><V81/><F81/><N who="3" m="45239" /><G49/><T76/><D76/><U73/><E42/><V82/><F82/><W112/><G20/><T39/><D31/><U68/><E68/><N who="2" m="42071" /><F13/><W27/><G35/><T92/><D60/><U57/><E73/><V110/><F110/><W58/><G58/><T8/><D8/><U22/><E22/><V2/><F2/><W131/><G112/><T25/><D25/><U41/><E80/><V134/><F134/><W86/><G15/><T85/><D85/><N who="1" m="52367" /><E89/><V7/><F119/><W17/><G86/><T55/><D39/><U52/><E41/><V113/><F116/><W122/><G69/><T125/><D125/><U115/><E115/><V38/><F113/><W6/><G67/><T70/><D70/><U40/><E40/><V16/><F38/><W53/><G53/><N who="0" m="29831" /><D107/><U1/><AGARI ba="0,0" hai="1,5,10,50,52,57,124,126" m="52367,51785" machi="1" ten="30,4000,0" yaku="20,1,54,2" doraHai="94" who="1" fromWho="1" sc="250,-20,250,40,250,-10,250,-10" /><INIT seed="1,0,0,0,2,46" ten="230,290,240,240" oya="1" hai0="59,7,84,62,94,107,0,81,55,16,50,5,87" hai1="122,2,134,95,23,34,113,33,109,12,97,86,6" hai2="102,56,104,10,66,96,8,54,128,123,76,89,98" hai3="9,135,74,72,71,14,75,70,73,93,105,117,114"/><U13/><E113/><V53/><F123/><W24/><G114/><T78/><D107/><U26/><E122/><V120/><F120/><W106/><G135/><T28/><D28/><U68/><E68/><V64/><F128/><W133/><G133/><T112/><D112/><U99/><E134/><V91/><F76/><W3/><G3/><T29/><D29/><U101/><E109/><V121/><F121/><W129/><G129/><T48/><D0/><U15/><E86/><V119/><F119/><W1/><G1/><T22/><D94/><U27/><E27/><V116/><F116/><W39/><G39/><T77/><D87/><U92/><E2/><V125/><F125/><W61/><G117/><T100/><D100/><U37/><E37/><V4/><F54/><W42/><G75/><T30/><D30/><U18/><REACH who="1" step="1"/><E6/><REACH who="1" ten="230,280,240,240" step="2"/><N who="0" m="2057" /><D77/><U131/><E131/><V45/><F4/><W85/><G71/><T40/><D40/><U108/><E108/><V43/><F43/><W31/><G70/><T47/><D47/><U82/><E82/><V111/><F45/><W36/><G36/><T52/><D55/><U103/><AGARI ba="0,1" hai="12,13,15,18,23,26,33,34,92,95,97,99,101,103" machi="103" ten="30,6000,0" yaku="1,1,0,1,9,1,53,0" doraHai="46" doraHaiUra="32" who="1" fromWho="1" sc="230,-20,280,70,240,-20,240,-20" /><INIT seed="1,1,0,4,4,128" ten="210,350,220,220" oya="1" hai0="98,40,84,62,15,0,74,64,12,79,127,42,94" hai1="80,72,27,33,61,135,82,105,85,32,91,111,106" hai2="17,123,116,21,49,100,57,52,51,6,92,122,65" hai3="30,63,130,90,28,45,89,60,126,5,109,35,67"/><U87/><E111/><V46/><F116/><W77/><G109/><T34/><D74/><U10/><E72/><V29/><F29/><N who="3" m="11371" /><G35/><T103/><D34/><U83/><E27/><V78/><F6/><W86/><G130/><T16/><D0/><U118/><E118/><V36/><F36/><W37/><G37/><T48/><D127/><U25/><E25/><V69/><F78/><W2/><G2/><T129/><D129/><U31/><E31/><V20/><F20/><W13/><G45/><T93/><D12/><U131/><E131/><V58/><F69/><W1/><G1/><T8/><D48/><U76/><E61/><N who="3" m="23626" /><G67/><T75/><D75/><U99/><E33/><V115/><F115/><W41/><G41/><T54/><D54/><U4/><E32/><V19/><F19/><W38/><G126/><T114/><D114/><U11/><E4/><V44/><F65/><W97/><G97/><T50/><D50/><U104/><E99/><N who="2" m="59495" /><F123/><W120/><G120/><T66/><D66/><U59/><E105/><V18/><F122/><W101/><G38/><T107/><D107/><U117/><E117/><V113/><F113/><W134/><G5/><T133/><D64/><U47/><E104/><V22/><F17/><W110/><G110/><T112/><D112/><U24/><E106/><V73/><F73/><W88/><G13/><T53/><D53/><U39/><E39/><V3/><F3/><W68/><G68/><T55/><D55/><U124/><E124/><V96/><F96/><W56/><G56/><N who="2" m="21609" /><F18/><W108/><G108/><T43/><D16/><U26/><E59/><RYUUKYOKU ba="1,0" sc="210,-10,350,-10,220,30,220,-10" hai2="21,22,44,46,49,51,52" /><INIT seed="2,2,0,5,4,118" ten="200,340,250,210" oya="2" hai0="60,86,135,62,38,29,34,112,129,94,57,50,73" hai1="93,54,72,58,110,90,5,68,126,9,21,85,65" hai2="3,41,55,81,31,132,28,106,133,104,84,53,30" hai3="33,63,1,7,80,22,127,67,71,37,95,46,108"/><V36/><F3/><W120/><G33/><T77/><D112/><U69/><E110/><V52/><F41/><W134/><G108/><T122/><D38/><U10/><E126/><V11/><F36/><W24/><G127/><T25/><D73/><U45/><E72/><V56/><F56/><W44/><G134/><N who="2" m="51817" /><F11/><W15/><G1/><T121/><D135/><U96/><E45/><V48/><F48/><W130/><G130/><T27/><D129/><U109/><E109/><V40/><F40/><W70/><G70/><T17/><D50/><U8/><E65/><V115/><F115/><W66/><G66/><T102/><D77/><AGARI ba="2,0" hai="28,30,31,52,53,55,77,81,84,104,106" m="51817" machi="77" ten="40,3900,0" yaku="20,1,54,1" doraHai="118" who="2" fromWho="0" sc="200,-45,340,0,250,45,210,0" /><INIT seed="2,3,0,4,5,29" ten="155,340,295,210" oya="2" hai0="119,113,7,61,34,13,108,92,1,72,56,86,55" hai1="102,3,109,52,79,90,125,73,114,0,22,20,123" hai2="94,130,93,11,84,101,42,43,35,88,25,83,14" hai3="54,17,98,46,78,2,18,68,57,131,21,32,45"/><V121/><F121/><W129/><G2/><T58/><D72/><U47/><E114/><V39/><F130/><N who="3" m="49675" /><G68/><T64/><D1/><U36/><E3/><V40/><F39/><W28/><G78/><T81/><D113/><U124/><E0/><V27/><F35/><W41/><G98/><T134/><D134/><U110/><E102/><V107/><F107/><W33/><G28/><T44/><D108/><N who="1" m="41579" /><E123/><V16/><REACH who="2" step="1"/><F101/><REACH who="2" ten="155,340,285,210" step="2"/><W122/><G122/><T116/><D34/><N who="3" m="13417" /><G41/><T8/><D119/><U75/><E125/><V105/><F105/><W70/><G70/><T106/><D106/><U118/><E124/><V91/><F91/><W111/><G111/><T19/><D116/><U115/><E90/><V12/><F12/><N who="3" m="9383" /><G18/><T37/><D19/><U60/><E79/><V30/><F30/><W128/><G128/><T23/><D13/><U5/><E118/><V59/><F59/><W74/><G74/><T117/><D58/><U6/><E75/><V126/><F126/><W77/><G77/><T10/><D56/><U66/><E73/><V87/><F87/><W120/><G120/><T99/><D86/><U31/><E31/><V95/><AGARI ba="3,1" hai="11,14,16,25,27,40,42,43,83,84,88,93,94,95" machi="95" ten="30,12000,1" yaku="1,1,0,1,8,1,54,2,53,0" doraHai="29" doraHaiUra="51" who="2" fromWho="2" sc="155,-43,340,-43,285,139,210,-43" /><INIT seed="2,4,0,5,1,2" ten="112,297,424,167" oya="2" hai0="22,69,102,122,55,94,28,93,8,36,20,40,64" hai1="71,68,87,120,41,86,0,61,11,89,62,10,125" hai2="63,70,109,95,32,17,23,15,54,26,73,118,124" hai3="39,96,103,25,83,43,79,51,45,101,52,105,119"/><V106/><F118/><W9/><G119/><T27/><D122/><U12/><E120/><V115/><F106/><W111/><G111/><T16/><D40/><U97/><E125/><V121/><F121/><W126/><G126/><T1/><D36/><U7/><E41/><V129/><F73/><W133/><G133/><T135/><D135/><U6/><E97/><V75/><F75/><W112/><G112/><T65/><D55/><U14/><E0/><V74/><F74/><W35/><G103/><T113/><D113/><U81/><E89/><V67/><F115/><W130/><G130/><T48/><D48/><U91/><E91/><V77/><F77/><W82/><G9/><T31/><D69/><U4/><E4/><V88/><F129/><W24/><G35/><T99/><D93/><U114/><E114/><V29/><F109/><W33/><G33/><T59/><D59/><U5/><E5/><V127/><REACH who="2" step="1"/><F54/><REACH who="2" ten="112,297,414,167" step="2"/><W123/><G123/><T128/><D128/><U72/><E72/><V104/><F104/><W44/><G79/><T92/><D1/><U66/><E66/><V134/><F134/><W78/><G78/><T90/><D64/><U58/><E81/><V19/><F19/><W3/><G82/><T131/><D65/><U108/><E108/><V76/><F76/><W117/><G83/><T85/><D131/><U18/><E18/><V38/><F38/><W80/><G80/><T53/><D53/><U42/><E42/><V56/><F56/><AGARI ba="4,1" hai="6,7,10,11,12,14,56,58,61,62,68,71,86,87" machi="56" ten="25,6400,0" yaku="22,2,52,2" doraHai="2" who="1" fromWho="2" sc="112,0,297,86,414,-76,167,0" /><INIT seed="3,0,0,3,1,108" ten="112,383,338,167" oya="3" hai0="116,110,7,72,28,16,14,94,42,41,32,49,79" hai1="67,4,2,93,31,82,47,86,59,75,53,69,130" hai2="64,68,118,83,74,24,27,12,20,107,71,85,89" hai3="91,104,80,30,96,8,128,34,11,101,98,25,54"/><W29/><G128/><T9/><D116/><U78/><E130/><V129/><F129/><W73/><G30/><T112/><D110/><U3/><E31/><V52/><F107/><W55/><G98/><T119/><D119/><U62/><E4/><V19/><F118/><W6/><G11/><T46/><D94/><U106/><E106/><V132/><F74/><W37/><G37/><T126/><D126/><U48/><E93/><V50/><F132/><W113/><G113/><T15/><D28/><U22/><E75/><V84/><F84/><W76/><REACH who="3" step="1"/><G91/><REACH who="3" ten="112,383,338,157" step="2"/><T77/><D32/><U56/><E78/><V1/><F1/><AGARI ba="0,1" hai="1,6,8,25,29,34,54,55,73,76,80,96,101,104" machi="1" ten="30,5800,0" yaku="1,1,2,1,7,1,53,0" doraHai="108" doraHaiUra="38" who="3" fromWho="2" sc="112,0,383,0,338,-58,157,68" /><INIT seed="3,1,0,3,2,28" ten="112,383,280,225" oya="3" hai0="71,129,133,66,116,3,106,92,109,29,48,40,58" hai1="89,31,51,54,18,93,9,5,81,120,132,8,11" hai2="131,15,117,98,27,41,16,23,78,105,112,111,77" hai3="68,79,30,52,10,115,113,38,84,73,125,46,19"/><W69/><G73/><T20/><D106/><U110/><E120/><V50/><F112/><W62/><G30/><T2/><D116/><U42/><E110/><V59/><F117/><W87/><G79/><T32/><D32/><U63/><E132/><V124/><F111/><W94/><G10/><T26/><D109/><U17/><E31/><V12/><F131/><W6/><G6/><T126/><D133/><U7/><E81/><V122/><F122/><W83/><G83/><T127/><D129/><U25/><E42/><V24/><F124/><N who="0" m="47658" /><D71/><N who="3" m="27209" /><G19/><N who="1" m="7178" /><E63/><V102/><F15/><W43/><G125/><T74/><D74/><U70/><E25/><V72/><F72/><W114/><G87/><T33/><D33/><U134/><E70/><V67/><F24/><W34/><G84/><T14/><D14/><U0/><E0/><V13/><F13/><W96/><G96/><T82/><D82/><U97/><E134/><V128/><F128/><W47/><G34/><T61/><D92/><U80/><E80/><V100/><F100/><W90/><G90/><T75/><D75/><U95/><E95/><V130/><F130/><W55/><G94/><T91/><D91/><U49/><E7/><V64/><F27/><W118/><G118/><T37/><D37/><U86/><E5/><V104/><F104/><W123/><G123/><T45/><AGARI ba="1,0" hai="2,3,20,26,29,40,45,48,58,61,66" m="47658" machi="45" ten="30,1100,0" yaku="18,1" doraHai="28" who="0" fromWho="0" sc="112,14,383,-4,280,-4,225,-6" /><INIT seed="4,0,0,4,2,102" ten="126,379,276,219" oya="0" hai0="3,131,38,97,67,105,103,43,92,13,36,52,14" hai1="26,23,12,35,56,39,1,100,75,77,117,32,82" hai2="85,41,15,27,72,53,21,50,55,122,127,95,110" hai3="83,98,57,86,58,62,59,126,65,29,96,108,74"/><T128/><D3/><U90/><E117/><V112/><F72/><W19/><G108/><T8/><D67/><U106/><E1/><V7/><F110/><W76/><G126/><T69/><D69/><U91/><E39/><V70/><F70/><W104/><G19/><T78/><D78/><U93/><E12/><V81/><F122/><W134/><G134/><T20/><D20/><U119/><E119/><V107/><F95/><W89/><G29/><T5/><D14/><U68/><E68/><V109/><F107/><W16/><G16/><T94/><D52/><U121/><E56/><V37/><F109/><W118/><G118/><T135/><D135/><U9/><E9/><V79/><F15/><W64/><G64/><T60/><D60/><U80/><E80/><V133/><F81/><W123/><G123/><T11/><D11/><U113/><E91/><V87/><F133/><W115/><G115/><T44/><REACH who="0" step="1"/><D36/><REACH who="0" ten="116,379,276,219" step="2"/><U99/><E113/><V88/><F112/><W51/><G51/><T125/><D125/><U48/><E121/><V0/><F37/><W18/><G65/><T49/><D49/><U47/><E48/><V2/><F79/><W25/><G62/><T116/><D116/><U42/><E23/><V31/><F127/><W24/><G76/><T45/><D45/><U6/><E47/><N who="2" m="25967" /><F0/><W111/><G59/><T30/><D30/><U46/><E77/><V101/><F2/><W61/><G58/><T4/><D4/><U63/><E6/><V71/><F7/><W10/><G57/><T22/><D22/><U28/><E46/><V120/><F71/><RYUUKYOKU ba="0,1" sc="116,30,379,-10,276,-10,219,-10" hai0="5,8,13,38,43,44,92,94,97,103,105,128,131" /><INIT seed="4,1,1,3,1,55" ten="146,369,266,209" oya="0" hai0="50,4,94,127,28,72,123,51,7,77,41,96,101" hai1="75,22,8,83,126,118,87,134,99,24,78,25,36" hai2="16,86,69,21,105,110,1,97,109,58,11,80,40" hai3="129,85,3,49,117,120,9,103,12,67,89,135,48"/><T2/><D123/><U92/><E118/><V115/><F69/><W98/><G117/><T122/><D122/><U35/><E36/><V71/><F71/><W74/><G74/><T37/><D127/><U133/><E126/><V6/><F40/><W60/><G3/><T31/><D37/><U42/><E42/><V10/><F10/><W14/><G120/><T116/><D116/><U81/><E8/><V114/><F105/><W70/><G129/><T43/><D2/><U61/><E61/><V18/><F97/><W90/><G135/><N who="1" m="51722" /><E35/><V84/><F58/><N who="3" m="37271" /><G14/><T30/><D72/><U91/><E22/><V26/><F18/><N who="3" m="8463" /><G70/><T5/><D77/><AGARI ba="1,1" hai="24,25,75,77,78,81,83,87,91,92,99" m="51722" machi="77" ten="30,1000,0" yaku="20,1" doraHai="55" who="1" fromWho="0" sc="146,-13,369,23,266,0,209,0" /><INIT seed="5,0,0,1,3,123" ten="133,392,266,209" oya="1" hai0="60,134,3,99,21,39,8,79,53,43,101,93,31" hai1="74,63,7,111,82,27,89,106,103,131,127,80,30" hai2="113,57,25,26,67,19,117,115,88,76,55,84,52" hai3="65,102,95,81,91,56,128,6,85,42,130,135,112"/><U5/><E89/><V23/><F117/><W44/><G6/><T83/><D134/><U29/><E74/><V58/><F76/><W68/><G68/><T36/><D31/><U18/><E18/><V119/><F119/><W50/><G135/><T11/><D21/><U77/><E127/><V72/><F72/><W1/><G1/><T126/><D126/><U9/><E131/><N who="3" m="50218" /><G112/><N who="2" m="43081" /><F26/><W110/><G102/><T28/><D28/><U78/><E103/><V75/><F75/><W109/><G81/><T33/><D33/><U94/><E27/><V15/><F25/><W100/><G100/><T61/><D11/><U92/><E63/><AGARI ba="0,0" hai="42,44,50,56,63,65,85,91,95,109,110" m="50218" machi="63" ten="30,3900,0" yaku="19,1,52,2" doraHai="123" who="3" fromWho="1" sc="133,0,392,-39,266,0,209,39" /><INIT seed="6,0,0,2,4,40" ten="133,353,266,248" oya="2" hai0="7,70,0,122,108,53,111,115,80,71,117,1,11" hai1="118,105,106,17,26,89,12,39,35,86,72,9,125" hai2="34,97,92,51,13,38,129,4,43,131,81,66,132" hai3="45,126,82,36,65,37,103,57,8,87,19,75,47"/><V78/><F34/><W73/><G103/><T2/><D122/><U135/><E118/><V10/><F66/><W22/><G37/><T84/><D117/><U5/><E72/><V112/><F112/><W69/><G69/><T77/><D115/><U91/><E125/><V46/><F38/><W52/><G36/><T124/><D124/><U88/><E39/><V113/><F132/><W110/><G110/><T102/><D102/><U31/><E135/><V114/><F114/><W42/><G42/><T6/><D71/><U55/><E86/><V44/><F44/><W28/><G126/><T96/><D70/><U93/><E93/><V61/><F61/><N who="3" m="36007" /><G75/><T101/><D53/><U50/><REACH who="1" step="1"/><E5/><REACH who="1" ten="133,343,266,248" step="2"/><V99/><F113/><W95/><G73/><T21/><D6/><U127/><E127/><V14/><F92/><W63/><G95/><T25/><D111/><U16/><E16/><V83/><F83/><W56/><G28/><T30/><REACH who="0" step="1"/><D108/><REACH who="0" ten="123,343,266,248" step="2"/><U67/><E67/><V100/><F100/><W133/><G133/><T107/><AGARI ba="0,2" hai="0,1,2,7,11,21,25,30,77,80,84,96,101,107" machi="107" ten="20,8000,1" yaku="1,1,2,1,0,1,7,1,53,1" doraHai="40" doraHaiUra="18" who="0" fromWho="0" sc="123,100,343,-20,266,-40,248,-20" /><INIT seed="7,0,0,2,0,97" ten="223,323,226,228" oya="3" hai0="51,22,103,7,48,80,107,3,21,108,25,134,113" hai1="109,28,130,36,26,42,119,10,65,110,90,30,86" hai2="4,11,77,2,92,87,83,81,49,38,118,127,1" hai3="6,18,14,29,84,53,69,37,135,82,129,91,13"/><W58/><G69/><T41/><D108/><U95/><E119/><V64/><F38/><W89/><G135/><T75/><D134/><U56/><E28/><V54/><F118/><W133/><G133/><T117/><D117/><U72/><E72/><V115/><F115/><W71/><G71/><T19/><D113/><U111/><E130/><V120/><F120/><W112/><G129/><T123/><D123/><U132/><E132/><V46/><F127/><W31/><G37/><T55/><D41/><U106/><E106/><V45/><F64/><W39/><G39/><T70/><D70/><U17/><E17/><V68/><F68/><W52/><G112/><T66/><D66/><U47/><E10/><V98/><F83/><W60/><G89/><T116/><D116/><U61/><E109/><V62/><F62/><W74/><G74/><T34/><D34/><AGARI ba="0,0" hai="26,30,34,36,42,47,56,61,65,86,90,95,110,111" machi="34" ten="30,1000,0" yaku="7,1" doraHai="97" who="1" fromWho="0" sc="223,-10,323,10,226,0,228,0" owari="213,-29.0,333,43.0,226,-17.0,228,3.0" /></mjloggm>