<mjloggm ver="2.3"><GO type="169" lobby="0"/><UN n0="%E3%83%8A%E3%82%AD%E3%83%9E%E3%83%BC%E3%82%BC" n1="%23%37%34%E5%A4%A7%E6%B2%BB%E9%83%8E" n2="%E3%82%A8%E3%82%B9%E3%83%86%E3%83%BC" n3="%6D%6F%6D%6F%6E%69%6E" dan="16,16,17,16" rate="2143.90,2101.99,2138.12,2058.70" sx="M,M,F,M"/><TAIKYOKU oya="0"/><INIT seed="0,0,0,4,2,65" ten="250,250,250,250" oya="0" hai0="124,94,35,106,120,122,102,11,125,119,2,34,121" hai1="81,133,55,68,3,91,107,67,56,5,126,57,1" hai2="4,45,72,78,128,49,92,86,82,32,95,9,52" hai3="23,118,50,28,43,38,60,90,31,70,27,83,22"/><T20/><D106/><U58/><E107/><V123/><F123/><W109/><G109/><T40/><D40/><U87/><E126/><N who="0" m="48745" /><D94/><U76/><E133/><V127/><F127/><W24/><G118/><T131/><D102/><U47/><E76/><V19/><F32/><N who="0" m="12330" /><D119/><U104/><E104/><V41/><F128/><W88/><G38/><T26/><D131/><U79/><E79/><V64/><F64/><W48/><G83/><T112/><D112/><U73/><E73/><V80/><F19/><W66/><G43/><T0/><D11/><U93/><E81/><V12/><REACH who="2" step="1"/><F41/><REACH who="2" ten="250,250,240,250" step="2"/><W132/><REACH who="3" step="1"/><G132/><REACH who="3" ten="250,250,240,240" step="2"/><T103/><D103/><U62/><REACH who="1" step="1"/><E5/><REACH who="1" ten="250,240,240,240" step="2"/><V114/><F114/><W74/><G74/><T53/><D53/><U108/><E108/><V110/><F110/><W61/><G61/><T111/><D111/><U85/><E85/><V29/><F29/><AGARI ba="0,3" hai="0,2,20,26,29,120,121,122" m="12330,48745" machi="29" ten="40,7700,0" yaku="18,1,34,2" doraHai="65" who="0" fromWho="2" sc="250,107,240,0,240,-77,240,0" /><INIT seed="0,1,0,3,5,25" ten="357,240,163,240" oya="0" hai0="52,29,105,5,62,31,56,84,130,126,7,10,48" hai1="94,88,34,110,83,95,96,23,59,86,14,127,53" hai2="12,76,73,117,103,89,102,106,44,114,125,45,42" hai3="15,77,113,93,58,101,70,115,98,41,131,19,4"/><T135/><D105/><U69/><E69/><V30/><F114/><W6/><G70/><T85/><D126/><U57/><E34/><V13/><F125/><W51/><G131/><T32/><D130/><U27/><E127/><V33/><F117/><W49/><G77/><T18/><D135/><U119/><E119/><V111/><F111/><W128/><G128/><T80/><D32/><U50/><E110/><V120/><F120/><W37/><G37/><T123/><D123/><U11/><E59/><V78/><F89/><W43/><G43/><T82/><D18/><N who="1" m="8543" /><E96/><V118/><F33/><W63/><G115/><T121/><D121/><U99/><E99/><V81/><F118/><W97/><G97/><T87/><D62/><U2/><E2/><V66/><F66/><W79/><G79/><N who="0" m="46111" /><D87/><U72/><E72/><V54/><F73/><W134/><G134/><T61/><D61/><U122/><E122/><V129/><F129/><W38/><G38/><T124/><D124/><U108/><E108/><V8/><F106/><W26/><G113/><T104/><D104/><U21/><E21/><V22/><F22/><W35/><G35/><T40/><D40/><U92/><E83/><V109/><F42/><W24/><G41/><T65/><D65/><U39/><E39/><V116/><F109/><W90/><G63/><T71/><D71/><U20/><E20/><V55/><F116/><W100/><G51/><T74/><D74/><U133/><E133/><V132/><F132/><W46/><G49/><T112/><D112/><U60/><E60/><V47/><F81/><W1/><G1/><RYUUKYOKU ba="1,0" sc="357,-10,240,30,163,-10,240,-10" hai1="23,27,50,53,57,86,88,92,94,95" /><INIT seed="1,2,0,1,1,119" ten="347,270,153,230" oya="1" hai0="34,111,0,116,30,9,29,71,15,36,39,75,85" hai1="76,108,131,44,110,5,24,67,38,52,20,132,61" hai2="19,8,101,100,128,124,54,83,28,122,23,63,125" hai3="47,66,133,98,94,70,40,109,64,99,31,91,14"/><U60/><E5/><V62/><F128/><W86/><G109/><N who="1" m="42090" /><E131/><V16/><F28/><W121/><G121/><T4/><D75/><U127/><E132/><V95/><F83/><W25/><G133/><T59/><D71/><U58/><E76/><V13/><F122/><W79/><G70/><T11/><D111/><U107/><E107/><V130/><F130/><W103/><G14/><T114/><D114/><U35/><E35/><V69/><F69/><W26/><G26/><T32/><D116/><U27/><E127/><N who="2" m="48715" /><F54/><W72/><G72/><T92/><D32/><U55/><E61/><N who="2" m="23051" /><F95/><W57/><G57/><T115/><D115/><U1/><E1/><V68/><F68/><W12/><G12/><AGARI ba="2,0" hai="8,12,13,16,19,23,100,101" m="23051,48715" machi="12" ten="30,2000,0" yaku="18,1,54,1" doraHai="119" who="2" fromWho="3" sc="347,0,270,0,153,26,230,-26" /><INIT seed="2,0,0,3,4,127" ten="347,270,179,204" oya="2" hai0="65,59,104,134,15,40,85,66,67,16,37,119,41" hai1="95,3,112,108,68,125,30,36,96,23,100,74,133" hai2="86,70,39,91,83,8,11,2,76,49,128,109,53" hai3="72,1,129,93,111,121,9,124,79,61,120,54,132"/><V56/><F109/><W51/><G124/><T35/><D35/><U7/><E125/><V26/><F70/><W105/><G105/><T78/><D104/><U33/><E112/><V52/><F39/><W87/><G111/><T123/><D123/><U101/><E108/><V126/><F126/><W114/><G72/><T22/><D134/><U71/><E74/><V80/><F2/><W88/><G132/><T17/><D119/><U25/><E133/><V47/><F26/><W4/><G79/><T77/><D59/><U92/><E36/><V62/><REACH who="2" step="1"/><F128/><REACH who="2" ten="347,270,169,204" step="2"/><W69/><G129/><T6/><D37/><U18/><E3/><V58/><F58/><W43/><G69/><T12/><D6/><U29/><E7/><V31/><F31/><W97/><G114/><T10/><D10/><U44/><E44/><V19/><F19/><W116/><G1/><T32/><D17/><U38/><E38/><V89/><F89/><W75/><G88/><T60/><D16/><U82/><E30/><V106/><F106/><W118/><G4/><T102/><D12/><U34/><E68/><V73/><AGARI ba="0,1" hai="8,11,47,49,52,53,56,62,73,76,80,83,86,91" machi="73" ten="20,7800,0" yaku="1,1,0,1,7,1,54,1,53,0" doraHai="127" doraHaiUra="28" who="2" fromWho="2" sc="347,-26,270,-26,169,88,204,-26" /><INIT seed="2,1,0,5,5,13" ten="321,244,257,178" oya="2" hai0="59,63,8,125,12,70,103,106,108,79,81,85,49" hai1="72,80,24,53,42,55,37,31,3,25,22,95,23" hai2="102,38,130,21,91,27,39,61,121,119,69,109,89" hai3="84,30,26,44,35,135,111,18,32,2,14,97,105"/><V68/><F121/><W107/><G111/><T54/><D108/><U128/><E3/><V5/><F109/><W41/><G35/><T36/><D36/><U60/><E128/><V99/><F119/><W66/><G135/><T67/><D125/><U19/><E37/><V96/><F130/><W116/><G116/><T50/><D106/><U77/><E42/><V17/><F5/><W88/><G66/><T83/><D103/><U7/><E7/><V101/><F61/><W98/><G2/><T28/><D28/><U15/><E60/><V0/><F0/><W132/><G132/><T129/><D129/><U100/><REACH who="1" step="1"/><E25/><REACH who="1" ten="321,234,257,178" step="2"/><V113/><F27/><W92/><G41/><T4/><D70/><U57/><E57/><V71/><F68/><W104/><REACH who="3" step="1"/><G44/><REACH who="3" ten="321,234,257,168" step="2"/><T16/><D67/><U45/><E45/><V74/><F69/><W127/><G127/><T9/><D54/><U134/><E134/><V11/><F71/><W112/><G112/><T133/><D133/><U75/><E75/><V47/><F113/><W33/><G33/><T64/><D64/><U131/><E131/><V58/><F47/><W40/><G40/><T20/><D59/><U48/><E48/><V123/><F58/><W90/><G90/><T46/><D46/><U86/><E86/><V1/><F123/><W82/><G82/><T118/><D83/><U56/><E56/><V52/><F74/><W94/><G94/><T73/><D73/><U120/><E120/><V34/><F1/><W51/><G51/><N who="0" m="19467" /><D118/><U87/><E87/><V126/><F126/><W114/><G114/><T6/><D63/><RYUUKYOKU ba="1,2" sc="321,10,234,10,257,-30,168,10" hai0="4,6,8,9,12,16,20,79,81,85" hai1="15,19,22,23,24,31,53,55,72,77,80,95,100" hai3="14,18,26,30,32,84,88,92,97,98,104,105,107" /><INIT seed="3,2,2,5,4,9" ten="331,244,227,178" oya="3" hai0="114,75,60,14,37,83,131,74,107,5,35,10,105" hai1="126,39,26,51,13,68,88,94,28,71,85,30,15" hai2="98,40,41,62,38,48,109,111,106,55,82,135,118" hai3="16,96,89,44,45,52,61,86,25,21,29,129,0"/><W119/><G119/><T47/><D35/><U123/><E123/><V87/><F118/><W3/><G129/><T91/><D131/><U19/><E39/><V33/><F33/><W80/><G0/><T127/><D127/><U54/><E126/><V102/><F62/><W99/><G3/><T124/><D124/><U64/><E30/><V103/><F103/><W130/><G130/><T66/><D37/><U95/><E95/><V84/><F135/><W112/><G112/><T100/><D114/><U117/><E117/><V36/><F36/><W42/><G29/><T34/><D34/><U97/><E97/><N who="3" m="37450" /><G42/><N who="2" m="16489" /><F82/><W132/><G132/><T116/><D83/><U59/><E64/><V53/><F38/><W108/><G108/><N who="2" m="41545" /><F55/><W73/><G73/><T12/><D74/><U31/><E31/><V93/><F106/><W81/><G81/><T20/><D105/><U46/><E46/><AGARI ba="2,2" hai="46,48,53,84,87,93,98,102" m="41545,16489" machi="46" ten="30,1000,0" yaku="14,1" doraHai="9" who="2" fromWho="1" sc="331,0,244,-16,227,36,178,0" /><INIT seed="4,0,0,4,3,1" ten="331,228,263,178" oya="0" hai0="87,42,43,56,53,111,17,92,36,4,84,7,21" hai1="65,16,38,3,126,77,63,78,112,47,12,75,0" hai2="25,120,129,132,89,29,26,114,102,14,18,72,86" hai3="82,11,101,24,88,31,49,85,58,2,39,131,97"/><T130/><D130/><U68/><E126/><V134/><F72/><W83/><G131/><T76/><D111/><U19/><E112/><V103/><F129/><W71/><G71/><T60/><D36/><U113/><E113/><V27/><F29/><W44/><G39/><T128/><D128/><U96/><E96/><V115/><F120/><W50/><G58/><T64/><D64/><U40/><E19/><V118/><F115/><W67/><G67/><T99/><D43/><U34/><E34/><V73/><F73/><W107/><G83/><N who="0" m="47207" /><D87/><U133/><E133/><N who="2" m="51307" /><F118/><W127/><G127/><T121/><D42/><U33/><E33/><V98/><F98/><W93/><G107/><T125/><D121/><U35/><E35/><V105/><F105/><W37/><G37/><T62/><D62/><U46/><E46/><V108/><F108/><W6/><REACH who="3" step="1"/><G44/><REACH who="3" ten="331,228,263,168" step="2"/><T123/><D123/><U28/><E77/><V116/><F114/><W59/><G59/><T9/><D125/><U10/><REACH who="1" step="1"/><E28/><REACH who="1" ten="331,218,263,168" step="2"/><V74/><F74/><W119/><G119/><T48/><D60/><U61/><E61/><V23/><F116/><W32/><AGARI ba="0,2" hai="2,6,11,24,31,32,49,50,82,85,88,93,97,101" machi="32" ten="20,8000,1" yaku="1,1,0,1,7,1,52,1,54,1,53,0" doraHai="1" doraHaiUra="135" who="3" fromWho="3" sc="331,-40,218,-20,263,-20,168,100" /><INIT seed="5,0,0,4,1,90" ten="291,198,243,268" oya="1" hai0="11,15,104,38,80,31,111,34,83,19,56,116,49" hai1="50,16,23,26,123,54,122,53,17,27,22,8,12" hai2="77,40,107,125,128,24,58,108,14,69,55,63,96" hai3="73,10,57,110,5,46,42,52,6,72,101,18,112"/><U126/><E126/><V68/><F108/><W86/><G112/><T29/><D38/><U93/><E93/><V2/><F2/><W74/><G110/><T51/><D111/><U121/><REACH who="1" step="1"/><E50/><REACH who="1" ten="291,188,243,268" step="2"/><V13/><F125/><W41/><G72/><T0/><D51/><U81/><E81/><V98/><F107/><W45/><G73/><T132/><D49/><U88/><E88/><V115/><F115/><W89/><G89/><T75/><D83/><U105/><E105/><V20/><F98/><W21/><G74/><T92/><D92/><U71/><E71/><V48/><F96/><W117/><G117/><T127/><D80/><U84/><E84/><V28/><F69/><W32/><G86/><T60/><D104/><U114/><E114/><V130/><F68/><W109/><G109/><T134/><D75/><U35/><E35/><V70/><F70/><W9/><G32/><T78/><D34/><U94/><E94/><V131/><F77/><W61/><G101/><T133/><D78/><U120/><N who="1" m="30720" /><DORA hai="99" /><U102/><E102/><V59/><F40/><W44/><G42/><T66/><D127/><U30/><AGARI ba="0,1" hai="8,12,16,17,22,23,26,27,30,53,54" m="30720" machi="30" ten="60,11700,0" yaku="1,1,0,1,54,1,53,0" doraHai="90,99" doraHaiUra="91,33" who="1" fromWho="1" sc="291,-39,188,127,243,-39,268,-39" /><INIT seed="5,1,0,0,4,84" ten="252,315,204,229" oya="1" hai0="94,34,121,72,124,40,4,48,96,16,69,6,65" hai1="88,92,17,98,74,15,132,22,95,135,127,12,126" hai2="70,45,109,27,24,105,66,104,73,67,89,82,57" hai3="97,49,77,118,33,1,13,23,110,63,42,54,28"/><U93/><E74/><V60/><F109/><W87/><G110/><T20/><D34/><U50/><E50/><V130/><F130/><W35/><G1/><T123/><D72/><U5/><E5/><V38/><F73/><W81/><G118/><T29/><D29/><U102/><E15/><V55/><F67/><W122/><G122/><N who="0" m="46603" /><D124/><N who="1" m="47659" /><E95/><V36/><F105/><W108/><G108/><T129/><D129/><U31/><E31/><V75/><F75/><W117/><G117/><T52/><D65/><U85/><AGARI ba="1,0" hai="12,17,22,85,88,92,93,98,102,132,135" m="47659" machi="85" ten="30,6000,0" yaku="18,1,52,1,54,1" doraHai="84" who="1" fromWho="1" sc="252,-21,315,63,204,-21,229,-21" /><INIT seed="5,2,0,5,2,14" ten="231,378,183,208" oya="1" hai0="27,61,130,7,93,1,80,70,96,48,55,123,6" hai1="33,73,109,50,133,69,87,66,64,114,67,120,23" hai2="54,2,131,29,110,59,18,41,49,125,100,98,81" hai3="65,115,8,76,45,56,68,122,38,102,94,113,44"/><U103/><E73/><V83/><F110/><W53/><G76/><T28/><D130/><U43/><E109/><V25/><F131/><W39/><G102/><T24/><D123/><U72/><E72/><V32/><F125/><W129/><G8/><T118/><D118/><U107/><E120/><V10/><F41/><W101/><G101/><T97/><D1/><U36/><E36/><N who="3" m="13866" /><G94/><T37/><D37/><U13/><E33/><V71/><F71/><W60/><G129/><T58/><D80/><U104/><E69/><V19/><F2/><W108/><G108/><T30/><D70/><U124/><E124/><V9/><F9/><W47/><G122/><T11/><D61/><AGARI ba="2,0" hai="44,45,47,53,56,60,61,65,68,113,115" m="13866" machi="61" ten="40,2600,0" yaku="34,2" doraHai="14" who="3" fromWho="0" sc="231,-32,378,0,183,0,208,32" /><INIT seed="6,0,0,3,4,5" ten="199,378,183,240" oya="2" hai0="128,25,51,40,96,113,27,53,110,82,63,21,75" hai1="57,34,41,95,70,39,30,16,93,4,61,127,92" hai2="43,28,45,6,100,20,18,59,118,23,9,36,3" hai3="74,37,112,66,134,14,83,42,10,119,76,62,35"/><V22/><F118/><W56/><G35/><T67/><D110/><U99/><E70/><V111/><F111/><W131/><G119/><T123/><D123/><U8/><E127/><V32/><F100/><W85/><G131/><T114/><D128/><U29/><E34/><V72/><F59/><W12/><G134/><T81/><D40/><U58/><E39/><V80/><F32/><W94/><G37/><T69/><D96/><U0/><E41/><V102/><F102/><W132/><G132/><T64/><D64/><U48/><E48/><V13/><REACH who="2" step="1"/><F28/><REACH who="2" ten="199,378,173,240" step="2"/><W38/><G56/><T129/><D129/><U109/><E109/><V90/><F90/><W98/><G112/><T130/><D130/><U50/><E58/><V87/><F87/><W11/><G85/><T126/><D113/><U104/><E30/><V116/><F116/><W122/><G122/><T135/><D114/><U17/><E29/><V65/><F65/><W88/><G66/><T107/><D67/><U26/><E104/><V77/><AGARI ba="0,1" hai="3,6,9,13,18,20,22,23,36,43,45,72,77,80" machi="77" ten="30,12000,1" yaku="1,1,0,1,25,2,52,1,53,0" doraHai="5" doraHaiUra="44" who="2" fromWho="2" sc="199,-40,378,-40,173,130,240,-40" /><INIT seed="6,1,0,0,2,54" ten="159,338,303,200" oya="2" hai0="45,9,50,125,89,130,62,20,104,34,133,59,93" hai1="103,109,87,135,105,73,23,17,3,78,28,84,42" hai2="86,32,102,75,26,38,126,7,25,85,33,27,101" hai3="66,95,64,4,114,53,118,29,72,2,15,81,108"/><V0/><F75/><W94/><G108/><T67/><D34/><U76/><E109/><V79/><F38/><W68/><G118/><T83/><D104/><U124/><E3/><V18/><F126/><W60/><G66/><T30/><D125/><U98/><E124/><V65/><F18/><W122/><G122/><T24/><D133/><U121/><E121/><V117/><F117/><W55/><G2/><T128/><D9/><U10/><E135/><V16/><F65/><W99/><G29/><T71/><D71/><U14/><E42/><V119/><F119/><W6/><G6/><T37/><D37/><U36/><E36/><V116/><F116/><W111/><G111/><T112/><D83/><U48/><E48/><V40/><F40/><W43/><G43/><T120/><D120/><U70/><E70/><V74/><F16/><W134/><G134/><T56/><D112/><U123/><E123/><V8/><F74/><W46/><G46/><T58/><D130/><U115/><E115/><V127/><F127/><W19/><G4/><T11/><D11/><U92/><E73/><V100/><F79/><N who="1" m="30249" /><E105/><V57/><REACH who="2" step="1"/><F57/><REACH who="2" ten="159,338,293,200" step="2"/><N who="3" m="36879" /><G19/><T35/><D128/><U113/><E113/><V61/><F61/><W91/><G114/><T41/><D35/><AGARI ba="1,1" hai="0,7,8,25,26,27,32,33,35,85,86,100,101,102" machi="35" ten="50,2400,0" yaku="1,1,53,0" doraHai="54" doraHaiUra="44" who="2" fromWho="0" sc="159,-27,338,0,293,37,200,0" /><INIT seed="6,2,0,4,0,81" ten="132,338,330,200" oya="2" hai0="135,111,28,91,7,84,126,72,60,115,62,58,9" hai1="85,104,108,8,87,116,76,102,107,45,25,106,38" hai2="103,97,36,29,124,30,123,59,41,89,74,90,61" hai3="117,100,18,47,1,86,17,53,65,48,69,24,64"/><V27/><F123/><W39/><G117/><T56/><D111/><U52/><E116/><V94/><F74/><W77/><G1/><T118/><D72/><U128/><E108/><V78/><F78/><W43/><G100/><T3/><D118/><U33/><E128/><V79/><F79/><W93/><G24/><T26/><D115/><U14/><E102/><V73/><F73/><W131/><G131/><T42/><D126/><U120/><E120/><V105/><F124/><W12/><G69/><T34/><D135/><U46/><E76/><V22/><F30/><W50/><G39/><T13/><D42/><U122/><E122/><V20/><F20/><N who="3" m="11303" /><G18/><T21/><D58/><U71/><E71/><V132/><F132/><W134/><G134/><T92/><REACH who="0" step="1"/><D56/><REACH who="0" ten="122,338,330,200" step="2"/><U98/><E38/><V67/><F105/><W114/><G114/><T15/><D15/><U35/><E107/><V125/><F125/><W54/><G43/><T6/><D6/><U11/><E14/><V63/><F63/><W37/><G37/><T68/><D68/><U129/><E129/><V23/><F41/><W40/><G40/><T0/><D0/><U101/><E106/><V31/><F36/><W82/><G93/><T83/><D83/><U10/><E104/><V19/><F31/><W57/><AGARI ba="2,1" hai="47,48,50,53,54,57,64,65,77,82,86" m="11303" machi="57" ten="30,2000,0" yaku="8,1,52,1" doraHai="81" who="3" fromWho="3" sc="122,-7,338,-7,330,-12,200,36" /><INIT seed="7,0,0,5,3,98" ten="115,331,318,236" oya="3" hai0="116,42,94,4,89,110,124,99,92,74,127,96,51" hai1="17,101,63,133,38,104,19,41,11,12,119,3,54" hai2="39,59,90,113,29,45,109,57,126,129,86,111,131" hai3="43,1,48,105,5,108,61,60,130,49,82,50,134"/><W56/><G105/><T23/><D4/><U0/><E133/><V106/><F29/><W25/><G1/><T72/><D23/><U120/><E120/><V125/><F106/><W21/><G5/><T70/><D70/><U14/><E119/><V102/><F102/><W2/><G2/><T71/><D71/><U36/><E104/><V135/><F113/><W35/><G35/><T16/><D51/><N who="3" m="19529" /><G134/><T46/><D46/><U58/><E101/><V55/><F135/><W27/><G130/><N who="2" m="49673" /><F45/><N who="3" m="25919" /><G108/><N who="2" m="41545" /><F39/><W123/><G123/><T24/><D42/><U6/><E6/><V62/><F59/><W15/><G82/><T97/><D110/><U18/><E38/><V9/><F9/><W34/><G34/><T132/><D132/><U103/><E103/><V31/><F31/><W121/><G121/><T10/><D24/><U83/><E83/><AGARI ba="0,0" hai="55,57,62,83,86,90,125,126" m="41545,49673" machi="83" ten="30,1000,0" yaku="19,1" doraHai="98" who="2" fromWho="1" sc="115,0,331,-10,318,10,236,0" owari="115,-38.0,321,12.0,328,42.0,236,-16.0" /></mjloggm>