<mjloggm ver="2.3"><GO type="169" lobby="0"/><UN n0="%E3%81%84%E3%81%97%E3%81%97%E3%82%93%49%44%E7%B4%9B%E5%A4%B1" n1="%E3%81%8D%E3%81%A3%E3%81%8F%E3%82%93" n2="%49%63%68%69%67%65%6B%69" n3="%23%37%34%E5%A4%A7%E6%B2%BB%E9%83%8E" dan="17,17,18,16" rate="2145.53,2218.72,2261.25,2129.55" sx="M,M,M,M"/><TAIKYOKU oya="0"/><INIT seed="0,0,0,3,3,96" ten="250,250,250,250" oya="0" hai0="7,33,132,4,18,83,3,59,25,117,47,28,24" hai1="93,81,10,45,21,115,109,17,54,69,80,50,116" hai2="64,122,66,99,94,126,105,88,87,2,124,106,103" hai3="129,1,114,5,84,56,41,74,62,57,15,40,49"/><T128/><D117/><U55/><E69/><V70/><F122/><W39/><G74/><T68/><D68/><U65/><E65/><N who="2" m="25195" /><F70/><W119/><G1/><T12/><D132/><U75/><E116/><V26/><F2/><W79/><G119/><T98/><D128/><U82/><E115/><V29/><F26/><W86/><G114/><T76/><D25/><U130/><E130/><V125/><F29/><W118/><G118/><T78/><D59/><U77/><E10/><V61/><F61/><W34/><G34/><T51/><D98/><U102/><E109/><V131/><F131/><W73/><G129/><T31/><D31/><U101/><E93/><AGARI ba="0,0" hai="87,88,93,94,99,103,105,106,124,125,126" m="25195" machi="93" ten="30,3900,0" yaku="18,1,52,1,54,1" doraHai="96" who="2" fromWho="1" sc="250,0,250,-39,250,39,250,0" /><INIT seed="1,0,0,1,4,30" ten="250,211,289,250" oya="1" hai0="0,113,29,38,102,56,84,65,55,123,86,67,21" hai1="31,93,53,101,50,32,77,15,33,52,64,27,115" hai2="61,39,14,127,78,20,132,129,34,90,47,74,80" hai3="111,100,8,48,128,26,98,18,88,1,118,103,117"/><U81/><E115/><V66/><F127/><W3/><G111/><T71/><D113/><U7/><E64/><V43/><F129/><W59/><G128/><T68/><D38/><U6/><E53/><V12/><F132/><W120/><G120/><T4/><D102/><U83/><E83/><V121/><F121/><W69/><G69/><T96/><D96/><U125/><E125/><V104/><F104/><W70/><G70/><T85/><D123/><U28/><E15/><V49/><F34/><W134/><G134/><T57/><D0/><U62/><E62/><V19/><F90/><W73/><G73/><T22/><D4/><U5/><E93/><V116/><F116/><N who="3" m="44651" /><G59/><T40/><D40/><U63/><E63/><V9/><F39/><W25/><G48/><T95/><D86/><U99/><E99/><V135/><F135/><W122/><G122/><T124/><D95/><U105/><E105/><V79/><F79/><W89/><G8/><T16/><D55/><U108/><E101/><N who="3" m="38986" /><G98/><T106/><D124/><U17/><E108/><V130/><F130/><W72/><G72/><T91/><D106/><U10/><E17/><V126/><F126/><W97/><G97/><T24/><D71/><U109/><E109/><V2/><F61/><W75/><G75/><T131/><D68/><U35/><E10/><V45/><F66/><N who="0" m="25098" /><D131/><U36/><E36/><V46/><F2/><N who="3" m="523" /><G18/><AGARI ba="0,0" hai="9,12,14,18,19,20,43,45,46,47,49,74,78,80" machi="18" ten="30,1000,0" yaku="7,1" doraHai="30" who="2" fromWho="3" sc="250,0,211,0,289,10,250,-10" /><INIT seed="2,0,0,0,3,96" ten="250,211,299,240" oya="2" hai0="11,114,1,88,113,39,38,124,63,131,127,109,108" hai1="72,28,51,74,66,70,16,44,7,60,92,25,22" hai2="31,87,68,5,97,57,18,17,130,116,76,119,30" hai3="34,73,128,4,77,100,69,86,0,115,89,47,41"/><V46/><F68/><W82/><G69/><T61/><D88/><U132/><E132/><V27/><F130/><W15/><G128/><T40/><D11/><U106/><E106/><V81/><F5/><W8/><G34/><T58/><D1/><U103/><E7/><V91/><F116/><W85/><G115/><N who="0" m="44043" /><D131/><U94/><E28/><V112/><F119/><W84/><G15/><T110/><D63/><U6/><E6/><V126/><F126/><N who="0" m="48170" /><D40/><U104/><E104/><V19/><F112/><W117/><G117/><T75/><D75/><U50/><E94/><N who="2" m="56543" /><F27/><W52/><G52/><AGARI ba="0,0" hai="38,39,52,58,61,108,109,110" m="48170,44043" machi="52" ten="40,8000,1" yaku="14,1,18,1,34,2,54,1" doraHai="96" who="0" fromWho="3" sc="250,80,211,0,299,0,240,-80" /><INIT seed="3,0,0,2,1,132" ten="330,211,299,160" oya="3" hai0="115,51,116,43,95,18,94,44,3,108,120,38,32" hai1="10,35,21,123,13,62,102,56,24,50,71,80,107" hai2="91,34,128,75,126,110,69,127,88,67,36,37,12" hai3="30,134,74,73,14,0,101,15,90,85,8,112,133"/><W46/><G112/><T5/><D116/><U130/><E35/><V2/><F34/><W119/><G119/><T77/><D120/><U70/><E130/><V82/><F2/><W19/><G101/><T65/><D32/><U54/><E123/><V17/><F128/><W104/><G104/><T72/><D65/><U93/><E107/><V109/><F67/><W4/><G30/><T58/><D115/><U99/><E80/><V87/><F69/><W78/><G46/><T11/><D108/><N who="2" m="41578" /><F75/><W96/><G96/><T111/><D111/><U114/><E50/><V47/><F91/><W61/><G61/><T49/><D18/><U22/><E114/><V29/><F29/><W83/><G0/><T57/><D51/><U86/><E86/><V84/><F84/><W52/><G52/><N who="0" m="31887" /><D58/><U121/><E121/><V66/><F66/><W7/><G7/><T92/><D92/><U28/><E22/><N who="2" m="11559" /><F47/><W23/><REACH who="3" step="1"/><G78/><REACH who="3" ten="330,211,299,150" step="2"/><T1/><D1/><U33/><E33/><V20/><F37/><W25/><G25/><T48/><D48/><U100/><E102/><V39/><F36/><W103/><G103/><T89/><D89/><U63/><E62/><V59/><F39/><W26/><G26/><T129/><D129/><U64/><E64/><V122/><F122/><W105/><G105/><T76/><D76/><U131/><E131/><V41/><F59/><W124/><G124/><T97/><D97/><U9/><E9/><V40/><F40/><W118/><G118/><T6/><D6/><AGARI ba="0,1" hai="6,10,13,21,24,28,54,56,63,70,71,93,99,100" machi="6" ten="30,1000,0" yaku="7,1" doraHai="132" who="1" fromWho="0" sc="330,-10,211,20,299,0,150,0" /><INIT seed="4,0,0,4,3,10" ten="320,231,299,150" oya="0" hai0="16,53,107,127,74,73,57,40,0,122,77,39,4" hai1="90,8,60,28,33,110,22,35,29,75,34,55,25" hai2="41,105,123,66,111,31,51,97,36,121,117,134,113" hai3="11,83,118,44,7,80,64,109,61,12,99,93,5"/><T27/><D122/><U43/><E43/><V46/><F111/><W38/><G118/><T13/><D107/><U59/><E75/><V131/><F117/><W47/><G109/><T68/><D68/><U128/><E128/><V26/><F131/><W42/><G47/><T84/><D0/><U129/><E129/><V120/><F113/><W18/><G7/><T48/><D4/><U63/><E110/><V72/><F72/><W2/><G2/><T52/><D127/><U98/><E8/><V62/><F51/><W115/><G115/><T106/><D106/><U14/><E63/><V54/><F54/><W50/><G38/><T21/><D53/><U88/><E29/><V92/><F134/><W58/><REACH who="3" step="1"/><G5/><REACH who="3" ten="320,231,299,140" step="2"/><T15/><D74/><U6/><E6/><V9/><F120/><W96/><G96/><T114/><D73/><U130/><E98/><V135/><F36/><W112/><G112/><T24/><D114/><U56/><E130/><V19/><F46/><W3/><G3/><T103/><D39/><U100/><E100/><AGARI ba="0,1" hai="11,12,18,42,44,50,58,61,64,80,83,93,99,100" machi="100" ten="30,7700,0" yaku="1,1,7,1,8,1,52,1,53,0" doraHai="10" doraHaiUra="49" who="3" fromWho="1" sc="320,0,231,-77,299,0,140,87" /><INIT seed="5,0,0,1,2,67" ten="320,154,299,227" oya="1" hai0="7,22,29,135,2,120,27,46,128,43,3,19,8" hai1="54,11,93,12,30,85,96,82,127,109,6,26,56" hai2="17,33,38,91,104,111,132,13,61,117,95,102,106" hai3="20,50,81,9,122,15,129,71,60,94,134,76,116"/><U14/><E109/><V101/><F111/><W52/><G122/><T90/><D120/><U10/><E127/><V107/><F117/><W105/><G105/><T18/><D3/><U103/><E30/><V5/><F38/><W59/><G116/><T77/><D128/><U88/><E26/><V110/><F110/><W97/><G129/><T113/><D113/><U72/><E72/><V49/><F33/><W0/><G0/><T51/><D135/><U115/><E115/><V48/><F61/><W80/><G20/><T84/><D77/><U37/><E37/><V31/><F5/><W41/><G134/><T36/><D36/><U35/><E35/><V70/><F70/><W98/><G98/><T40/><D40/><U21/><E21/><V45/><F31/><W99/><G99/><T125/><D125/><U25/><E25/><V114/><F114/><W34/><G34/><T130/><D130/><U79/><E11/><V64/><F64/><W119/><G119/><T63/><D63/><N who="1" m="36247" /><E14/><V55/><F49/><W1/><G1/><T73/><D73/><U58/><E58/><V89/><F132/><W126/><G126/><T131/><D131/><U78/><AGARI ba="0,0" hai="6,10,12,78,79,82,85,88,93,96,103" m="36247" machi="78" ten="30,3000,0" yaku="8,1,54,1" doraHai="67" who="1" fromWho="1" sc="320,-10,154,30,299,-10,227,-10" /><INIT seed="5,1,0,0,1,97" ten="310,184,289,217" oya="1" hai0="72,118,47,25,129,49,121,133,67,125,102,104,42" hai1="5,95,8,12,134,126,132,0,7,88,83,73,11" hai2="84,128,75,36,78,115,35,40,86,55,100,18,127" hai3="107,54,21,43,99,45,69,46,79,106,9,30,41"/><U48/><E126/><V10/><F35/><W3/><G69/><T58/><D72/><U90/><E48/><V39/><F55/><W66/><G66/><T29/><D118/><U92/><E73/><V89/><F75/><W16/><G30/><T57/><D104/><U112/><E112/><V93/><F127/><W117/><G117/><T111/><D125/><U23/><E23/><V14/><F115/><W94/><G79/><T91/><D102/><U24/><E24/><V60/><F60/><W1/><G54/><T26/><D26/><U123/><E123/><V33/><F33/><W82/><G82/><T130/><D25/><U62/><E62/><V114/><F128/><W74/><G74/><T61/><D49/><U28/><E28/><V51/><F100/><W37/><G9/><T52/><D61/><U96/><REACH who="1" step="1"/><E83/><REACH who="1" ten="310,174,289,217" step="2"/><N who="2" m="47223" /><F114/><W109/><G21/><T2/><D29/><U22/><E22/><V124/><F39/><W50/><G50/><T76/><D129/><U53/><E53/><V34/><F36/><W32/><G32/><T87/><D130/><U19/><E19/><V119/><F34/><W122/><G37/><T110/><D52/><U4/><E4/><V108/><F124/><W105/><G16/><T27/><D121/><U31/><E31/><V85/><F119/><W64/><G122/><T103/><D27/><U44/><E44/><V17/><F18/><W120/><G120/><T71/><D47/><U13/><E13/><V63/><F63/><W116/><G116/><T70/><D67/><U56/><E56/><V38/><F38/><W68/><G64/><RYUUKYOKU ba="1,1" sc="310,-10,174,30,289,-10,217,-10" hai1="0,5,7,8,11,12,88,90,92,95,96,132,134" /><INIT seed="5,2,1,2,2,84" ten="300,204,279,207" oya="1" hai0="78,115,128,113,29,37,74,56,49,96,97,102,106" hai1="22,122,92,33,13,105,129,23,114,8,0,64,45" hai2="99,3,134,89,101,57,107,28,27,60,55,75,125" hai3="123,71,21,36,43,82,126,18,40,131,69,120,48"/><U46/><E105/><V14/><F3/><W112/><G36/><T132/><D37/><U124/><E0/><V4/><F125/><W95/><G126/><T16/><D29/><U5/><E33/><V30/><F75/><W91/><G82/><N who="0" m="45399" /><D49/><U135/><E124/><V7/><F134/><W85/><G131/><T61/><D128/><U12/><E114/><N who="0" m="43529" /><D16/><N who="1" m="10511" /><E122/><V119/><F119/><W53/><G112/><T118/><D97/><U76/><E129/><V133/><F133/><W81/><G123/><T63/><D132/><U108/><E108/><V20/><F30/><W94/><G120/><T87/><D118/><U50/><E135/><V39/><F39/><W104/><G69/><T103/><D103/><U77/><E23/><V9/><F7/><W127/><G71/><T42/><D42/><N who="3" m="15913" /><G104/><T31/><D31/><U111/><E111/><V116/><F116/><W62/><G127/><T1/><D1/><U17/><E5/><V35/><F35/><W54/><G62/><T10/><D10/><U88/><E64/><V83/><F83/><W109/><G109/><T24/><D24/><U100/><E100/><V15/><F101/><W19/><G19/><T68/><D68/><U11/><E11/><V32/><F107/><W70/><G70/><T121/><D121/><U130/><E130/><V73/><F32/><W47/><G53/><N who="0" m="33935" /><D63/><U6/><E6/><V67/><F67/><W41/><N who="3" m="15921" /><W110/><DORA hai="66" /><G110/><T51/><D51/><U58/><E50/><V117/><F117/><W65/><G65/><T25/><D25/><AGARI ba="2,1" hai="18,21,25,47,48,54,81,85,91,94,95" m="15921" machi="25" ten="30,2000,0" yaku="8,1,52,1" doraHai="84,66" who="3" fromWho="0" sc="300,-26,204,0,279,0,207,36" /><INIT seed="6,0,0,3,4,43" ten="274,204,279,243" oya="2" hai0="55,59,41,58,123,30,48,34,24,22,93,135,81" hai1="19,99,75,18,79,70,104,63,23,16,122,61,7" hai2="112,60,29,56,57,27,85,6,96,45,53,103,114" hai3="13,120,10,1,66,130,44,50,118,11,64,20,52"/><V54/><F6/><W76/><G120/><T95/><D123/><U38/><E38/><V51/><F85/><W91/><G118/><T94/><D135/><U87/><E75/><V32/><REACH who="2" step="1"/><F57/><REACH who="2" ten="274,204,269,243" step="2"/><W133/><G133/><T117/><D117/><U126/><E7/><V97/><F97/><W65/><G1/><T71/><D71/><U124/><E70/><V113/><F113/><W132/><G132/><T111/><D111/><U131/><E122/><V121/><F121/><W46/><G76/><T106/><D59/><U108/><E87/><V89/><F89/><W72/><G72/><T115/><D115/><U37/><E79/><V28/><F28/><W49/><G91/><T127/><D58/><U116/><E99/><V12/><F12/><W69/><G69/><T21/><D30/><U39/><E116/><V42/><F42/><N who="3" m="24791" /><G130/><T2/><D41/><U90/><E131/><V33/><F33/><W88/><G88/><T8/><D34/><U36/><E90/><V83/><F83/><W84/><G84/><T86/><D81/><U15/><E108/><V68/><F68/><W73/><G73/><T4/><D86/><U31/><E31/><V98/><F98/><W40/><G40/><T129/><D129/><U128/><E128/><V0/><F0/><W134/><G134/><T9/><D2/><U125/><E104/><AGARI ba="0,1" hai="27,29,32,45,51,53,54,56,60,96,103,104,112,114" machi="104" ten="40,7700,0" yaku="1,1,52,1,53,1" doraHai="43" doraHaiUra="92" who="2" fromWho="1" sc="274,0,204,-77,269,87,243,0" /><INIT seed="6,1,0,0,4,97" ten="274,127,356,243" oya="2" hai0="126,81,61,109,96,21,41,24,42,26,70,95,100" hai1="9,87,134,82,22,53,106,103,133,55,67,56,83" hai2="120,135,89,28,17,2,11,31,131,93,39,121,49" hai3="112,27,108,65,92,16,90,105,18,94,8,130,1"/><V123/><F39/><W46/><G108/><T30/><D109/><U19/><E9/><V45/><F131/><W77/><G130/><T51/><D126/><U10/><E10/><V36/><F36/><W73/><G105/><T5/><D5/><U102/><E106/><V35/><F35/><W25/><G65/><T12/><D12/><U104/><E104/><V20/><F135/><N who="1" m="51721" /><E67/><V107/><F107/><W111/><G111/><T64/><D81/><N who="1" m="30731" /><E87/><V98/><F2/><W48/><G1/><T69/><D69/><U71/><E71/><V6/><F6/><W44/><G8/><T124/><D124/><U54/><E56/><V79/><F79/><W34/><G34/><T7/><D7/><U32/><E32/><V63/><F11/><W114/><G77/><T57/><D70/><U58/><E58/><V91/><F120/><W43/><G43/><T122/><D122/><U110/><E110/><V119/><F123/><W66/><G66/><T84/><D42/><U118/><E118/><V78/><F78/><W4/><G4/><T116/><D116/><U47/><E47/><V115/><F119/><W76/><G76/><T0/><D0/><U59/><E59/><V99/><F45/><W29/><G46/><N who="0" m="26063" /><D84/><U60/><E60/><V23/><F63/><W72/><G44/><T62/><D62/><U80/><N who="1" m="30739" /><U38/><DORA hai="129" /><E38/><V13/><F121/><W3/><G3/><T127/><D127/><U50/><E50/><V113/><F49/><W86/><G86/><T85/><D85/><U128/><E128/><V15/><F93/><W117/><G117/><RYUUKYOKU ba="1,0" sc="274,10,127,10,356,10,243,-30" hai0="21,24,26,30,57,61,64,95,96,100" hai1="19,22,53,54,55,102,103" hai2="13,15,17,20,23,28,31,89,91,98,99,113,115" /><INIT seed="6,2,0,4,3,113" ten="284,137,366,213" oya="2" hai0="68,40,98,59,8,56,9,106,86,5,42,30,0" hai1="28,71,57,111,83,82,95,65,24,127,123,1,74" hai2="26,131,121,101,7,130,79,3,34,33,51,90,47" hai3="58,50,22,32,120,35,73,43,12,53,61,88,10"/><V107/><F121/><W105/><G120/><T117/><D68/><U36/><E71/><V132/><F132/><W81/><G105/><T126/><D30/><U92/><E1/><V2/><F79/><W116/><G22/><T44/><D126/><U19/><E111/><V41/><F90/><W55/><G116/><T18/><D42/><U67/><E127/><V54/><F54/><W15/><G43/><T119/><D86/><U20/><E123/><V96/><F7/><W4/><G15/><N who="0" m="7527" /><D106/><U134/><E36/><V84/><F84/><W63/><G63/><T46/><D98/><U49/><E134/><V38/><F51/><W29/><G29/><T133/><D133/><U110/><E110/><V69/><F69/><W6/><G6/><T21/><D21/><U135/><E135/><V17/><F17/><W103/><G103/><T80/><D80/><U31/><E74/><V77/><F77/><W60/><G60/><T97/><D97/><U64/><E49/><V14/><F14/><W23/><G23/><T108/><D108/><U75/><E75/><V39/><F39/><W27/><G27/><T62/><D40/><U114/><E57/><N who="0" m="22089" /><D62/><U100/><E114/><V85/><F85/><N who="3" m="50223" /><G73/><T78/><D78/><U87/><E100/><V124/><F124/><W76/><G76/><T104/><D104/><U109/><E109/><V102/><F102/><W25/><G25/><T99/><D99/><U52/><E52/><V48/><F38/><W37/><G37/><T128/><D128/><N who="2" m="49194" /><F26/><W129/><G129/><T16/><D16/><U122/><E122/><V94/><F107/><RYUUKYOKU ba="2,0" sc="284,10,137,-30,366,10,213,10" hai0="0,5,9,44,46,117,119" hai2="2,3,33,34,41,47,48,94,96,101" hai3="4,10,12,32,35,50,53,55,58,61" /><INIT seed="6,3,0,2,0,22" ten="294,107,376,223" oya="2" hai0="70,28,116,102,44,66,65,69,12,34,43,1,105" hai1="111,98,6,23,27,134,3,106,60,49,0,51,112" hai2="100,58,107,53,95,19,59,21,5,131,133,46,61" hai3="81,135,73,39,17,101,10,14,124,2,30,76,93"/><V97/><F131/><W132/><G39/><T109/><D109/><U20/><E111/><V78/><F133/><N who="3" m="51275" /><G124/><T80/><D1/><U56/><E112/><V11/><F78/><W68/><G68/><T127/><D66/><U55/><E134/><V29/><F29/><W122/><G122/><T96/><D70/><U8/><E0/><V47/><F107/><W108/><G108/><T13/><D80/><U4/><E4/><V32/><F32/><W92/><G2/><T71/><D71/><U16/><REACH who="1" step="1"/><E23/><REACH who="1" ten="294,97,376,223" step="2"/><V18/><F5/><W99/><G30/><T126/><D126/><U37/><E37/><V104/><F11/><W77/><G77/><T25/><D127/><U38/><E38/><V128/><F19/><W35/><G35/><T42/><D34/><U41/><E41/><V90/><F128/><W67/><G67/><T15/><D43/><U89/><E89/><V117/><F90/><W115/><G115/><T121/><D42/><U36/><E36/><V110/><F110/><W63/><G17/><T123/><D65/><U130/><E130/><V103/><F18/><W125/><G125/><T114/><D114/><U118/><E118/><V50/><F21/><W94/><G10/><T9/><D116/><U62/><E62/><V79/><F117/><W82/><G63/><T119/><D119/><U52/><E52/><N who="2" m="32023" /><F79/><N who="3" m="44271" /><G14/><T48/><D13/><U113/><E113/><V88/><F88/><W91/><G91/><T84/><D15/><U74/><E74/><AGARI ba="3,1" hai="74,76,82,92,93,94,99,101" m="44271,51275" machi="74" ten="30,3900,0" yaku="20,1,34,2" doraHai="22" who="3" fromWho="1" sc="294,0,97,-48,376,0,223,58" /><INIT seed="7,0,0,5,3,76" ten="294,49,376,281" oya="3" hai0="86,46,16,13,56,128,132,114,22,1,59,87,62" hai1="115,102,33,129,65,20,111,54,93,43,10,117,84" hai2="118,110,74,63,4,15,81,127,91,135,106,32,109" hai3="44,28,101,134,8,25,40,89,69,60,88,92,66"/><W72/><G134/><T17/><D1/><U121/><E10/><V100/><F32/><W12/><G72/><T7/><D132/><U130/><E43/><V14/><F118/><W125/><G125/><T2/><D2/><U42/><E42/><V107/><F135/><W70/><G70/><T95/><D128/><U50/><E65/><V41/><F109/><W26/><G101/><T105/><D105/><U24/><E102/><V64/><F110/><W131/><G131/><T94/><D7/><U9/><E9/><V31/><F31/><W73/><G73/><T52/><D114/><U35/><E93/><N who="0" m="35337" /><D46/><U45/><E84/><V49/><F74/><W55/><G55/><N who="0" m="34079" /><D17/><U126/><E54/><V3/><F4/><W19/><G28/><T77/><D77/><U58/><E58/><V48/><F3/><W36/><REACH who="3" step="1"/><G89/><REACH who="3" ten="294,49,376,271" step="2"/><T30/><D30/><U97/><E97/><AGARI ba="0,1" hai="8,12,19,25,26,36,40,44,60,66,69,88,92,97" machi="97" ten="30,11600,0" yaku="1,1,2,1,7,1,54,1,53,0" doraHai="76" doraHaiUra="0" who="3" fromWho="1" sc="294,0,49,-116,376,0,271,126" owari="294,-11.0,-67,-57.0,376,18.0,397,50.0" /></mjloggm>