<mjloggm ver="2.3"><GO type="169" lobby="0"/><UN n0="%E2%98%85%4C%55%43%4B" n1="%E7%81%B0%E5%8E%9F%E5%93%80" n2="%E3%81%B5%E3%81%98%E3%81%8A" n3="%E3%83%A1%E3%82%AB%E3%82%BC%E3%83%83%E3%83%88%E3%83%B3" dan="16,16,16,16" rate="2085.25,2074.98,2101.39,2125.27" sx="M,F,M,M"/><TAIKYOKU oya="0"/><INIT seed="0,0,0,4,2,128" ten="250,250,250,250" oya="0" hai0="4,40,71,102,38,16,81,100,69,88,89,15,59" hai1="64,126,48,78,129,70,24,110,125,92,112,134,91" hai2="117,19,1,26,111,44,9,132,62,99,17,42,106" hai3="30,67,39,46,114,11,84,73,93,49,76,123,13"/><T57/><D4/><U32/><E112/><V37/><F117/><W116/><G114/><T115/><D115/><U83/><E129/><V82/><F111/><W79/><G73/><T97/><D38/><U118/><E118/><V101/><F26/><W107/><G107/><T131/><D40/><U41/><E110/><V96/><F96/><W8/><G39/><T3/><D3/><U72/><E64/><V51/><F62/><W53/><G11/><T68/><D131/><U0/><E0/><V45/><F82/><W98/><G123/><T74/><D74/><U25/><E70/><V104/><F104/><W94/><G30/><T18/><D81/><U77/><E77/><V130/><F130/><W80/><G67/><T56/><D15/><U14/><E14/><V35/><F35/><W47/><G116/><T10/><D10/><U58/><E32/><V22/><F22/><W34/><G34/><T6/><D6/><U61/><E41/><V103/><F103/><N who="0" m="39466" /><D97/><U124/><E48/><V54/><F1/><W95/><G79/><T60/><D60/><U43/><E43/><V63/><F63/><W127/><G127/><T20/><D20/><U7/><E7/><V50/><F37/><W2/><G2/><T85/><D85/><N who="1" m="52335" /><E25/><V5/><F5/><N who="3" m="3215" /><G98/><T23/><D23/><U109/><E109/><V133/><REACH who="2" step="1"/><F9/><REACH who="2" ten="250,250,240,250" step="2"/><W87/><G87/><T21/><D21/><U75/><E24/><V52/><F52/><W121/><G121/><T90/><AGARI ba="0,1" hai="16,18,56,57,59,68,69,71,88,89,90" m="39466" machi="90" ten="40,18000,2" yaku="29,2,28,2,54,2" doraHai="128" who="0" fromWho="0" sc="250,190,250,-60,240,-60,250,-60" /><INIT seed="0,1,0,0,3,123" ten="440,190,180,190" oya="0" hai0="8,29,9,25,11,42,58,129,54,24,26,96,37" hai1="56,76,46,0,111,73,102,87,32,39,63,15,55" hai2="2,38,67,92,21,27,36,86,72,119,94,90,66" hai3="45,80,117,103,33,64,47,71,51,68,91,109,99"/><T132/><D37/><U125/><E0/><V1/><F72/><W120/><G33/><T84/><D42/><U95/><E73/><V17/><F119/><W7/><G117/><T4/><D96/><U48/><E39/><V124/><F124/><W130/><G120/><T127/><D84/><U112/><E32/><V34/><F36/><W88/><G130/><T12/><D132/><U97/><E112/><V101/><F38/><W44/><G7/><T49/><D127/><U19/><E125/><V65/><REACH who="2" step="1"/><F34/><REACH who="2" ten="440,190,170,190" step="2"/><W89/><G80/><T135/><D135/><U14/><E111/><V115/><F115/><W75/><G109/><T116/><D116/><U50/><E50/><V16/><F16/><W122/><G75/><T82/><D129/><U23/><E19/><V121/><F121/><W31/><G122/><T77/><D29/><U30/><E30/><V70/><F70/><W22/><G71/><T60/><D49/><U113/><E113/><V100/><F100/><W6/><G51/><T5/><D5/><U41/><E15/><V107/><F107/><W131/><G6/><T85/><AGARI ba="1,1" hai="4,8,9,11,12,24,25,26,54,58,60,77,82,85" machi="85" ten="30,3000,0" yaku="0,1,8,1" doraHai="123" who="0" fromWho="0" sc="440,43,190,-11,170,-11,190,-11" /><INIT seed="0,2,0,1,4,110" ten="483,179,159,179" oya="0" hai0="61,1,20,135,83,32,127,13,17,40,131,86,33" hai1="104,76,112,130,92,49,101,9,96,39,52,123,44" hai2="46,120,75,48,108,134,18,85,59,4,42,125,25" hai3="14,119,29,19,133,68,38,37,54,71,45,55,23"/><T65/><D1/><U69/><E69/><V6/><F75/><W21/><G119/><T43/><D127/><U60/><E123/><V15/><F120/><W63/><G133/><T5/><D135/><U98/><E130/><V77/><F134/><W117/><G117/><T118/><D131/><U116/><E116/><V105/><F105/><W73/><G73/><T82/><D82/><U2/><E76/><V51/><F125/><W30/><G45/><T34/><D5/><U22/><E60/><V121/><F108/><W67/><G14/><T0/><D0/><U62/><E62/><V36/><F25/><W11/><G63/><T74/><D74/><U24/><E39/><V56/><F36/><W97/><G97/><T128/><D128/><U115/><E9/><N who="2" m="6511" /><F121/><W79/><G11/><T84/><D34/><U102/><REACH who="1" step="1"/><E2/><REACH who="1" ten="483,169,159,179" step="2"/><V114/><F77/><W41/><G79/><N who="0" m="46207" /><D118/><U126/><E126/><V88/><F51/><W26/><G68/><T28/><D61/><U94/><E94/><V129/><F129/><W90/><G71/><T64/><D64/><U109/><E109/><V100/><F48/><W99/><G67/><T107/><D65/><U111/><E111/><V91/><F56/><W80/><G38/><T12/><D107/><U58/><E58/><V72/><F59/><W8/><G37/><T3/><D3/><U10/><E10/><V95/><F46/><W89/><G8/><T53/><D32/><U87/><E87/><V93/><F85/><W81/><G81/><T7/><D86/><U78/><E78/><V27/><F72/><W70/><G70/><RYUUKYOKU ba="2,1" sc="483,-10,169,30,159,-10,179,-10" hai1="22,24,44,49,52,92,96,98,101,102,104,112,115" /><INIT seed="1,3,1,3,0,82" ten="473,199,149,169" oya="1" hai0="119,128,23,127,2,46,118,66,111,90,42,116,108" hai1="92,67,101,135,40,30,79,28,133,19,26,61,60" hai2="57,59,95,63,4,75,129,52,78,114,17,134,65" hai3="83,50,131,121,93,99,45,132,94,27,104,69,43"/><U58/><E79/><V80/><F134/><N who="1" m="51209" /><E40/><V54/><F129/><W20/><G121/><T96/><D2/><U68/><E19/><V15/><F114/><W48/><G132/><T115/><D115/><U85/><E26/><V64/><F4/><W97/><G131/><T24/><D128/><U88/><E101/><V34/><F34/><W39/><G69/><T77/><D77/><U1/><E1/><V100/><F100/><W123/><G104/><T9/><D9/><U10/><E10/><V37/><F37/><W32/><G32/><T76/><D76/><U31/><E31/><V13/><F95/><W73/><G123/><T86/><D23/><U16/><E16/><V7/><F7/><W81/><G73/><T12/><D12/><U117/><E117/><V71/><F71/><W120/><G120/><T109/><D24/><U126/><E126/><V44/><F44/><W62/><G39/><N who="0" m="21855" /><D127/><U102/><E102/><V41/><F41/><W72/><G43/><T91/><D66/><AGARI ba="3,1" hai="28,30,58,60,61,66,67,68,85,88,92" m="51209" machi="66" ten="30,5800,0" yaku="20,1,52,1,54,1" doraHai="82" who="1" fromWho="0" sc="473,-67,199,77,149,0,169,0" /><INIT seed="1,4,0,1,2,71" ten="406,276,149,169" oya="1" hai0="88,72,23,66,44,68,121,80,103,35,57,33,21" hai1="77,45,101,86,116,17,132,122,40,22,27,98,65" hai2="84,78,125,12,55,119,70,26,118,91,124,28,16" hai3="53,61,99,49,32,117,38,24,10,20,63,0,126"/><U34/><E122/><V82/><F70/><W83/><G32/><T112/><D121/><U89/><E77/><V134/><F134/><W107/><G117/><T105/><D68/><U36/><E116/><V5/><F5/><W131/><G126/><N who="2" m="48745" /><F55/><W3/><G131/><T54/><D112/><U30/><E132/><V60/><F60/><W104/><G83/><T51/><D72/><U62/><E17/><V39/><F78/><W15/><G99/><T43/><D66/><U81/><E34/><N who="2" m="20759" /><F39/><W48/><G53/><T14/><D103/><U59/><E101/><V73/><F73/><W115/><G115/><T96/><D105/><U106/><E106/><V58/><F58/><W47/><G38/><T128/><D80/><U37/><E98/><V46/><F46/><W4/><G47/><T18/><D44/><U129/><E129/><V74/><F74/><W102/><G104/><T41/><D41/><U8/><E8/><AGARI ba="4,0" hai="8,12,16,82,84,91,118,119" m="20759,48745" machi="8" ten="30,2000,0" yaku="18,1,54,1" doraHai="71" who="2" fromWho="1" sc="406,0,276,-32,149,32,169,0" /><INIT seed="2,0,0,4,1,33" ten="406,244,181,169" oya="2" hai0="115,38,117,118,110,131,83,134,107,30,85,8,3" hai1="132,62,68,31,25,123,94,80,28,75,95,64,126" hai2="103,57,72,1,109,40,49,51,121,12,2,45,0" hai3="93,96,128,91,101,37,53,70,90,61,58,119,32"/><V4/><F121/><W65/><G119/><N who="0" m="45579" /><D115/><U15/><E123/><V42/><F72/><W111/><G111/><T5/><D107/><U77/><E126/><V135/><F135/><W16/><G32/><T39/><D134/><U21/><E132/><V36/><F109/><W55/><G37/><T66/><D110/><U71/><E71/><V67/><F103/><W10/><G128/><T125/><D125/><U97/><E31/><V104/><F104/><W26/><G53/><T18/><D30/><U34/><E15/><V79/><F79/><W81/><G81/><T78/><D66/><U22/><E95/><V69/><F42/><W105/><G105/><T102/><D102/><AGARI ba="0,0" hai="21,22,25,28,34,62,64,68,75,77,80,94,97,102" machi="102" ten="30,1000,0" yaku="7,1" doraHai="33" who="1" fromWho="0" sc="406,-10,244,10,181,0,169,0" /><INIT seed="3,0,0,1,2,100" ten="396,254,181,169" oya="3" hai0="83,110,82,38,47,26,135,109,73,56,48,80,15" hai1="106,39,10,79,42,64,104,86,77,125,5,11,70" hai2="50,68,43,30,60,114,21,76,88,91,32,49,117" hai3="81,40,129,108,124,132,127,122,14,75,44,93,2"/><W25/><G2/><T113/><D113/><U121/><E121/><V51/><F117/><W19/><G122/><T23/><D135/><U102/><E102/><V6/><F114/><W74/><G132/><T115/><D115/><U89/><E70/><V59/><F32/><W63/><G25/><T12/><D38/><U36/><E64/><V3/><F68/><W0/><G0/><T45/><D73/><U98/><E98/><V78/><F43/><W85/><G93/><T33/><D33/><U97/><E97/><V62/><F6/><W111/><G63/><N who="2" m="24105" /><F3/><W53/><G53/><T55/><D110/><N who="3" m="42025" /><G129/><T61/><D47/><U123/><E123/><V9/><F9/><N who="3" m="6607" /><G74/><T16/><D109/><U7/><E42/><AGARI ba="0,0" hai="12,15,16,23,26,42,45,48,55,56,61,80,82,83" machi="42" ten="40,2600,0" yaku="8,1,54,1" doraHai="100" who="0" fromWho="1" sc="396,26,254,-26,181,0,169,0" /><INIT seed="4,0,0,5,2,57" ten="422,228,181,169" oya="0" hai0="51,47,99,104,114,78,74,76,62,72,82,93,14" hai1="126,2,101,71,96,58,11,64,90,50,21,97,33" hai2="20,9,88,60,23,109,31,42,63,67,61,117,100" hai3="83,80,36,98,111,0,26,46,119,49,77,75,110"/><T92/><D114/><U24/><E33/><V34/><F109/><W86/><G0/><T118/><D118/><U16/><E71/><V40/><F117/><W70/><G36/><T133/><D133/><U53/><E64/><V116/><F116/><W73/><G119/><T130/><D130/><U25/><E126/><V84/><F100/><W30/><G70/><T81/><D14/><U44/><E44/><V129/><F129/><W35/><G98/><T108/><D108/><U45/><E45/><V121/><F121/><W122/><G122/><T43/><D104/><U85/><E25/><N who="2" m="16831" /><F34/><W12/><G12/><T103/><D93/><U127/><E101/><V56/><F9/><W120/><G120/><T29/><D29/><U65/><E65/><V22/><F56/><W115/><G115/><T32/><D32/><U123/><E127/><V3/><F3/><W4/><G4/><T5/><D5/><U66/><E66/><V87/><F67/><W17/><G17/><T125/><D125/><U54/><E54/><V19/><F87/><W7/><G7/><T106/><D106/><U131/><E131/><V8/><F8/><W48/><G73/><T10/><D10/><U15/><E2/><V135/><F135/><W95/><G95/><T41/><D41/><N who="2" m="15978" /><F19/><W28/><G28/><T134/><D134/><U128/><E128/><V1/><F1/><W124/><G124/><T27/><D27/><U89/><E123/><V38/><F38/><W39/><G39/><T79/><D79/><U91/><E85/><V55/><F55/><N who="3" m="30103" /><G49/><T107/><D107/><U69/><E69/><RYUUKYOKU ba="0,0" sc="422,0,228,0,181,0,169,0" hai0="43,47,51,62,72,74,76,78,81,82,92,99,103" hai1="11,15,16,21,24,50,53,58,89,90,91,96,97" hai2="20,22,60,61,63,84,88" hai3="26,30,35,75,77,80,83,86,110,111" /><INIT seed="4,1,0,1,2,44" ten="422,228,181,169" oya="0" hai0="56,106,78,33,9,52,28,102,101,66,75,63,54" hai1="85,92,11,81,62,71,107,53,103,34,125,99,2" hai2="64,131,7,48,79,133,111,117,127,97,82,108,72" hai3="122,90,43,120,100,88,110,94,115,91,23,126,40"/><T134/><D134/><U18/><E34/><V116/><F64/><W129/><G110/><N who="2" m="42025" /><F7/><W121/><G115/><T37/><D37/><U4/><E125/><V57/><F133/><W93/><G126/><T87/><D75/><U22/><E107/><V49/><F127/><W83/><G129/><T0/><D106/><U41/><E41/><N who="3" m="15946" /><G100/><T30/><D33/><U32/><E32/><V58/><F131/><W46/><G46/><T67/><D0/><U6/><E71/><V95/><F57/><W61/><G83/><N who="0" m="47607" /><D9/><U13/><E11/><V86/><F58/><W89/><N who="3" m="22528" /><DORA hai="39" /><W59/><G23/><T104/><D104/><U84/><E2/><V10/><F10/><W17/><G17/><T15/><D102/><U77/><E6/><V76/><F76/><W105/><G105/><T21/><D101/><U132/><E4/><V35/><F35/><W51/><G51/><T55/><D67/><AGARI ba="1,0" hai="59,61,67,93,94,120,121,122" m="22528,15946" machi="67" ten="50,8000,1" yaku="13,1,52,3,54,1" doraHai="44,39" who="3" fromWho="0" sc="422,-83,228,0,181,0,169,83" /><INIT seed="5,0,0,0,3,135" ten="339,228,181,252" oya="1" hai0="57,3,92,52,35,17,116,13,102,16,28,113,83" hai1="114,4,101,71,79,27,93,10,98,125,78,49,63" hai2="37,34,100,26,124,72,85,131,9,75,53,76,44" hai3="86,122,95,42,111,129,41,62,80,21,130,6,82"/><U54/><E114/><V91/><F131/><N who="3" m="50187" /><G111/><T65/><D3/><U128/><E128/><V60/><F100/><W30/><G6/><T50/><D116/><U118/><E118/><V39/><F76/><W55/><G95/><T2/><D2/><U31/><E125/><V110/><F124/><W70/><G82/><T47/><D113/><U77/><E71/><V81/><F110/><W24/><G122/><T84/><D28/><U123/><E63/><V69/><F9/><W126/><G126/><T99/><D35/><U90/><E123/><V1/><F1/><W106/><G106/><T133/><D133/><U15/><E101/><V89/><F89/><N who="3" m="51399" /><G55/><N who="0" m="30175" /><D65/><AGARI ba="0,0" hai="21,24,30,41,42,62,65,70" m="51399,50187" machi="65" ten="30,1000,0" yaku="19,1" doraHai="135" who="3" fromWho="0" sc="339,-10,228,0,181,0,252,10" /><INIT seed="6,0,0,3,4,124" ten="329,228,181,262" oya="2" hai0="48,77,129,43,2,21,78,15,82,126,4,3,59" hai1="127,84,18,68,35,17,55,34,20,85,81,50,133" hai2="61,31,118,112,60,67,71,89,120,72,108,42,128" hai3="49,86,74,46,116,24,51,0,12,62,45,123,40"/><V101/><F72/><W87/><G74/><T100/><D126/><U95/><E68/><V130/><F120/><W75/><G0/><T9/><D100/><U22/><E127/><V119/><F101/><W134/><G75/><T28/><D129/><N who="2" m="49770" /><F112/><W39/><G134/><T26/><D78/><U5/><E133/><V92/><F108/><W41/><G123/><T99/><D99/><U27/><E5/><V98/><F42/><W57/><G116/><N who="2" m="44585" /><F60/><W11/><G39/><T102/><D102/><U122/><E122/><V37/><F31/><W96/><G62/><T8/><D43/><U64/><E64/><V29/><F29/><W14/><G40/><T10/><D2/><U69/><E69/><V52/><F52/><W70/><G70/><T25/><D3/><U1/><E1/><V73/><F73/><W53/><G53/><N who="0" m="32167" /><D28/><U104/><E104/><V90/><F90/><W107/><G107/><T97/><D4/><U91/><E55/><V56/><F71/><W115/><G41/><T125/><D125/><U110/><E110/><V131/><N who="2" m="49778" /><V117/><N who="2" m="44593" /><DORA hai="47" /><V109/><DORA hai="76" /><F109/><W33/><G51/><T36/><D36/><AGARI ba="0,0" hai="36,37,56,61,67,89,92,98" m="44593,49778" machi="36" ten="60,12000,1" yaku="19,1,52,4" doraHai="124,47,76" who="2" fromWho="0" sc="329,-120,228,0,181,120,262,0" /><INIT seed="6,1,0,4,4,33" ten="209,228,301,262" oya="2" hai0="126,69,96,4,42,54,81,101,78,87,133,36,75" hai1="2,64,20,13,56,84,45,104,107,25,59,118,80" hai2="82,85,77,53,23,97,49,46,68,130,86,90,29" hai3="128,122,76,132,110,1,16,3,108,32,99,134,67"/><V114/><F68/><W55/><G122/><T129/><D69/><U91/><E118/><V38/><F130/><W121/><G121/><T44/><D129/><U18/><E2/><N who="3" m="522" /><G32/><T95/><D4/><U74/><E74/><V47/><F97/><W71/><G76/><T11/><D11/><U105/><E45/><V100/><F100/><W12/><G128/><T124/><D133/><N who="3" m="51305" /><G55/><T135/><D135/><U106/><N who="1" m="26624" /><DORA hai="131" /><U109/><E109/><N who="3" m="42090" /><G99/><T52/><REACH who="0" step="1"/><D75/><REACH who="0" ten="199,228,301,262" step="2"/><U117/><E117/><V70/><F70/><W9/><G71/><T102/><D102/><U0/><E0/><V27/><F114/><W30/><G67/><T89/><D89/><U50/><E64/><V40/><F90/><W57/><G57/><T51/><D51/><U62/><E50/><V31/><F49/><W28/><AGARI ba="1,1" hai="9,12,16,28,30" m="42090,51305,522" machi="28" ten="40,16000,3" yaku="20,1,34,2,52,6,54,1" doraHai="33,131" who="3" fromWho="3" sc="199,-41,228,-41,301,-81,262,173" /><INIT seed="7,0,0,3,1,60" ten="158,187,220,435" oya="3" hai0="17,98,4,23,106,41,123,101,36,73,82,11,90" hai1="34,1,117,49,47,83,51,52,44,112,70,103,119" hai2="26,22,79,85,122,131,32,12,72,21,24,28,78" hai3="128,86,71,111,3,134,43,116,48,50,42,94,68"/><W114/><G3/><T130/><D123/><U100/><E34/><V46/><F122/><W125/><G116/><N who="1" m="44618" /><E1/><V10/><F131/><W127/><G94/><T0/><D130/><U121/><E121/><V76/><F72/><W25/><G86/><T89/><D23/><U96/><E112/><V129/><F129/><W19/><G25/><T7/><D7/><U31/><E31/><N who="2" m="17879" /><F32/><W75/><G19/><T81/><D81/><U64/><E83/><N who="2" m="47335" /><F46/><W99/><G75/><T97/><D17/><AGARI ba="0,0" hai="10,12,17,21,24,28,78,79" m="47335,17879" machi="17" ten="30,1000,0" yaku="8,1" doraHai="60" who="2" fromWho="0" sc="158,-10,187,0,220,10,435,0" owari="148,-35.0,187,-21.0,230,3.0,435,53.0" /></mjloggm>