<mjloggm ver="2.3"><GO type="169" lobby="0"/><UN n0="%E9%9B%80%CE%B2%6F%D1%83" n1="%E3%83%A9%E3%83%A0%E3%83%80%E3%81%95%E3%82%93" n2="%E8%B7%AF%E5%9C%B0%E8%A3%8F%E3%81%AE%E3%81%B2%E3%81%BE%E3%82%8F%E3%82%8A" n3="%6B%79%6F%6E%6B%6F%31%31" dan="16,16,16,17" rate="2200.44,2059.54,2134.27,2209.54" sx="M,M,M,M"/><TAIKYOKU oya="0"/><INIT seed="0,0,0,4,0,6" ten="250,250,250,250" oya="0" hai0="32,102,45,71,100,96,122,2,81,82,13,111,93" hai1="1,72,126,20,88,124,68,35,7,27,36,109,16" hai2="8,120,69,125,44,108,0,113,115,97,94,104,4" hai3="118,14,67,15,70,9,5,34,91,87,107,46,18"/><T42/><D71/><U74/><E36/><V101/><F120/><W80/><G107/><T12/><D2/><U128/><E68/><V77/><F108/><W25/><G118/><T135/><D122/><U61/><E109/><V19/><F125/><N who="1" m="48233" /><E61/><V31/><F31/><W49/><G70/><T86/><D32/><U98/><E35/><V134/><F134/><W63/><G34/><T48/><D135/><U23/><E23/><V119/><F119/><W38/><G38/><T43/><D43/><U40/><E40/><V37/><F69/><W56/><G25/><T33/><D33/><U41/><E41/><V54/><F37/><W53/><G15/><T84/><D111/><U105/><E105/><V28/><F28/><W133/><G133/><T52/><D42/><U64/><E64/><V65/><F65/><W79/><G79/><N who="0" m="46143" /><D102/><U76/><E76/><AGARI ba="0,0" hai="12,13,45,48,52,76,82,86,93,96,100" m="46143" machi="76" ten="30,2900,0" yaku="8,1,54,1" doraHai="6" who="0" fromWho="1" sc="250,29,250,-29,250,0,250,0" /><INIT seed="0,1,0,4,0,42" ten="279,221,250,250" oya="0" hai0="14,15,1,52,120,10,128,44,64,98,129,99,17" hai1="5,48,41,16,132,126,107,134,122,9,119,11,31" hai2="8,7,94,93,12,37,70,135,133,46,27,54,30" hai3="60,124,66,104,20,73,125,74,38,23,2,79,33"/><T67/><D120/><U80/><E122/><V29/><F70/><W84/><G104/><T0/><D0/><U76/><E119/><V40/><F54/><W19/><G33/><T71/><D1/><U88/><E107/><V83/><F83/><N who="3" m="47231" /><G38/><T85/><D85/><N who="1" m="50215" /><E76/><V72/><F72/><W39/><G39/><T130/><D14/><N who="1" m="7247" /><E31/><V22/><REACH who="2" step="1"/><F30/><REACH who="2" ten="279,221,240,250" step="2"/><W45/><G73/><T109/><D71/><U61/><E134/><AGARI ba="1,1" hai="7,8,12,22,27,29,37,40,46,93,94,133,134,135" machi="134" ten="40,8000,1" yaku="1,1,2,1,20,1,52,1,53,1" doraHai="42" doraHaiUra="21" who="2" fromWho="1" sc="279,0,221,-83,240,93,250,0" /><INIT seed="1,0,0,4,2,73" ten="279,138,333,250" oya="1" hai0="61,95,120,8,107,97,111,119,94,32,86,68,35" hai1="0,15,103,22,50,123,75,14,124,102,108,39,23" hai2="19,77,20,129,48,41,125,28,80,116,37,60,71" hai3="2,130,89,38,43,113,76,64,85,7,114,30,17"/><U104/><E123/><V90/><F116/><W133/><G64/><T33/><D119/><U106/><E39/><V117/><F117/><W78/><G30/><T54/><D111/><U82/><E0/><V96/><F28/><W70/><G70/><T27/><D8/><U9/><E9/><V135/><F37/><W92/><G2/><T18/><D120/><U118/><E118/><V84/><F125/><W25/><G7/><T63/><D63/><U53/><E50/><V59/><F129/><W88/><G130/><T121/><D107/><U24/><E24/><V105/><F135/><W93/><G133/><T67/><D54/><U115/><E115/><V21/><F71/><W131/><G131/><T13/><D86/><U126/><E82/><V26/><F21/><N who="3" m="13487" /><G38/><T127/><D94/><U51/><E51/><V29/><F29/><W112/><G112/><T72/><D72/><U58/><E75/><V57/><F105/><W91/><G114/><T31/><D127/><U5/><E58/><V100/><F59/><W3/><G3/><T52/><D121/><U10/><E10/><V45/><F57/><W1/><G1/><T11/><D52/><U16/><E108/><V87/><F60/><W40/><G113/><T79/><D79/><N who="3" m="30249" /><G89/><AGARI ba="0,0" hai="11,13,18,27,31,32,33,35,61,67,68,89,95,97" machi="89" ten="30,1000,0" yaku="7,1" doraHai="73" who="0" fromWho="3" sc="279,10,138,0,333,0,250,-10" /><INIT seed="2,0,0,1,4,15" ten="289,138,333,240" oya="2" hai0="21,112,100,36,70,32,7,95,49,109,41,115,8" hai1="10,69,60,30,111,46,129,117,6,53,16,90,88" hai2="33,107,23,98,61,18,106,39,45,67,134,84,29" hai3="101,120,14,110,20,57,12,52,131,56,97,89,77"/><V96/><F134/><W31/><G120/><T2/><D70/><U9/><E117/><V35/><F84/><W50/><G77/><T118/><D32/><U105/><E105/><V86/><F86/><W114/><G110/><T87/><D109/><U44/><E111/><V25/><F35/><W11/><G131/><T80/><D118/><U126/><E129/><V28/><F28/><W132/><G132/><T22/><D36/><U73/><E73/><V91/><F45/><W130/><G130/><T123/><D21/><U1/><E30/><V122/><F39/><W83/><G114/><T116/><D116/><U47/><E126/><V64/><F122/><W127/><G127/><T58/><D22/><U81/><E81/><V17/><F17/><N who="3" m="10295" /><G101/><T3/><D3/><U43/><E43/><V19/><F19/><N who="3" m="8607" /><G31/><T51/><D100/><U103/><E103/><V79/><F79/><W5/><G5/><T85/><D7/><U93/><E93/><V65/><F107/><W48/><G83/><T62/><D80/><U78/><E78/><V94/><F106/><W59/><G48/><T0/><D51/><U68/><E68/><V82/><F82/><W34/><G34/><T54/><D49/><U66/><REACH who="1" step="1"/><E53/><REACH who="1" ten="289,128,333,240" step="2"/><V75/><F75/><W74/><G74/><T135/><D54/><U125/><E125/><V37/><F29/><W40/><G40/><T108/><D41/><U24/><E24/><V27/><F27/><W102/><G102/><T128/><D128/><U42/><E42/><V121/><F25/><W63/><G50/><T4/><D108/><U71/><E71/><RYUUKYOKU ba="0,1" sc="289,-15,128,15,333,-15,240,15" hai1="1,6,9,10,16,44,46,47,60,66,69,88,90" hai3="52,56,57,59,63,89,97" /><INIT seed="3,1,1,2,1,91" ten="274,143,318,255" oya="3" hai0="38,0,78,26,35,134,13,123,72,83,128,39,68" hai1="57,135,60,87,82,61,94,44,100,65,59,92,122" hai2="9,24,43,41,110,19,102,28,48,103,98,67,118" hai3="17,53,29,108,25,4,120,56,62,46,63,97,18"/><W77/><G120/><T95/><D123/><U125/><E122/><V14/><F118/><W75/><G4/><T34/><D0/><U99/><E135/><V33/><F110/><W15/><G77/><T106/><D106/><U79/><E125/><V85/><F85/><W84/><G75/><T131/><D134/><U130/><E130/><N who="0" m="49705" /><D68/><U21/><E44/><V37/><F37/><W109/><G84/><T51/><D51/><U80/><E21/><V116/><F116/><W124/><G124/><T45/><D45/><U114/><E114/><V126/><F126/><W89/><G63/><T71/><D71/><U113/><E113/><V2/><F103/><W127/><G46/><T66/><D66/><U111/><E111/><N who="3" m="42570" /><G15/><T101/><D13/><U133/><E133/><V105/><F48/><W47/><G47/><T73/><D73/><U22/><E22/><V107/><F107/><W27/><G127/><T74/><D74/><U32/><E32/><N who="0" m="12329" /><D26/><N who="3" m="9737" /><G29/><T96/><AGARI ba="1,1" hai="38,39,72,78,83,95,96,101" m="12329,49705" machi="96" ten="40,2700,0" yaku="19,1,52,1" doraHai="91" who="0" fromWho="0" sc="274,40,143,-8,318,-8,255,-14" /><INIT seed="4,0,0,0,5,99" ten="314,135,310,241" oya="0" hai0="129,67,122,45,68,38,63,43,88,132,120,13,133" hai1="119,125,118,74,23,78,33,71,46,5,54,97,98" hai2="103,14,106,85,116,15,93,39,3,90,128,52,37" hai3="53,126,35,29,109,92,77,72,83,9,0,25,2"/><T127/><D13/><U115/><E33/><V113/><F3/><W7/><G109/><T117/><D117/><U55/><E71/><V123/><F123/><W62/><G126/><T121/><D127/><U12/><E125/><V104/><F113/><W134/><G134/><N who="0" m="51819" /><D88/><U6/><E23/><V61/><F128/><AGARI ba="0,0" hai="38,43,45,63,67,68,120,121,122,128,129" m="51819" machi="128" ten="40,12000,1" yaku="20,1,23,1,34,2" doraHai="99" who="0" fromWho="2" sc="314,120,135,0,310,-120,241,0" /><INIT seed="4,1,0,4,2,80" ten="434,135,190,241" oya="0" hai0="9,128,74,57,45,21,41,17,4,100,42,94,31" hai1="131,83,101,112,19,93,53,66,5,8,35,37,130" hai2="96,113,62,39,103,0,40,102,29,68,105,26,18" hai3="65,95,108,88,117,67,46,106,36,89,73,76,84"/><T120/><D74/><U20/><E35/><V110/><F110/><W69/><G108/><T111/><D120/><U134/><E37/><V129/><F103/><W25/><G106/><T30/><D128/><U64/><E134/><V55/><F129/><W97/><G117/><T7/><D57/><U107/><E107/><V119/><F119/><W122/><G69/><T116/><D116/><U115/><E130/><V51/><F0/><W43/><G122/><T50/><D42/><U33/><E33/><N who="2" m="20663" /><F18/><W90/><G73/><T13/><D4/><U11/><E131/><V2/><F2/><W87/><G76/><T99/><REACH who="0" step="1"/><D111/><REACH who="0" ten="424,135,190,241" step="2"/><U58/><E58/><V126/><F68/><W22/><G67/><T49/><D49/><U59/><E64/><V71/><F40/><W3/><G65/><T23/><D23/><U75/><E66/><V81/><F71/><W135/><G135/><T85/><D85/><U114/><E5/><V15/><F51/><N who="3" m="27103" /><G3/><AGARI ba="1,1" hai="3,7,9,13,17,21,30,31,41,45,50,94,99,100" machi="3" ten="30,5800,0" yaku="1,1,7,1,53,1" doraHai="80" doraHaiUra="91" who="0" fromWho="3" sc="424,71,135,0,190,0,241,-61" /><INIT seed="4,2,0,2,3,94" ten="495,135,190,180" oya="0" hai0="86,114,67,119,7,101,66,111,124,99,69,63,11" hai1="26,127,130,59,10,49,17,117,106,112,97,129,12" hai2="78,21,104,32,51,92,110,4,96,23,36,50,44" hai3="77,134,8,70,53,58,16,2,93,121,85,81,19"/><T109/><D119/><U54/><E117/><V73/><F32/><W103/><G70/><T90/><D114/><U128/><E112/><V83/><F104/><W115/><G115/><T131/><D124/><U15/><E127/><V0/><F110/><N who="0" m="41994" /><D131/><U118/><E118/><V56/><F56/><W22/><G134/><T31/><D31/><U14/><REACH who="1" step="1"/><E26/><REACH who="1" ten="495,125,190,180" step="2"/><V102/><F23/><W29/><G121/><T60/><D11/><U18/><E18/><V65/><F21/><W122/><G122/><T61/><D7/><U135/><E135/><V27/><F27/><N who="3" m="16631" /><G8/><T95/><D69/><U71/><E71/><V28/><F28/><W30/><G30/><T62/><N who="0" m="15360" /><DORA hai="88" /><T123/><D123/><U38/><E38/><V25/><F25/><W9/><G9/><T33/><D33/><U47/><E47/><V45/><F44/><W20/><G20/><T24/><D24/><U55/><E55/><V40/><F65/><W5/><G5/><T82/><AGARI ba="2,1" hai="66,67,82,86,90,95,99,101" m="15360,41994" machi="82" ten="50,9600,0" yaku="10,1,52,2" doraHai="94,88" who="0" fromWho="0" sc="495,112,125,-34,190,-34,180,-34" /><INIT seed="4,3,0,3,4,50" ten="607,91,156,146" oya="0" hai0="8,34,88,112,76,9,118,33,0,80,72,121,107" hai1="87,93,17,101,102,63,113,129,119,5,38,70,15" hai2="78,27,73,84,109,77,69,25,22,91,90,75,134" hai3="55,43,28,60,24,10,66,4,44,83,40,124,46"/><T45/><D107/><U42/><E119/><V74/><F69/><W58/><G124/><T29/><D118/><U135/><E135/><V57/><F109/><W120/><G120/><T65/><D65/><U127/><E127/><V125/><F125/><W100/><G100/><T12/><D0/><U82/><E129/><V59/><F134/><W14/><G83/><T111/><D9/><U6/><E113/><V48/><F48/><W103/><G103/><T115/><D29/><U26/><E26/><N who="2" m="9739" /><F84/><W16/><G4/><T49/><D111/><U11/><E102/><V116/><F22/><N who="3" m="15383" /><G66/><T71/><D71/><U126/><E126/><V67/><F67/><W53/><G53/><T13/><D34/><U23/><E70/><V54/><F54/><W128/><G128/><T81/><D33/><U117/><E117/><V32/><F32/><W20/><G10/><T61/><D8/><U37/><E63/><V18/><F18/><W52/><G55/><N who="0" m="30127" /><D61/><U41/><E37/><V31/><F31/><W132/><G132/><T130/><D121/><U36/><E36/><V108/><F108/><W51/><G60/><T104/><D104/><U7/><E38/><V97/><F116/><W86/><G86/><N who="0" m="50255" /><D130/><U98/><REACH who="1" step="1"/><E11/><REACH who="1" ten="607,81,156,146" step="2"/><V19/><F19/><W99/><G44/><T85/><D115/><U95/><E95/><V21/><F21/><W64/><G46/><T56/><D112/><U131/><E131/><V96/><F59/><W3/><G3/><T123/><D56/><U106/><E106/><V2/><F57/><N who="3" m="32927" /><G99/><N who="2" m="37961" /><F2/><W30/><G30/><T68/><D68/><U105/><E105/><RYUUKYOKU ba="3,1" sc="607,-30,81,10,156,10,146,10" hai1="5,6,7,15,17,23,41,42,82,87,93,98,101" hai2="73,74,75,77,78,90,91" hai3="14,16,20,40,43,58,64" /><INIT seed="5,4,1,2,4,9" ten="577,91,166,156" oya="1" hai0="79,135,10,60,6,67,43,68,5,30,8,76,72" hai1="41,123,64,21,83,27,80,129,13,127,104,93,124" hai2="86,17,20,26,12,112,89,55,117,92,73,46,103" hai3="2,116,118,100,61,101,120,14,0,4,78,49,96"/><U31/><E123/><V18/><F73/><W113/><G120/><T71/><D43/><U53/><E104/><V99/><F117/><N who="3" m="45163" /><G78/><T32/><D135/><U125/><E129/><V11/><F112/><W24/><G113/><T22/><D22/><U57/><E64/><V39/><F39/><W66/><G49/><T115/><D115/><U134/><E134/><V52/><REACH who="2" step="1"/><F46/><REACH who="2" ten="577,91,156,156" step="2"/><W63/><G0/><T70/><D72/><U111/><E111/><V87/><F87/><W119/><G2/><T1/><D1/><U74/><E74/><V51/><F51/><W15/><G119/><T106/><D5/><U91/><E41/><V54/><F54/><W95/><G4/><T34/><D6/><U130/><E130/><V23/><F23/><W37/><G37/><T47/><D47/><U88/><E13/><N who="3" m="4618" /><G24/><T35/><D35/><U69/><E69/><V62/><F62/><N who="3" m="23563" /><G66/><T122/><D67/><U19/><E19/><V98/><F98/><W81/><G81/><AGARI ba="4,2" hai="11,12,17,18,20,26,52,55,81,86,89,92,99,103" machi="81" ten="30,8000,1" yaku="1,1,7,1,8,1,52,1,54,1,53,0" doraHai="9" doraHaiUra="133" who="2" fromWho="3" sc="577,0,91,0,156,112,156,-92" /><INIT seed="6,0,0,3,0,94" ten="577,91,268,64" oya="2" hai0="67,3,27,8,5,126,30,78,47,20,120,110,115" hai1="13,104,56,1,15,49,129,70,73,18,57,65,72" hai2="74,22,36,51,32,80,28,71,50,6,61,68,12" hai3="0,112,17,95,101,99,90,122,125,105,63,132,46"/><V76/><F36/><W7/><G122/><T91/><D120/><U114/><E1/><V107/><F107/><W135/><G7/><T66/><D110/><U88/><E104/><V124/><F124/><W37/><G0/><T4/><D126/><U81/><E70/><V16/><F61/><W42/><G125/><T75/><D91/><U19/><E114/><V33/><F33/><W55/><G112/><T133/><D5/><U123/><E123/><V59/><F6/><W109/><G109/><T24/><D115/><U117/><E117/><V43/><F51/><W98/><G17/><T69/><D69/><U84/><E129/><V102/><F102/><W29/><G29/><T10/><D10/><N who="1" m="6455" /><E72/><V54/><REACH who="2" step="1"/><F43/><REACH who="2" ten="577,91,258,64" step="2"/><W9/><REACH who="3" step="1"/><G9/><REACH who="3" ten="577,91,258,54" step="2"/><T26/><D8/><U119/><E119/><V31/><F31/><W86/><G86/><T82/><D4/><U131/><E84/><V97/><F97/><W118/><G118/><T48/><D30/><U41/><E73/><V23/><F23/><W79/><G79/><T2/><D20/><U21/><E21/><V134/><F134/><W89/><G89/><T40/><D133/><U34/><E88/><V108/><F108/><W45/><G45/><T92/><D75/><U121/><E121/><V100/><F100/><W53/><G53/><T128/><D78/><U77/><E77/><V113/><F113/><W25/><G25/><AGARI ba="0,2" hai="12,16,22,25,28,32,50,54,59,68,71,74,76,80" machi="25" ten="40,3900,0" yaku="1,1,54,1,53,0" doraHai="94" doraHaiUra="38" who="2" fromWho="3" sc="577,0,91,0,258,59,54,-39" /><INIT seed="6,1,0,2,1,57" ten="577,91,317,15" oya="2" hai0="16,55,53,38,95,42,13,109,77,133,127,65,85" hai1="76,91,10,104,71,80,22,9,67,87,63,50,12" hai2="72,29,4,34,121,124,79,123,8,105,17,2,130" hai3="18,116,82,113,19,120,112,68,43,93,60,106,36"/><V40/><F105/><W0/><G116/><T15/><D109/><U89/><E104/><V7/><F40/><W5/><G120/><T101/><D133/><U118/><E118/><V14/><F79/><W107/><G5/><T54/><D127/><U39/><E39/><V119/><F72/><W102/><G0/><T100/><D65/><U52/><E22/><V28/><F119/><W37/><G106/><T11/><D42/><U75/><E75/><V103/><F103/><W111/><G107/><T84/><D38/><N who="3" m="14953" /><G43/><T44/><D44/><U6/><REACH who="1" step="1"/><E10/><REACH who="1" ten="577,81,317,15" step="2"/><V128/><F124/><W88/><G111/><T64/><D11/><U110/><E110/><V23/><F7/><W69/><G82/><T25/><D95/><U73/><E73/><V92/><F92/><W58/><G102/><T41/><D101/><U86/><E86/><V24/><F29/><W117/><G117/><T35/><D100/><U78/><E78/><V56/><REACH who="2" step="1"/><F56/><AGARI ba="1,1" hai="6,9,12,50,52,56,63,67,71,76,80,87,89,91" machi="56" ten="30,7700,0" yaku="1,1,7,1,52,1,54,1,53,0" doraHai="57" doraHaiUra="114" who="1" fromWho="2" sc="577,0,81,90,317,-80,15,0" /><INIT seed="7,0,0,2,1,30" ten="577,171,237,15" oya="3" hai0="94,92,16,91,46,21,70,14,0,28,58,54,31" hai1="51,35,85,10,57,59,113,109,107,101,48,87,128" hai2="67,129,83,11,95,120,103,56,34,65,18,66,119" hai3="39,44,38,63,104,2,135,116,24,86,111,25,17"/><W98/><G116/><T64/><D0/><U125/><E109/><V114/><F119/><W68/><G2/><T33/><D33/><U102/><E113/><V72/><F120/><W40/><G111/><T133/><D133/><U50/><E35/><V8/><F34/><W29/><G135/><T118/><D118/><U79/><E128/><V49/><F114/><W117/><G117/><T81/><D70/><U3/><E125/><V108/><F108/><W73/><G73/><T75/><D64/><N who="2" m="24682" /><F72/><W52/><G68/><T115/><D46/><U19/><E3/><V45/><F83/><W9/><G39/><T93/><D115/><U12/><E107/><V124/><F18/><W20/><G86/><N who="1" m="32778" /><E79/><V61/><F129/><W80/><G80/><T106/><D106/><U7/><E7/><V47/><F124/><W37/><G37/><T1/><D1/><U6/><E6/><V22/><F22/><W99/><G104/><T60/><D75/><U100/><AGARI ba="0,0" hai="10,12,19,48,50,51,57,59,100,101,102" m="32778" machi="100" ten="40,1500,0" yaku="8,1" doraHai="30" who="1" fromWho="1" sc="577,-4,171,15,237,-4,15,-7" owari="573,67.0,186,-21.0,233,3.0,8,-49.0" /></mjloggm>