<mjloggm ver="2.3"><GO type="169" lobby="0"/><UN n0="%E6%B2%96%EF%BC%92%EF%BC%99" n1="%73%61%62%6F%34%30" n2="%E3%81%84%E3%81%97%E3%81%97%E3%82%93%49%44%E7%B4%9B%E5%A4%B1" n3="%E2%99%AA%E3%82%A6%E3%82%B5%E3%82%AE%E2%99%AA" dan="17,16,17,16" rate="2184.13,2109.07,2139.63,2039.82" sx="M,M,M,F"/><TAIKYOKU oya="0"/><INIT seed="0,0,0,3,3,73" ten="250,250,250,250" oya="0" hai0="56,116,92,95,4,76,125,30,55,89,66,28,124" hai1="103,8,82,57,20,71,35,77,115,48,99,129,27" hai2="40,44,123,87,74,72,42,38,84,51,21,70,7" hai3="39,64,33,36,90,65,98,26,85,109,11,58,45"/><T24/><D116/><U9/><E71/><V23/><F70/><W112/><G112/><T114/><D114/><U102/><E35/><V105/><F105/><W69/><G109/><T31/><D66/><U15/><E115/><V37/><F51/><W119/><G119/><T0/><D24/><U78/><E129/><V13/><F7/><W52/><G11/><T101/><D101/><U22/><E82/><V122/><F13/><W132/><G132/><T110/><D110/><U127/><E127/><N who="0" m="48713" /><D89/><U34/><E34/><V93/><F93/><W14/><G14/><T32/><D32/><U121/><E121/><V25/><F44/><W12/><G12/><T128/><D128/><U54/><E8/><V19/><F25/><W113/><G113/><T16/><D16/><AGARI ba="0,0" hai="16,19,21,23,37,38,40,42,72,74,84,87,122,123" machi="16" ten="25,3200,0" yaku="22,2,54,1" doraHai="73" who="2" fromWho="0" sc="250,-32,250,0,250,32,250,0" /><INIT seed="1,0,0,4,3,67" ten="218,250,282,250" oya="1" hai0="55,57,113,111,104,114,84,71,54,23,73,127,70" hai1="61,56,98,36,27,33,117,119,130,83,131,15,72" hai2="64,24,21,40,101,89,39,120,11,9,95,118,123" hai3="121,126,34,58,87,128,48,47,50,77,109,31,93"/><U37/><E33/><V18/><F118/><N who="1" m="45065" /><E27/><V94/><F64/><W124/><G121/><T106/><D73/><U4/><E15/><V45/><F101/><W75/><G75/><T49/><D23/><U69/><E4/><V92/><REACH who="2" step="1"/><F89/><REACH who="2" ten="218,250,272,250" step="2"/><N who="3" m="53439" /><G124/><T78/><D127/><U0/><E0/><V59/><F59/><W88/><G126/><T43/><D57/><U35/><E56/><V100/><F100/><W60/><G88/><T51/><D111/><U13/><E131/><V90/><F90/><W2/><G109/><T96/><D114/><U97/><E130/><V22/><F22/><W66/><G128/><T74/><D113/><U16/><E35/><V105/><F105/><W86/><G34/><T81/><D104/><U44/><E44/><V28/><F28/><W132/><G47/><T52/><D106/><U112/><E112/><V85/><F85/><W1/><G31/><T76/><D74/><U129/><E129/><V12/><F12/><W6/><G1/><T134/><D84/><U42/><E13/><V30/><F30/><W7/><G2/><T135/><D135/><U8/><E72/><V82/><F82/><W63/><G132/><T107/><D134/><U3/><E83/><V14/><F14/><W99/><G58/><T25/><D81/><U80/><E80/><V108/><F108/><W17/><G66/><T115/><D115/><U32/><E3/><V65/><F65/><W10/><G86/><T38/><D78/><U122/><E32/><V62/><F62/><W41/><G63/><T91/><D76/><U19/><E61/><V26/><F26/><RYUUKYOKU ba="0,1" sc="218,-10,250,-10,272,30,250,-10" hai2="9,11,18,21,24,39,40,45,92,94,95,120,123" /><INIT seed="2,1,1,1,1,61" ten="208,240,302,240" oya="2" hai0="13,65,54,93,17,125,96,134,104,117,35,43,135" hai1="75,71,114,105,9,118,72,58,20,97,124,98,4" hai2="64,40,108,87,52,109,38,78,130,44,103,106,56" hai3="36,39,51,42,123,10,23,73,113,70,74,67,68"/><V84/><F130/><W8/><G123/><T27/><D104/><U132/><E71/><V77/><F106/><W112/><G23/><T6/><D6/><U1/><E118/><V24/><F103/><W14/><G51/><T37/><D117/><U86/><E114/><N who="3" m="44138" /><G42/><T18/><D125/><U21/><E124/><V48/><F24/><W50/><G50/><T29/><D54/><U12/><E97/><V129/><F129/><W28/><G28/><T115/><D115/><U92/><E105/><V25/><F25/><W116/><G116/><T81/><D81/><U85/><E75/><N who="3" m="28682" /><G14/><T59/><D43/><U119/><E72/><V91/><F84/><W89/><G89/><T76/><D37/><N who="3" m="14409" /><G67/><T47/><D47/><U19/><E119/><V15/><F15/><W34/><G34/><T0/><D13/><U131/><E21/><V30/><F30/><W101/><G101/><T122/><D122/><U79/><E131/><V7/><F64/><W5/><G5/><T69/><D35/><U102/><E85/><V100/><F100/><W94/><G94/><T133/><D93/><U121/><E121/><V3/><F91/><W63/><G63/><T60/><D60/><U32/><E32/><V83/><REACH who="2" step="1"/><F78/><REACH who="2" ten="208,240,292,240" step="2"/><W82/><G82/><T127/><D29/><U11/><E79/><V90/><F90/><W111/><G111/><T95/><D27/><U22/><E86/><V41/><F41/><W45/><G45/><T26/><D26/><U62/><E12/><V128/><F128/><W110/><G110/><T16/><D65/><U80/><E102/><V57/><F57/><RYUUKYOKU ba="1,2" sc="208,-15,240,-15,292,15,240,15" hai2="3,7,38,40,44,48,52,56,77,83,87,108,109" hai3="8,10,68,70" /><INIT seed="2,2,2,4,5,68" ten="193,225,307,255" oya="2" hai0="29,130,12,19,31,127,114,0,10,62,11,105,5" hai1="17,45,112,36,117,115,103,69,16,97,32,1,7" hai2="134,23,118,15,122,73,78,96,110,30,24,37,28" hai3="95,39,51,100,111,33,74,6,82,131,3,94,101"/><V99/><F118/><W65/><G33/><T14/><D105/><U76/><E32/><V107/><F122/><W81/><G65/><T55/><D114/><U20/><E117/><V34/><F73/><W92/><G51/><T22/><D55/><U120/><E120/><V116/><F116/><W125/><G3/><T63/><D130/><U38/><E69/><V46/><F78/><W9/><G9/><N who="0" m="2215" /><D62/><U124/><E76/><V42/><F134/><W84/><G6/><N who="0" m="3159" /><D63/><U40/><E7/><V113/><F113/><W4/><G39/><T132/><D132/><U47/><E1/><V50/><F30/><N who="0" m="11274" /><D127/><U106/><E124/><V59/><F107/><W49/><G125/><T54/><D54/><U123/><E123/><V75/><F75/><W72/><G49/><T77/><D77/><U35/><E115/><V66/><F99/><W41/><G41/><T60/><D60/><U88/><E112/><V25/><F96/><W2/><G131/><T56/><D56/><U48/><E36/><V21/><F37/><W13/><G2/><T135/><D135/><U79/><E79/><V108/><F66/><W102/><G84/><T109/><D109/><N who="2" m="42090" /><F59/><W133/><G111/><T91/><D91/><U119/><E88/><V67/><F67/><W86/><G133/><T129/><D129/><U44/><E38/><V26/><F34/><W58/><G58/><T80/><D80/><N who="3" m="30825" /><G86/><T18/><D22/><N who="2" m="8202" /><F28/><W121/><G121/><T93/><D93/><U89/><E106/><V128/><F128/><W70/><G70/><T126/><D126/><U8/><E20/><V104/><F104/><RYUUKYOKU ba="2,2" sc="193,10,225,-30,307,10,255,10" hai0="11,14,18,19" hai2="15,24,25,26,42,46,50" hai3="4,13,72,74,92,94,95,100,101,102" /><INIT seed="2,3,2,0,3,27" ten="203,195,317,265" oya="2" hai0="26,134,78,107,65,98,32,20,12,22,96,18,77" hai1="81,53,104,36,83,130,42,91,92,67,84,123,40" hai2="21,100,54,58,76,116,68,63,47,8,127,17,124" hai3="55,29,113,89,118,25,97,135,101,34,33,56,38"/><V87/><F116/><W46/><G118/><T112/><D112/><U37/><E123/><V52/><F68/><W41/><G113/><T23/><D134/><U30/><E104/><V64/><F100/><W61/><G135/><T117/><D117/><U43/><E67/><V9/><F76/><N who="0" m="29290" /><D32/><U88/><E130/><V105/><F105/><W11/><G11/><N who="2" m="4169" /><F87/><W13/><G13/><T5/><D107/><U0/><E0/><V45/><F127/><W19/><G89/><T57/><D5/><U103/><E37/><V132/><F124/><W70/><G19/><N who="0" m="10343" /><D22/><U73/><E36/><V110/><F110/><W93/><G70/><T6/><D6/><U90/><E73/><V108/><F108/><W66/><G34/><T129/><D129/><U121/><E121/><V71/><F132/><W126/><G126/><T125/><D125/><U122/><E122/><V4/><F4/><W59/><G38/><T15/><D15/><U128/><E128/><V94/><F71/><W85/><G33/><T60/><AGARI ba="3,2" hai="18,23,26,57,60,65,96,98" m="10343,29290" machi="60" ten="30,1100,0" yaku="8,1" doraHai="27" who="0" fromWho="0" sc="203,40,195,-6,317,-8,265,-6" /><INIT seed="3,0,0,2,1,40" ten="243,189,309,259" oya="3" hai0="123,55,15,84,99,98,9,28,52,105,10,19,133" hai1="35,110,124,6,115,5,59,119,25,27,63,65,0" hai2="94,39,32,117,73,46,41,62,108,76,81,29,134" hai3="101,111,64,80,71,92,20,125,77,33,49,61,31"/><W21/><G125/><T26/><D123/><U38/><E119/><V126/><F117/><W11/><G111/><T78/><D26/><U129/><E110/><V130/><F108/><W106/><G11/><T100/><D133/><U16/><E124/><V91/><F126/><W36/><G92/><T112/><D112/><U58/><E115/><V34/><F134/><W66/><G66/><T82/><D28/><U56/><E38/><V47/><F130/><W43/><G49/><T87/><D98/><U107/><E107/><V4/><F4/><W95/><G95/><T113/><D113/><U30/><E129/><V24/><F62/><W89/><G89/><T128/><D128/><U48/><E0/><V1/><F1/><W86/><G43/><T121/><D121/><U51/><E48/><V114/><F47/><W42/><G42/><T37/><D37/><U83/><E83/><V18/><F18/><W135/><G36/><T96/><D96/><U69/><E51/><V14/><F14/><W90/><G77/><T2/><REACH who="0" step="1"/><D87/><REACH who="0" ten="233,189,309,259" step="2"/><U72/><E72/><V22/><F114/><W3/><G135/><T67/><D67/><U7/><E27/><V131/><F131/><W74/><G74/><T50/><D50/><U97/><E97/><AGARI ba="0,1" hai="22,24,29,32,34,39,41,46,73,76,81,91,94,97" machi="97" ten="30,2000,0" yaku="7,1,52,1" doraHai="40" who="2" fromWho="1" sc="233,0,189,-20,309,30,259,0" /><INIT seed="4,0,0,1,3,130" ten="233,169,339,259" oya="0" hai0="131,116,49,3,2,48,9,8,61,91,90,132,35" hai1="11,81,50,128,93,70,31,129,38,97,57,95,76" hai2="7,108,33,18,6,59,14,58,109,5,74,103,96" hai3="78,98,20,15,36,71,80,89,82,87,1,134,4"/><T45/><D116/><U39/><E70/><V55/><F74/><W37/><G71/><T88/><D35/><U127/><E95/><V107/><F33/><W53/><G1/><T77/><D77/><U60/><E50/><V44/><F44/><W51/><G98/><T10/><D131/><N who="1" m="50251" /><E11/><V117/><F117/><W30/><G134/><T47/><D132/><U86/><E31/><V21/><REACH who="2" step="1"/><F59/><REACH who="2" ten="233,169,329,259" step="2"/><W79/><G36/><T24/><D47/><U119/><E119/><V92/><F92/><W65/><G37/><T27/><D45/><U66/><E127/><V34/><F34/><W122/><G80/><T84/><D2/><U124/><E124/><V75/><F75/><W111/><G111/><T12/><D3/><U52/><E93/><V67/><F67/><W72/><G65/><T85/><D61/><AGARI ba="0,1" hai="5,6,7,14,18,21,55,58,61,96,103,107,108,109" machi="61" ten="40,1300,0" yaku="1,1,53,0" doraHai="130" doraHaiUra="68" who="2" fromWho="0" sc="233,-13,169,0,329,23,259,0" /><INIT seed="5,0,0,0,3,131" ten="220,169,352,259" oya="1" hai0="71,40,103,129,31,11,54,67,122,126,9,65,5" hai1="17,133,23,74,96,92,1,104,38,28,63,119,90" hai2="124,10,100,78,47,59,45,56,89,36,99,60,58" hai3="52,125,30,61,66,88,7,21,46,94,108,57,134"/><U135/><E74/><V98/><F124/><W77/><G108/><T29/><D126/><U117/><E1/><V106/><F78/><W8/><G125/><T32/><D129/><U14/><E38/><V87/><F99/><W107/><G107/><T6/><D122/><U102/><E28/><V127/><F127/><W91/><G77/><T53/><D40/><U116/><REACH who="1" step="1"/><E63/><REACH who="1" ten="220,159,352,259" step="2"/><V72/><F72/><W25/><G30/><T69/><REACH who="0" step="1"/><D103/><REACH who="0" ten="210,159,352,259" step="2"/><U93/><E93/><V26/><F100/><W109/><G94/><T79/><D79/><U120/><E120/><V41/><F60/><W86/><G109/><T44/><D44/><U130/><E130/><V0/><F47/><W37/><G46/><T97/><D97/><AGARI ba="0,2" hai="14,17,23,90,92,96,97,102,104,116,117,119,133,135" machi="97" ten="50,12000,1" yaku="1,1,52,2,53,1" doraHai="131" doraHaiUra="101" who="1" fromWho="0" sc="210,-120,159,140,352,0,259,0" /><INIT seed="5,1,0,4,1,98" ten="90,299,352,259" oya="1" hai0="90,47,31,125,84,123,131,129,36,30,14,16,116" hai1="134,1,49,127,119,11,75,8,46,94,115,39,107" hai2="128,114,23,104,35,20,53,59,135,12,132,87,93" hai3="88,4,80,9,61,38,110,60,130,96,33,44,108"/><U42/><E107/><V74/><F35/><W117/><G33/><T56/><D116/><U2/><E119/><V124/><F104/><W25/><G117/><T51/><D36/><U58/><E75/><V95/><F74/><W21/><G130/><N who="0" m="49675" /><D56/><U26/><E115/><V55/><F128/><W0/><G108/><T48/><D125/><U81/><E127/><V73/><F73/><W72/><G110/><T50/><D123/><U29/><E81/><V41/><F41/><W103/><G44/><T54/><D30/><U65/><E134/><V68/><F68/><W40/><G40/><T66/><D66/><U15/><E11/><V67/><F67/><W64/><G38/><T34/><D31/><U76/><E76/><V69/><F69/><W105/><G72/><T122/><D34/><U77/><E94/><V22/><F124/><W32/><G64/><T5/><D5/><U17/><E77/><V27/><F114/><W106/><G32/><T89/><D122/><U57/><E57/><V109/><F109/><W112/><G106/><T10/><D90/><U102/><E65/><V79/><F59/><W100/><G105/><T121/><D121/><U3/><E26/><V19/><F27/><W37/><G37/><T78/><D78/><U92/><E58/><V83/><F95/><AGARI ba="1,0" hai="10,14,16,47,48,50,51,54,84,89,95" m="49675" machi="95" ten="30,2000,0" yaku="19,1,54,1" doraHai="98" who="0" fromWho="2" sc="90,23,299,0,352,-23,259,0" /><INIT seed="6,0,0,5,3,133" ten="113,299,329,259" oya="2" hai0="124,5,91,3,111,72,84,126,43,55,57,1,130" hai1="27,86,48,11,119,129,87,98,61,135,22,33,117" hai2="99,74,51,53,56,59,7,96,128,47,67,89,85" hai3="34,69,64,78,106,120,66,70,102,6,105,2,123"/><V52/><F74/><W92/><G78/><T44/><D72/><U101/><E135/><V31/><F128/><W103/><G92/><T75/><D75/><U54/><E33/><V12/><F31/><W104/><G6/><T58/><D111/><U49/><E129/><V115/><F115/><W80/><G80/><T10/><D1/><U113/><E113/><V82/><F67/><N who="3" m="25643" /><G2/><T65/><D65/><U83/><E87/><V37/><F37/><W97/><G97/><T19/><D19/><U100/><E48/><V39/><F39/><W24/><G24/><T68/><D68/><N who="3" m="26217" /><G34/><T38/><D130/><U116/><E61/><N who="2" m="35975" /><F59/><W76/><G76/><T77/><D77/><U21/><E11/><AGARI ba="0,0" hai="7,11,12,47,51,53,82,85,89,96,99" m="35975" machi="11" ten="30,2900,0" yaku="8,1,54,1" doraHai="133" who="2" fromWho="1" sc="113,0,299,-29,329,29,259,0" /><INIT seed="6,1,0,4,4,133" ten="113,270,358,259" oya="2" hai0="120,27,72,24,2,14,44,108,99,115,45,10,38" hai1="119,125,55,78,92,8,77,17,112,51,60,26,30" hai2="56,81,98,94,134,104,100,32,117,36,88,124,50" hai3="95,59,93,130,103,107,62,109,106,57,121,54,40"/><V91/><F36/><W102/><G109/><T49/><D72/><U85/><E119/><V58/><F32/><W39/><G130/><T41/><D108/><U73/><E73/><V90/><F117/><W97/><G121/><T68/><D2/><U118/><E118/><V0/><F0/><W35/><G35/><T52/><D115/><U47/><E112/><V70/><F70/><W82/><G82/><T127/><D120/><U29/><E60/><V123/><F123/><W110/><G110/><T46/><D127/><U135/><E125/><V48/><F124/><W6/><G6/><T86/><D68/><U65/><E65/><V22/><F134/><W84/><G84/><T96/><D45/><U69/><E69/><V71/><F71/><W128/><G128/><T4/><REACH who="0" step="1"/><D86/><REACH who="0" ten="103,270,358,259" step="2"/><U114/><E114/><V63/><F58/><W80/><G59/><T75/><D75/><U89/><E135/><V13/><F56/><W9/><G57/><T131/><D131/><U25/><E85/><V61/><F61/><W53/><G62/><T12/><D12/><U16/><E47/><V113/><F13/><W111/><G111/><T83/><D83/><U116/><E116/><V67/><F81/><W129/><G80/><T1/><D1/><U126/><E126/><V37/><F63/><W122/><G129/><T64/><D64/><U19/><E26/><AGARI ba="1,1" hai="4,10,14,24,26,27,38,41,44,46,49,52,96,99" machi="26" ten="40,2600,0" yaku="1,1,54,1,53,0" doraHai="133" doraHaiUra="28" who="0" fromWho="1" sc="103,39,270,-29,358,0,259,0" /><INIT seed="7,0,0,3,3,73" ten="142,241,358,259" oya="3" hai0="128,8,65,82,21,118,45,103,81,47,120,83,109" hai1="25,44,122,11,94,106,6,134,78,32,121,53,52" hai2="69,101,50,111,132,95,75,116,0,43,19,80,38" hai3="77,104,102,133,48,41,24,61,31,66,92,3,123"/><W28/><G123/><T56/><D120/><U72/><E106/><V100/><F69/><W42/><G3/><T51/><D109/><U67/><E67/><V20/><F111/><W60/><G104/><T115/><D118/><U85/><E134/><V39/><F0/><W7/><G7/><T12/><D115/><U127/><E127/><V5/><F50/><W36/><G36/><T98/><D128/><U4/><E4/><V34/><F39/><W110/><G133/><T14/><D21/><U93/><E72/><V131/><F75/><W86/><G110/><T99/><D65/><U84/><E32/><V55/><F20/><N who="3" m="15367" /><G31/><T33/><D33/><U114/><E114/><V88/><F5/><W17/><G17/><T124/><D124/><U18/><E18/><V59/><F19/><W29/><G29/><T76/><D56/><U113/><E113/><V26/><F34/><W63/><G48/><T96/><D103/><U107/><E107/><V112/><F38/><W90/><G66/><T87/><D47/><U79/><E44/><V40/><F116/><W10/><G10/><T46/><D45/><U16/><E11/><V9/><F9/><W27/><G27/><T23/><D23/><U68/><E16/><V89/><F112/><W105/><G105/><T119/><D119/><U37/><E25/><V30/><F26/><W1/><G1/><T74/><D74/><U135/><E135/><V125/><F132/><W129/><G129/><T22/><D22/><U108/><E108/><V97/><F131/><W2/><G2/><T130/><D130/><U71/><E37/><RYUUKYOKU ba="0,0" sc="142,-10,241,30,358,-10,259,-10" hai1="6,52,53,68,71,78,79,84,85,93,94,121,122" owari="132,-37.0,271,7.0,348,45.0,249,-15.0" /></mjloggm>