<mjloggm ver="2.3"><GO type="169" lobby="0"/><UN n0="%E6%9E%9D%E8%B1%86%E3%82%AB%E3%83%AC%E3%83%BC%E7%94%98%E5%8F%A3" n1="%EF%BC%88%2A%C2%B4%E3%83%BC%EF%BD%80%2A%EF%BC%89" n2="%70%69%2D%70%6F" n3="%E3%81%92%E3%82%93%E3%81%9F%E3%82%8D%E3%81%AE%E3%81%8B%E3%81%91%E3%82%89" dan="17,17,16,16" rate="2113.41,2164.38,2130.84,2082.43" sx="F,F,M,M"/><TAIKYOKU oya="0"/><INIT seed="0,0,0,4,2,40" ten="250,250,250,250" oya="0" hai0="3,100,56,135,28,8,63,125,84,16,45,35,59" hai1="86,31,79,116,1,54,33,9,107,106,94,39,87" hai2="115,62,68,93,69,14,44,10,126,64,36,103,53" hai3="134,89,57,96,22,6,32,85,49,58,23,80,111"/><T124/><D135/><U108/><E116/><V74/><F115/><W112/><G112/><T67/><D100/><U50/><E39/><V25/><F126/><N who="0" m="48746" /><D28/><U82/><E108/><V66/><F74/><W7/><G111/><T11/><D35/><U132/><E132/><V37/><F25/><W17/><G32/><T60/><D84/><U91/><E31/><V88/><F103/><W95/><G134/><T27/><D3/><U97/><E33/><V34/><F34/><W110/><G110/><T21/><D45/><U19/><E87/><V117/><F117/><W129/><G129/><T83/><D83/><U55/><E55/><AGARI ba="0,0" hai="8,11,16,21,27,55,56,59,60,63,67" m="48746" machi="55" ten="30,2900,0" yaku="18,1,54,1" doraHai="40" who="0" fromWho="1" sc="250,29,250,-29,250,0,250,0" /><INIT seed="0,1,0,1,1,81" ten="279,221,250,250" oya="0" hai0="8,65,116,12,134,104,120,74,53,7,37,38,125" hai1="56,39,59,48,5,76,102,119,67,93,100,105,34" hai2="68,33,24,15,112,13,97,103,20,135,87,66,52" hai3="69,46,99,132,86,62,35,124,2,122,79,78,98"/><T51/><D120/><U71/><E119/><V77/><F112/><W0/><G35/><T128/><D116/><U3/><E34/><V36/><F36/><W23/><G122/><T133/><D104/><U131/><E105/><V91/><F77/><W30/><G132/><N who="0" m="50795" /><D74/><U28/><E131/><V84/><F135/><W115/><G115/><T129/><D65/><U92/><E28/><V90/><F33/><W107/><G124/><T1/><D1/><U25/><E25/><V64/><F68/><W85/><G107/><T45/><D125/><U54/><E39/><AGARI ba="1,0" hai="7,8,12,37,38,39,45,51,53,128,129" m="50795" machi="39" ten="30,1500,0" yaku="20,1" doraHai="81" who="0" fromWho="1" sc="279,18,221,-18,250,0,250,0" /><INIT seed="0,2,0,0,5,18" ten="297,203,250,250" oya="0" hai0="14,50,72,112,4,77,99,13,79,10,35,3,8" hai1="1,68,7,23,104,49,123,122,130,27,28,55,61" hai2="16,106,60,108,94,75,9,87,124,115,91,37,45" hai3="63,26,98,66,93,67,52,105,36,76,21,88,41"/><T47/><D112/><U59/><E104/><V101/><F115/><W31/><G105/><T12/><D35/><U86/><E130/><V126/><F108/><W121/><G121/><T24/><D72/><U92/><E7/><V34/><F34/><W42/><G76/><T78/><D99/><U22/><E1/><V58/><F75/><W39/><G39/><T15/><D24/><U81/><E92/><V111/><F111/><W117/><G117/><T100/><D100/><U74/><E74/><V56/><F106/><W119/><G119/><T109/><D109/><U44/><E68/><V132/><F132/><W48/><G36/><T64/><D64/><N who="3" m="24617" /><G63/><T89/><D89/><U2/><E2/><V82/><F101/><W62/><G62/><T131/><D131/><U85/><E85/><V70/><F70/><W25/><G25/><T125/><D125/><N who="2" m="48234" /><F94/><W5/><G5/><T102/><D102/><U32/><E123/><V135/><F135/><W43/><G43/><T54/><REACH who="0" step="1"/><D3/><REACH who="0" ten="287,203,250,250" step="2"/><U129/><E129/><V95/><F91/><W51/><G51/><T84/><D84/><U80/><E122/><V114/><F87/><W83/><G83/><T133/><D133/><U40/><E81/><V107/><F82/><W57/><AGARI ba="2,1" hai="21,26,31,41,42,48,52,57,88,93,98" m="24617" machi="57" ten="30,7900,0" yaku="8,1,52,1,54,2" doraHai="18" who="3" fromWho="3" sc="287,-41,203,-22,250,-22,250,95" /><INIT seed="1,0,0,0,2,129" ten="246,181,228,345" oya="1" hai0="116,22,110,100,108,18,107,9,103,64,7,19,84" hai1="48,41,130,14,35,50,102,55,98,80,94,106,37" hai2="79,87,46,38,95,135,42,61,81,40,44,125,13" hai3="121,118,70,126,86,124,132,109,20,113,112,29,67"/><U66/><E35/><V123/><F123/><W105/><G105/><T3/><D116/><U1/><E1/><V25/><F125/><N who="3" m="48235" /><G86/><T75/><D75/><U39/><E130/><V83/><F135/><W82/><G82/><T15/><D64/><U92/><E66/><V101/><F25/><N who="3" m="16551" /><G67/><T78/><D107/><U88/><E106/><V51/><F61/><W21/><G70/><T33/><D33/><U127/><E127/><V134/><F134/><W10/><G132/><T53/><D84/><U93/><E80/><V96/><F83/><W12/><G121/><T85/><D85/><U2/><E2/><V122/><F122/><W89/><G89/><T11/><D78/><U117/><E117/><V71/><F71/><W99/><G99/><T73/><D73/><U8/><E41/><V36/><F51/><W72/><G72/><T16/><D100/><U56/><E50/><V133/><F133/><W90/><G90/><T120/><D103/><U4/><REACH who="1" step="1"/><E94/><REACH who="1" ten="246,171,228,345" step="2"/><V31/><F42/><W68/><G118/><T26/><D120/><U43/><E43/><V128/><F40/><W5/><G68/><T60/><D60/><U17/><E17/><N who="0" m="6761" /><D53/><U76/><E76/><V131/><F79/><W23/><G109/><N who="0" m="42091" /><D11/><U52/><E52/><V57/><F95/><W74/><G74/><T62/><D62/><U28/><E28/><V65/><F31/><W24/><G21/><T97/><D3/><U47/><E47/><V34/><F44/><W27/><G23/><T115/><D115/><AGARI ba="0,1" hai="5,10,12,24,27,112,113,115" m="16551,48235" machi="115" ten="30,3900,0" yaku="18,1,34,2" doraHai="129" who="3" fromWho="0" sc="246,-39,171,0,228,0,345,49" /><INIT seed="2,0,0,2,1,97" ten="207,171,228,394" oya="2" hai0="52,46,54,122,72,58,94,47,51,62,71,41,89" hai1="33,69,129,73,60,101,74,10,16,21,81,85,112" hai2="17,28,50,0,121,116,107,75,93,31,68,86,83" hai3="103,127,98,119,115,111,45,4,40,3,70,27,63"/><V87/><F121/><W32/><G119/><T106/><D106/><U84/><E112/><V133/><F116/><W18/><G115/><T91/><D122/><U95/><E33/><V6/><F107/><N who="3" m="63991" /><G111/><T113/><D113/><U57/><E69/><V114/><F114/><W118/><G118/><T26/><D72/><U37/><E37/><V12/><F75/><W8/><G127/><T5/><D5/><U48/><E129/><V108/><F108/><W134/><G134/><T35/><D71/><U132/><E132/><V22/><F133/><W99/><G99/><T104/><D104/><U109/><E109/><V128/><F128/><W29/><G18/><T56/><D94/><U59/><E74/><V65/><F50/><W36/><G63/><T130/><D130/><U125/><E10/><V20/><F93/><W42/><G42/><T24/><D47/><U78/><E125/><V100/><F20/><W19/><G19/><T105/><D105/><U66/><E57/><V92/><F6/><W102/><G102/><T120/><D120/><U2/><E2/><V44/><F0/><W126/><G126/><T13/><D35/><U123/><E48/><V49/><F49/><W90/><G90/><T15/><D91/><N who="1" m="53743" /><E123/><V55/><F92/><W34/><G34/><T64/><D89/><U131/><E131/><V88/><F44/><W1/><G3/><T43/><D43/><U124/><E124/><V53/><F87/><W9/><G9/><T80/><D41/><U30/><E73/><V25/><F88/><W14/><G1/><T7/><D46/><U38/><E38/><RYUUKYOKU ba="0,0" sc="207,-10,171,-10,228,-10,394,30" hai3="4,8,14,27,29,32,36,40,45,70" /><INIT seed="3,1,0,4,2,7" ten="197,161,218,424" oya="3" hai0="41,117,72,92,98,128,8,108,31,131,17,19,76" hai1="54,74,28,11,116,73,129,97,12,84,90,103,26" hai2="83,58,37,27,42,63,24,135,64,93,127,132,112" hai3="57,49,100,94,79,65,123,33,71,43,0,80,13"/><W87/><G0/><T86/><D117/><U4/><E54/><V95/><F112/><W29/><G123/><T62/><D108/><U6/><E129/><N who="0" m="49737" /><D86/><U85/><E116/><V52/><F127/><W88/><G71/><T47/><D31/><U35/><E4/><V10/><F83/><W115/><G115/><T67/><D76/><U9/><E9/><V78/><F78/><W15/><G100/><N who="0" m="60487" /><D72/><U45/><E45/><N who="2" m="23759" /><F64/><W120/><G120/><T69/><D8/><U104/><REACH who="1" step="1"/><E84/><REACH who="1" ten="197,151,218,424" step="2"/><V39/><F10/><W16/><G43/><T111/><D111/><U2/><E2/><V134/><F39/><AGARI ba="1,1" hai="17,19,39,41,47,62,67,69" m="60487,49737" machi="39" ten="30,1000,0" yaku="19,1" doraHai="7" who="0" fromWho="2" sc="197,23,151,0,218,-13,424,0" /><INIT seed="4,0,0,0,5,81" ten="220,151,205,424" oya="0" hai0="62,104,82,49,18,94,120,112,111,30,37,125,121" hai1="117,91,24,57,97,92,44,80,60,42,107,113,64" hai2="102,123,8,27,98,67,99,28,0,22,74,36,114" hai3="73,34,14,40,103,35,32,85,65,88,100,129,48"/><T77/><D104/><U12/><E117/><V10/><F123/><W39/><G73/><T46/><D37/><U116/><E116/><V38/><F74/><W29/><G39/><T84/><D112/><U43/><E113/><V70/><F114/><W56/><G29/><T7/><D125/><U93/><E107/><V78/><F98/><W13/><G129/><T126/><D126/><U133/><E133/><V50/><F38/><W135/><G135/><T59/><D111/><U54/><E80/><V47/><F36/><W96/><G40/><T2/><D30/><U79/><E79/><V101/><F0/><W31/><G31/><T115/><D115/><U66/><E24/><V17/><F78/><W127/><G103/><T69/><D69/><U119/><E119/><V75/><F75/><W105/><G127/><T16/><D7/><U76/><E76/><V53/><F17/><W19/><G19/><T9/><D2/><U134/><E134/><V45/><F45/><W72/><G72/><T130/><D130/><U1/><E1/><V4/><F4/><W33/><G33/><T118/><D118/><U106/><E106/><V20/><F20/><W58/><G58/><T55/><D9/><N who="2" m="3690" /><F99/><W86/><G32/><T87/><D121/><U124/><E124/><V41/><F41/><N who="1" m="15369" /><E44/><V132/><F132/><W51/><G34/><T5/><D120/><U128/><E128/><V89/><F89/><W90/><G90/><N who="0" m="53575" /><D5/><U52/><E12/><V71/><F71/><W131/><G35/><T109/><D109/><U108/><E108/><V23/><F23/><W63/><G131/><RYUUKYOKU ba="0,0" sc="220,15,151,-15,205,15,424,-15" hai0="16,18,46,49,55,59,62,77,82,87" hai2="22,27,28,47,50,53,67,70,101,102" /><INIT seed="4,1,0,2,4,106" ten="235,136,220,409" oya="0" hai0="20,22,1,115,119,102,51,31,55,113,28,2,56" hai1="19,118,72,58,38,90,64,48,7,92,67,84,33" hai2="11,104,114,9,23,36,75,52,133,53,117,15,76" hai3="86,78,70,10,57,98,135,74,83,54,131,29,120"/><T34/><D119/><U73/><E118/><V103/><F117/><W59/><G70/><T87/><D102/><U116/><E116/><V4/><F36/><W105/><G131/><T96/><D96/><U97/><E38/><V12/><F114/><N who="0" m="43530" /><D87/><U37/><E37/><V21/><F133/><W46/><G135/><T121/><D121/><U18/><E33/><V47/><F103/><W79/><G79/><T77/><D77/><U122/><E7/><V5/><F104/><W127/><G127/><T30/><D34/><U123/><E122/><V111/><F111/><W110/><G98/><T101/><D101/><U108/><E123/><V39/><F39/><W107/><G105/><T95/><D95/><U132/><E108/><V27/><F47/><W89/><G107/><T88/><D88/><U124/><E132/><V44/><F44/><W68/><G89/><T129/><D129/><U82/><E124/><V112/><F112/><W26/><G86/><T99/><D99/><U62/><E64/><V91/><F91/><W50/><G78/><T69/><D69/><U6/><E6/><V71/><F71/><W63/><G68/><T130/><D130/><U35/><E35/><V100/><F100/><W25/><G110/><T81/><D81/><U42/><E42/><V40/><F40/><W16/><G83/><T93/><D93/><U60/><E60/><V128/><F128/><W8/><G120/><T32/><D32/><U49/><E48/><V109/><F109/><W0/><G63/><T65/><D65/><U43/><E67/><V17/><F23/><AGARI ba="1,0" hai="1,2,20,22,23,28,30,31,51,55,56" m="43530" machi="23" ten="30,1500,0" yaku="15,1" doraHai="106" who="0" fromWho="2" sc="235,18,136,0,220,-18,409,0" /><INIT seed="4,2,0,5,1,51" ten="253,136,202,409" oya="0" hai0="86,57,64,100,66,84,123,9,102,36,25,70,5" hai1="94,55,77,93,121,109,47,116,75,59,43,14,88" hai2="37,31,63,125,6,107,99,92,60,130,35,68,132" hai3="13,44,101,28,122,104,26,30,10,69,52,1,78"/><T108/><D70/><U45/><E116/><V76/><F125/><W113/><G1/><T12/><D36/><U24/><E121/><V46/><F130/><W22/><G69/><T50/><D123/><U54/><E109/><V127/><F127/><W112/><G122/><T0/><D0/><U18/><E75/><V82/><F132/><W65/><G65/><N who="0" m="25195" /><D108/><U20/><E77/><V34/><F107/><W62/><G78/><T128/><D128/><U95/><E43/><V58/><F68/><W98/><G30/><T39/><D39/><U74/><E74/><V2/><F31/><W56/><REACH who="3" step="1"/><G44/><REACH who="3" ten="253,136,202,399" step="2"/><N who="1" m="16970" /><E59/><V83/><F46/><W15/><G15/><T115/><D25/><U38/><E38/><V133/><F37/><W97/><G97/><T71/><D71/><U79/><E79/><V73/><F99/><W110/><G110/><T61/><D12/><U29/><E88/><V96/><F76/><W105/><G105/><T19/><D102/><U80/><E80/><V33/><F82/><W131/><G131/><T126/><D100/><U23/><AGARI ba="2,1" hai="14,18,20,23,24,29,54,55,93,94,95" m="16970" machi="23" ten="30,4000,0" yaku="8,1,52,2" doraHai="51" who="1" fromWho="1" sc="253,-22,136,56,202,-12,399,-12" /><INIT seed="5,0,0,0,5,133" ten="231,192,190,387" oya="1" hai0="45,120,125,51,1,50,128,60,105,56,77,123,11" hai1="91,37,124,34,111,134,12,44,75,27,13,48,30" hai2="132,106,58,104,78,21,119,43,36,15,118,42,112" hai3="89,98,3,7,22,10,17,29,95,130,71,2,5"/><U88/><E75/><V115/><F132/><W93/><G130/><T39/><D128/><U47/><E134/><V63/><F78/><W49/><G71/><T64/><D105/><N who="2" m="40554" /><F21/><W97/><G29/><T26/><D26/><U70/><E70/><V109/><F15/><N who="3" m="7415" /><G2/><T83/><D39/><U73/><E73/><V23/><F23/><W84/><G3/><T35/><D35/><U67/><E67/><N who="2" m="39415" /><F109/><W24/><G84/><T114/><D11/><U66/><E66/><V102/><F102/><N who="3" m="60719" /><G49/><T20/><D51/><U108/><E37/><V121/><F121/><W25/><G22/><T127/><D20/><U107/><E107/><V135/><F135/><W103/><G103/><T38/><D38/><U85/><E91/><V113/><F36/><W57/><G57/><T40/><D1/><U18/><E44/><V14/><F14/><W72/><G72/><T46/><D46/><U79/><E79/><V31/><F31/><W32/><G32/><T62/><D120/><U131/><E12/><V76/><F76/><W96/><G96/><T122/><D122/><U100/><E100/><V126/><F126/><W33/><G33/><T68/><D123/><U59/><E131/><V110/><F110/><N who="1" m="42025" /><E59/><V117/><AGARI ba="0,0" hai="42,43,112,113,115,117,118,119" m="39415,40554" machi="117" ten="50,3200,0" yaku="15,1,11,1" doraHai="133" who="2" fromWho="2" sc="231,-8,192,-16,190,32,387,-8" /><INIT seed="6,0,0,4,2,87" ten="223,176,222,379" oya="2" hai0="104,126,70,52,117,17,33,132,25,40,108,123,22" hai1="134,116,94,112,45,27,5,59,97,10,83,125,15" hai2="62,42,114,50,66,100,135,103,85,71,35,68,93" hai3="48,92,78,6,81,96,20,9,124,131,12,26,77"/><V8/><F71/><W44/><G124/><T111/><D104/><U30/><E125/><V119/><F119/><W75/><G131/><T1/><D40/><U36/><E116/><V18/><F35/><W28/><G81/><T61/><D126/><U11/><E112/><V14/><F135/><W107/><G75/><T69/><D123/><U89/><E134/><V7/><F114/><W16/><G107/><T57/><D132/><U90/><E36/><V38/><F38/><W55/><G28/><T60/><D117/><U54/><E45/><V101/><F42/><W128/><G128/><T129/><D129/><U67/><E67/><V34/><F34/><W105/><G105/><T21/><D33/><U80/><E11/><V82/><F50/><W110/><G110/><T4/><D22/><N who="1" m="15735" /><E80/><V122/><F122/><W51/><G48/><T37/><D37/><U76/><E76/><V46/><F46/><W31/><G31/><T41/><D41/><U79/><E79/><V43/><F43/><W39/><G39/><T127/><D127/><U113/><E83/><V63/><F63/><W73/><G73/><T86/><D61/><N who="1" m="36087" /><E113/><V106/><F106/><W88/><AGARI ba="0,0" hai="6,9,12,16,20,26,44,51,55,77,78,88,92,96" machi="88" ten="20,12000,2" yaku="0,1,7,1,8,1,52,1,54,2" doraHai="87" who="3" fromWho="3" sc="223,-30,176,-30,222,-60,379,120" /><INIT seed="7,0,0,0,3,52" ten="193,146,162,499" oya="3" hai0="114,100,111,18,95,21,98,132,120,6,66,31,47" hai1="15,46,3,91,58,63,75,88,81,2,124,79,89" hai2="36,5,64,59,22,128,65,45,115,109,131,50,93" hai3="41,83,78,12,130,71,80,122,10,118,101,127,14"/><W92/><G71/><T62/><D120/><U51/><E124/><V57/><F109/><W44/><G118/><T69/><D111/><U119/><E119/><V133/><F115/><W7/><G130/><N who="2" m="49705" /><F36/><W43/><G127/><T72/><D132/><U113/><E113/><V42/><F133/><W74/><G83/><T86/><D72/><U55/><REACH who="1" step="1"/><E15/><REACH who="1" ten="193,136,162,499" step="2"/><V17/><F5/><W90/><G14/><T38/><D114/><U85/><E85/><V30/><F30/><W23/><G101/><T112/><D86/><U121/><E121/><V0/><F0/><W99/><G122/><T26/><D31/><U32/><E32/><V103/><F65/><AGARI ba="0,1" hai="2,3,46,51,55,58,63,65,75,79,81,88,89,91" machi="65" ten="40,5200,0" yaku="1,1,52,1,54,1,53,0" doraHai="52" doraHaiUra="29" who="1" fromWho="2" sc="193,0,136,62,162,-52,499,0" owari="193,-21.0,198,0.0,110,-39.0,499,60.0" /></mjloggm>