<mjloggm ver="2.3"><GO type="169" lobby="0"/><UN n0="%68%69%72%6F%70%65%6E" n1="%EF%BC%88%E2%89%A7%E2%96%BD%E2%89%A6%EF%BC%89" n2="%6D%69%6E%32%30%30%32" n3="%EF%BC%A3%EF%BC%93%E9%BE%8D%E9%96%80" dan="17,20,16,16" rate="2128.64,2190.22,2005.28,2066.11" sx="M,M,F,M"/><TAIKYOKU oya="0"/><INIT seed="0,0,0,5,3,17" ten="250,250,250,250" oya="0" hai0="121,66,39,75,31,63,46,78,45,112,38,106,40" hai1="127,19,73,132,79,5,18,64,35,6,133,123,60" hai2="108,135,51,129,120,88,4,58,16,30,97,59,100" hai3="81,44,29,74,27,117,102,2,89,84,48,130,92"/><T111/><D121/><U103/><E123/><V23/><F120/><W99/><G130/><T65/><D112/><U47/><E103/><V26/><F129/><W105/><G2/><T34/><D106/><U83/><E35/><V131/><F131/><W1/><G1/><T113/><D113/><U119/><E119/><V115/><F115/><W93/><G117/><T12/><D12/><U85/><E127/><V122/><F122/><W41/><REACH who="3" step="1"/><G74/><REACH who="3" ten="250,250,250,240" step="2"/><T21/><D75/><U71/><E73/><V54/><F108/><W104/><G104/><T124/><D111/><U110/><E110/><V94/><F135/><W67/><G67/><T109/><D66/><U128/><E133/><V43/><F4/><W28/><G28/><T24/><D109/><U15/><E132/><V114/><F114/><W20/><AGARI ba="0,1" hai="20,27,29,41,44,48,81,84,89,92,93,99,102,105" machi="20" ten="20,5200,0" yaku="1,1,0,1,7,1,52,1,53,0" doraHai="17" doraHaiUra="62" who="3" fromWho="3" sc="250,-26,250,-13,250,-13,240,62" /><INIT seed="1,0,0,0,2,110" ten="224,237,237,302" oya="1" hai0="93,7,64,115,3,1,132,72,73,103,4,19,50" hai1="21,62,133,13,17,61,40,96,106,109,42,122,116" hai2="90,111,35,48,60,11,112,28,113,30,34,6,45" hai3="36,80,55,54,12,124,120,83,0,79,114,26,52"/><U75/><E122/><V41/><F111/><W57/><G0/><T134/><D64/><U125/><E109/><V131/><F60/><W31/><G114/><N who="2" m="44137" /><F90/><W99/><G124/><T66/><D115/><U9/><E125/><V53/><F131/><W20/><G36/><T129/><D129/><U10/><E62/><V118/><F118/><W130/><G120/><T89/><D103/><U24/><E61/><V16/><F16/><W97/><G57/><T94/><D66/><U59/><E17/><V86/><F86/><N who="3" m="48415" /><G130/><T95/><D19/><U77/><E116/><V71/><F71/><W29/><G29/><N who="2" m="11369" /><F41/><W88/><G12/><AGARI ba="0,0" hai="6,11,12,34,35,45,48,53" m="11369,44137" machi="12" ten="30,7700,0" yaku="11,1,52,3" doraHai="110" who="2" fromWho="3" sc="224,0,237,0,237,77,302,-77" /><INIT seed="2,0,0,0,5,39" ten="224,237,314,225" oya="2" hai0="21,64,24,130,90,11,28,97,126,31,66,119,13" hai1="44,47,100,70,120,84,19,56,38,107,10,69,43" hai2="133,60,37,67,50,42,132,57,108,51,58,114,78" hai3="68,62,125,9,14,3,79,17,55,131,113,99,80"/><V41/><F78/><W20/><G113/><T25/><D130/><U29/><E120/><V128/><F114/><W71/><G131/><T54/><D126/><U81/><E29/><V76/><F76/><W15/><G3/><T12/><D119/><U129/><E129/><V33/><F128/><W123/><G123/><T45/><D13/><U87/><E56/><V30/><F108/><W110/><G110/><T0/><D0/><U27/><E10/><V124/><F124/><W61/><G99/><T122/><D122/><U18/><E100/><V36/><F30/><W109/><G109/><T93/><D54/><U134/><E107/><V135/><F33/><W115/><G115/><T35/><REACH who="0" step="1"/><D45/><REACH who="0" ten="214,237,314,225" step="2"/><U40/><E47/><N who="2" m="25975" /><F58/><W92/><G125/><T65/><D65/><U23/><E44/><AGARI ba="0,1" hai="36,37,41,44,51,57,60,67,132,133,135" m="25975" machi="44" ten="30,12000,1" yaku="20,1,34,2,52,2" doraHai="39" who="2" fromWho="1" sc="214,0,237,-120,314,130,225,0" /><INIT seed="2,1,0,5,4,131" ten="214,117,444,225" oya="2" hai0="7,87,5,70,112,96,98,15,85,122,56,71,61" hai1="50,127,75,84,0,103,126,120,4,64,38,12,101" hai2="14,78,9,35,47,123,20,90,119,92,41,18,49" hai3="54,132,43,42,106,32,118,100,29,31,22,58,23"/><V117/><F123/><W114/><G118/><T73/><D122/><U46/><E120/><V107/><F107/><W57/><G54/><T109/><D112/><U25/><E75/><V68/><F68/><W30/><G114/><T24/><D73/><U55/><E0/><V95/><F78/><W115/><G115/><T37/><D37/><U113/><E113/><V21/><F35/><W77/><G77/><T13/><D24/><U110/><E110/><V102/><F119/><W62/><G32/><T19/><D109/><U99/><E38/><V133/><F117/><W82/><G82/><T59/><D61/><U134/><E134/><V33/><F133/><W104/><G31/><T135/><D19/><U48/><E64/><V66/><F66/><W128/><G62/><T65/><D65/><U60/><E60/><V27/><F33/><W124/><G124/><N who="1" m="47658" /><E25/><V40/><F27/><W94/><G128/><T111/><D111/><U10/><E99/><N who="2" m="59775" /><F41/><W72/><G72/><T36/><REACH who="0" step="1"/><D36/><REACH who="0" ten="204,117,444,225" step="2"/><U3/><E50/><V86/><AGARI ba="1,1" hai="9,14,18,20,21,40,47,49,86,90,92" m="59775" machi="86" ten="30,1500,0" yaku="8,1" doraHai="131" who="2" fromWho="2" sc="204,-6,117,-6,444,28,225,-6" /><INIT seed="2,2,0,3,4,87" ten="198,111,472,219" oya="2" hai0="70,115,13,123,29,82,109,15,113,0,5,86,60" hai1="124,6,39,88,17,105,48,41,103,65,20,38,44" hai2="111,121,90,21,110,56,117,46,69,85,64,95,104" hai3="78,42,119,101,63,35,129,25,81,36,22,99,114"/><V57/><F117/><W32/><G119/><T19/><D123/><U112/><E112/><V102/><F121/><W116/><G129/><T79/><D109/><N who="2" m="41482" /><F46/><W18/><G114/><T108/><D108/><U120/><E120/><V43/><F43/><W34/><G63/><T72/><D29/><U122/><E122/><V126/><F126/><W80/><G116/><T8/><D72/><U55/><E124/><V54/><F21/><W9/><G9/><T77/><D77/><U61/><E6/><V93/><F69/><W92/><REACH who="3" step="1"/><G78/><REACH who="3" ten="198,111,472,209" step="2"/><T71/><D115/><U73/><E61/><V67/><F67/><W98/><G98/><T66/><D113/><U23/><E65/><V28/><F64/><W16/><G16/><T132/><D132/><U97/><E73/><V40/><F28/><W37/><G37/><T94/><D19/><U47/><E39/><V2/><F2/><W3/><G3/><T89/><D71/><U7/><E7/><V100/><F57/><W130/><G130/><T11/><D11/><U76/><E76/><V30/><F30/><W50/><G50/><T134/><D134/><U106/><E17/><V68/><F56/><W118/><G118/><T4/><D4/><U14/><E14/><V52/><F68/><W24/><G24/><T62/><D62/><U91/><REACH who="1" step="1"/><E106/><REACH who="1" ten="198,101,472,209" step="2"/><V125/><F104/><W27/><G27/><T59/><D70/><U131/><E131/><V12/><F125/><W133/><G133/><T74/><AGARI ba="2,2" hai="0,5,8,13,15,59,60,66,74,79,82,86,89,94" machi="74" ten="20,2700,0" yaku="0,1,7,1,52,1" doraHai="87" who="0" fromWho="0" sc="198,53,101,-9,472,-15,209,-9" /><INIT seed="3,0,0,5,0,67" ten="251,92,457,200" oya="3" hai0="3,119,134,128,44,1,70,28,75,112,12,81,109" hai1="22,101,19,40,114,96,24,32,41,48,55,0,15" hai2="14,59,52,68,92,80,121,47,103,73,13,107,54" hai3="82,18,72,98,88,90,127,95,20,23,35,116,6"/><W71/><G116/><T11/><D109/><U130/><E114/><V63/><F107/><W83/><G35/><T66/><D119/><U17/><E130/><V126/><F68/><W25/><G127/><T78/><D128/><U111/><E0/><V77/><F126/><W39/><G39/><T102/><D134/><U61/><E111/><V129/><F129/><W123/><G71/><T115/><D28/><U85/><E61/><V108/><F108/><W38/><G38/><T56/><D56/><U84/><E84/><N who="2" m="48143" /><F121/><W8/><G123/><T120/><D120/><U74/><E74/><V79/><F79/><W4/><G4/><N who="0" m="3175" /><D44/><U58/><E85/><V89/><F103/><W91/><G23/><T87/><D102/><U110/><E110/><V97/><F73/><W45/><G45/><T69/><D66/><U86/><E86/><V131/><F131/><W26/><G26/><T10/><D10/><U118/><E118/><V46/><F46/><W2/><REACH who="3" step="1"/><G72/><REACH who="3" ten="251,92,457,190" step="2"/><T9/><D75/><U133/><E32/><V64/><F47/><W117/><G117/><T106/><D69/><U76/><E133/><V135/><F135/><W65/><G65/><T132/><D70/><U100/><E24/><V27/><F27/><W29/><G29/><T105/><D132/><U99/><E22/><V43/><F43/><W104/><G104/><N who="0" m="40043" /><D9/><U34/><E34/><V62/><F64/><W37/><G37/><T31/><D31/><U50/><E41/><V33/><F33/><W49/><G49/><T57/><D57/><AGARI ba="0,1" hai="13,14,52,54,57,59,62,63,89,92,97" m="48143" machi="57" ten="30,2000,0" yaku="8,1,54,1" doraHai="67" who="2" fromWho="0" sc="251,-20,92,0,457,30,190,0" /><INIT seed="4,0,0,5,0,115" ten="231,92,487,190" oya="0" hai0="45,117,100,73,94,119,1,3,22,112,51,61,27" hai1="128,19,106,65,104,20,93,36,74,88,7,35,131" hai2="89,99,25,24,109,76,114,39,118,2,84,38,52" hai3="8,81,67,120,133,83,60,78,69,134,57,32,44"/><T66/><D73/><U46/><E35/><V101/><F109/><W132/><G120/><T48/><D112/><U111/><E111/><V98/><F2/><W16/><G32/><T40/><D51/><U91/><E74/><V59/><F76/><W123/><G123/><T116/><D94/><U12/><E65/><V29/><F114/><W113/><G113/><T82/><D100/><U124/><E124/><V47/><F47/><W130/><G130/><N who="1" m="49706" /><E7/><V129/><F129/><W86/><G44/><T28/><REACH who="0" step="1"/><D82/><REACH who="0" ten="221,92,487,190" step="2"/><U102/><E102/><V97/><F101/><W71/><G83/><T54/><D54/><U127/><E127/><V96/><F52/><W126/><G126/><T72/><D72/><U13/><E93/><V95/><F95/><W23/><REACH who="3" step="1"/><G8/><REACH who="3" ten="221,92,487,180" step="2"/><T108/><D108/><U62/><E106/><V122/><F122/><W11/><G11/><T43/><D43/><N who="1" m="22887" /><E104/><V34/><F39/><W50/><G50/><T10/><D10/><N who="1" m="6551" /><E62/><V107/><F38/><W92/><G92/><T103/><D103/><U55/><E55/><V14/><F107/><W15/><AGARI ba="0,2" hai="15,16,23,57,60,67,69,71,78,81,86,132,133,134" machi="15" ten="30,7900,0" yaku="1,1,0,1,20,1,54,1,53,0" doraHai="115" doraHaiUra="87" who="3" fromWho="3" sc="221,-39,92,-20,487,-20,180,99" /><INIT seed="5,0,0,4,2,86" ten="182,72,467,279" oya="1" hai0="42,130,64,23,120,94,67,7,59,13,80,27,115" hai1="106,78,68,56,44,98,55,133,47,134,113,28,12" hai2="51,50,36,82,29,10,65,21,126,74,22,114,32" hai3="4,125,83,96,119,132,26,124,3,61,60,110,75"/><U53/><E28/><V131/><F36/><W52/><G132/><N who="1" m="50794" /><E78/><V0/><F65/><W48/><G110/><T49/><D120/><U34/><E34/><V79/><F32/><W85/><G75/><T43/><D7/><U19/><E68/><V8/><F22/><W93/><G4/><T37/><D23/><N who="1" m="11751" /><E113/><V95/><F79/><N who="3" m="46335" /><G26/><T107/><D27/><U31/><E31/><V92/><F29/><W84/><G3/><T38/><D115/><U97/><E55/><V104/><F0/><W63/><G119/><T101/><D67/><U91/><E106/><V99/><F104/><W108/><G108/><T70/><D64/><U128/><E128/><V39/><F114/><W89/><G125/><T105/><D70/><U90/><E98/><V17/><F99/><W71/><G71/><T35/><D35/><U18/><E18/><V111/><F17/><W40/><G40/><T81/><D105/><U121/><E121/><V6/><F111/><W118/><G118/><T76/><D107/><U129/><E129/><V72/><F131/><W109/><G109/><T9/><D130/><U2/><E2/><V57/><F126/><W62/><G124/><T73/><D43/><U1/><E1/><V11/><F6/><W88/><N who="3" m="15360" /><DORA hai="58" /><W25/><G25/><T112/><D42/><U5/><E5/><V30/><F74/><W41/><G41/><T46/><D73/><U102/><E97/><V135/><F72/><W123/><G123/><T103/><D112/><U45/><E102/><V117/><F135/><W116/><G116/><T24/><D103/><U100/><E100/><RYUUKYOKU ba="0,0" sc="182,-10,72,30,467,-10,279,-10" hai1="44,45,47,53,56,90,91" /><INIT seed="5,1,0,3,3,118" ten="172,102,457,269" oya="1" hai0="132,96,51,126,79,45,103,19,72,80,39,95,46" hai1="90,54,26,44,102,5,68,32,123,74,106,61,42" hai2="70,76,78,41,77,31,9,29,4,81,34,83,8" hai3="43,91,56,88,124,28,58,36,64,14,99,2,131"/><U97/><E90/><V47/><F70/><W18/><G2/><T117/><D117/><U115/><E115/><V109/><F109/><W129/><G124/><T52/><D126/><U7/><E74/><V133/><F133/><W24/><G43/><T15/><D132/><U63/><E63/><V119/><F119/><W66/><G36/><T89/><D39/><N who="1" m="21599" /><E54/><V62/><F62/><W98/><G24/><T125/><D125/><U16/><E16/><V73/><F34/><W127/><G18/><T108/><D108/><U48/><E48/><V60/><F60/><W84/><G127/><T11/><REACH who="0" step="1"/><D89/><REACH who="0" ten="162,102,457,269" step="2"/><U21/><E123/><V101/><F78/><W113/><G91/><T50/><D50/><U38/><E38/><V104/><F77/><W105/><G88/><T10/><D10/><U134/><E134/><V1/><F9/><W107/><G129/><T23/><D23/><U12/><E21/><V35/><F35/><W93/><G131/><T3/><D3/><U22/><E22/><V111/><F111/><W135/><G135/><T110/><D110/><U25/><E32/><V86/><F8/><W94/><G64/><T40/><D40/><U27/><E12/><V49/><F1/><W17/><G14/><T121/><D121/><U87/><E87/><V13/><F86/><W82/><G84/><T6/><D6/><N who="1" m="2059" /><E61/><V120/><F120/><W57/><G66/><T53/><D53/><U122/><E122/><V85/><F85/><W114/><G114/><T75/><D75/><U67/><E67/><V116/><F116/><W0/><G113/><T30/><D30/><RYUUKYOKU ba="1,1" sc="162,15,102,15,457,-15,269,-15" hai0="11,15,19,45,46,51,52,72,79,80,95,96,103" hai1="25,26,27,68,97,102,106" /><INIT seed="5,2,1,3,0,105" ten="177,117,442,254" oya="1" hai0="36,48,116,28,97,90,45,6,9,113,59,61,94" hai1="83,86,55,14,3,109,112,65,115,124,50,110,121" hai2="29,79,2,122,22,30,87,20,118,74,75,101,57" hai3="58,35,37,51,33,76,120,0,71,54,127,46,107"/><U52/><E3/><V134/><F122/><W111/><G120/><T25/><D116/><U100/><E121/><V40/><F2/><W69/><G107/><T117/><D117/><U131/><E131/><V26/><F118/><W80/><G0/><T123/><D123/><U108/><E124/><V8/><F101/><W21/><G127/><T24/><D113/><N who="1" m="43595" /><E100/><V78/><F8/><W72/><G111/><N who="1" m="28418" /><U128/><DORA hai="68" /><E128/><V10/><F10/><W11/><G11/><T60/><D36/><U85/><E65/><V41/><F57/><W32/><REACH who="3" step="1"/><G21/><REACH who="3" ten="177,117,442,244" step="2"/><T64/><D9/><U27/><E27/><V81/><F26/><W16/><G16/><T31/><D24/><U43/><E14/><V88/><F22/><W95/><G95/><T53/><D25/><U106/><E106/><V84/><F20/><W77/><G77/><T49/><D6/><U7/><E7/><V99/><F79/><W23/><G23/><T1/><D1/><U17/><E17/><V133/><F78/><W13/><G13/><T91/><D28/><U119/><E119/><V19/><F19/><W34/><G34/><T73/><D31/><U96/><E83/><V92/><F81/><W135/><G135/><N who="2" m="51721" /><F30/><W93/><G93/><T15/><D15/><U130/><E130/><V67/><F29/><W5/><G5/><T70/><D94/><U18/><E18/><V63/><F92/><W82/><G82/><T38/><D97/><U56/><E96/><V62/><F99/><W12/><G12/><T47/><D90/><U39/><E55/><V4/><F88/><W126/><G126/><RYUUKYOKU ba="2,2" sc="177,-15,117,15,442,-15,244,15" hai1="39,43,50,52,56,85,86" hai3="32,33,35,37,46,51,54,58,69,71,72,76,80" /><INIT seed="5,3,2,2,0,5" ten="162,132,427,259" oya="1" hai0="53,75,116,6,55,127,81,18,125,11,12,21,2" hai1="78,10,29,113,91,7,35,56,37,82,100,122,17" hai2="109,80,9,65,131,88,121,94,20,50,23,110,4" hai3="124,61,48,95,87,133,111,107,73,72,86,119,0"/><U45/><E122/><V63/><F121/><W126/><G119/><T15/><D116/><U57/><E113/><V103/><F131/><W38/><G38/><T112/><D112/><U24/><E17/><V30/><F50/><W83/><G0/><T67/><D67/><U28/><E28/><V101/><F80/><W97/><G61/><T84/><D75/><N who="3" m="28745" /><G133/><T117/><D117/><U51/><E37/><V85/><F110/><W90/><G48/><T76/><D2/><U135/><E100/><N who="2" m="38475" /><F30/><W104/><G111/><T40/><D40/><N who="1" m="24999" /><E91/><V16/><F4/><W1/><G1/><T93/><D93/><U31/><E31/><V41/><F41/><W25/><G25/><T43/><D43/><U58/><E58/><N who="2" m="37111" /><F109/><W120/><G120/><T39/><REACH who="0" step="1"/><D39/><REACH who="0" ten="152,132,427,259" step="2"/><U62/><E135/><V36/><F36/><W66/><G66/><T59/><D59/><U128/><E128/><V130/><F130/><W32/><G104/><T123/><D123/><U77/><E62/><V64/><F64/><W8/><G107/><T22/><D22/><U106/><E106/><V34/><F34/><W92/><G32/><T49/><D49/><U3/><E57/><V79/><F23/><W33/><G33/><T99/><D99/><U44/><E56/><V68/><F20/><W102/><G8/><T47/><D47/><U19/><E44/><V105/><F105/><W98/><G97/><T46/><D46/><U27/><E82/><V14/><F68/><W54/><G83/><T108/><D108/><U69/><E69/><V70/><F70/><W71/><G71/><T74/><D74/><RYUUKYOKU ba="3,3" sc="152,10,132,10,427,10,259,-30" hai0="6,11,12,15,18,21,53,55,76,81,84,125,127" hai1="3,7,10,19,24,27,29,35,77,78" hai2="9,14,16,79,85,88,94" /><INIT seed="5,4,3,1,0,117" ten="162,142,437,229" oya="1" hai0="24,26,88,22,82,27,32,100,94,45,83,13,39" hai1="29,73,11,61,122,90,126,48,14,9,50,41,128" hai2="67,20,60,116,47,95,10,103,18,55,118,72,106" hai3="53,66,59,54,79,127,98,63,65,5,123,40,84"/><U125/><E73/><V37/><F106/><W121/><G5/><T108/><D108/><U64/><E128/><V44/><F72/><W35/><G35/><T21/><D32/><U99/><E29/><V102/><F37/><W15/><G15/><T104/><D104/><U43/><E122/><N who="3" m="46602" /><G84/><N who="0" m="52487" /><D39/><U130/><E130/><V113/><F10/><N who="1" m="3593" /><E14/><V105/><F105/><W8/><G8/><T133/><D133/><U129/><E129/><V36/><F18/><W58/><G98/><T25/><D100/><U75/><E75/><V110/><F20/><W77/><G77/><T57/><D45/><U93/><E43/><V1/><F1/><W3/><G3/><T135/><D135/><U69/><E41/><V134/><F134/><W91/><G79/><T81/><D57/><U131/><E131/><V120/><F120/><W52/><G91/><T42/><D42/><U97/><E97/><V86/><F103/><W114/><G40/><T16/><D27/><U70/><E70/><V2/><F2/><W46/><G46/><T101/><D101/><U49/><E99/><V51/><F102/><W68/><G114/><T7/><D7/><U6/><E6/><V30/><F113/><W85/><G85/><T124/><D124/><N who="1" m="47723" /><E90/><V96/><F96/><W31/><G31/><AGARI ba="4,3" hai="13,16,21,22,24,25,26,31,81,82,83" m="52487" machi="31" ten="30,3900,0" yaku="8,1,54,2" doraHai="117" who="0" fromWho="3" sc="162,81,142,0,437,0,229,-51" /><INIT seed="6,0,0,1,5,9" ten="243,142,437,178" oya="2" hai0="122,44,66,97,88,6,91,62,112,46,67,31,49" hai1="58,8,52,57,76,15,125,1,27,121,25,104,77" hai2="72,60,69,106,64,4,47,115,85,95,102,111,74" hai3="92,39,34,14,54,114,23,100,18,59,93,56,65"/><V17/><F4/><W42/><G34/><T124/><D122/><U128/><E104/><V133/><F133/><W55/><G114/><T101/><D112/><U3/><E121/><V108/><F115/><W33/><G33/><T35/><D124/><U120/><E120/><V16/><F47/><N who="0" m="17962" /><D6/><N who="1" m="3479" /><E1/><V12/><F106/><W127/><G39/><T29/><D49/><N who="1" m="30863" /><E3/><V70/><F17/><W22/><G42/><T103/><D35/><U36/><E36/><V19/><F19/><N who="3" m="10615" /><G127/><T51/><D51/><U99/><E128/><V105/><F105/><W109/><G109/><T37/><D37/><U84/><E125/><V130/><F70/><W80/><G80/><T11/><D11/><U89/><E99/><V26/><F130/><W0/><G0/><T82/><D97/><U41/><E41/><V116/><F116/><W107/><G107/><T123/><D123/><U118/><E58/><N who="3" m="22058" /><G65/><T21/><D66/><U10/><E118/><V79/><F64/><W110/><G110/><T71/><D71/><U90/><E10/><V78/><F111/><W126/><G126/><T86/><D67/><U7/><E7/><V131/><F131/><W32/><G32/><T73/><D73/><U40/><E40/><V94/><F74/><W83/><G100/><T61/><D101/><U81/><E90/><V24/><F72/><W43/><G43/><T98/><D103/><U38/><E38/><V135/><F102/><W113/><G113/><T119/><D119/><U134/><E134/><V129/><F135/><W132/><G132/><T96/><D91/><U20/><E20/><V13/><F129/><RYUUKYOKU ba="0,0" sc="243,-10,142,30,437,-10,178,-10" hai1="25,27,76,77,81,84,89" /><INIT seed="7,1,0,3,1,55" ten="233,172,427,168" oya="3" hai0="19,75,81,11,27,88,98,80,115,69,70,39,56" hai1="108,24,61,103,122,71,91,100,105,30,10,118,86" hai2="50,16,83,51,34,9,29,28,133,62,95,8,92" hai3="82,20,14,106,74,57,5,46,104,84,134,65,25"/><W2/><G2/><T59/><D39/><U96/><E108/><V12/><F133/><W66/><G74/><T112/><D69/><U17/><E122/><V45/><F34/><W121/><G121/><T126/><D70/><U36/><E36/><V68/><F68/><W123/><G123/><T54/><D126/><U132/><E132/><V0/><F62/><N who="3" m="38095" /><G104/><T116/><D116/><U128/><E128/><V73/><BYE who="1" /><F51/><W130/><G106/><T120/><D120/><U78/><E78/><V22/><F73/><W52/><G130/><T1/><D1/><U67/><E67/><V3/><F3/><W113/><G134/><T97/><D75/><U38/><E38/><V40/><F0/><W135/><G135/><T43/><D43/><U93/><E93/><N who="2" m="35915" /><F83/><N who="0" m="31818" /><D88/><UN n1="%EF%BC%88%E2%89%A7%E2%96%BD%E2%89%A6%EF%BC%89" /><U76/><E105/><V124/><F124/><W79/><G66/><T127/><D127/><U101/><E71/><V89/><F89/><W117/><G117/><T87/><D87/><U60/><E91/><V107/><F107/><W15/><G113/><N who="0" m="43595" /><D59/><U119/><E119/><V41/><F41/><W90/><G90/><T131/><D131/><U23/><E118/><V58/><F58/><W48/><G5/><T63/><D27/><U42/><E24/><V125/><F125/><W129/><G129/><T110/><D110/><U85/><E85/><V44/><F44/><W4/><G4/><T37/><D37/><U6/><E86/><V72/><F72/><W77/><G77/><T47/><D47/><U102/><E76/><V94/><F94/><W64/><G64/><T21/><D21/><U33/><E23/><RYUUKYOKU ba="1,0" sc="233,10,172,-30,427,10,168,10" hai0="11,19,54,56,63,97,98" hai2="8,9,12,16,22,28,29,40,45,50" hai3="14,15,20,25,46,48,52,79,82,84" /><INIT seed="7,2,0,3,1,93" ten="243,142,437,178" oya="3" hai0="19,5,123,30,92,60,118,61,73,56,83,45,132" hai1="103,36,8,115,107,116,57,77,128,16,4,109,79" hai2="135,86,97,28,58,113,43,13,35,91,50,38,94" hai3="3,127,39,90,70,6,14,54,85,32,112,48,100"/><W89/><G39/><T18/><D123/><U52/><E109/><V134/><F113/><W55/><G70/><T78/><D118/><U76/><E36/><V66/><F38/><W1/><G112/><T17/><D132/><N who="2" m="50730" /><F13/><W53/><G32/><T122/><D122/><U96/><E115/><V7/><F7/><W49/><G127/><T10/><D30/><U131/><E116/><V59/><F66/><W88/><G85/><T110/><D110/><U106/><E106/><V46/><F86/><W40/><G100/><T63/><D45/><U33/><E33/><V81/><F81/><W126/><G126/><T121/><D121/><U31/><E31/><V22/><F22/><W84/><G84/><T29/><D29/><U27/><E27/><AGARI ba="2,0" hai="27,28,35,43,46,50,58,59,91,94,97" m="50730" machi="27" ten="30,2000,0" yaku="20,1,52,1" doraHai="93" who="2" fromWho="1" sc="243,0,142,-26,437,26,178,0" owari="243,4.0,116,-38.0,463,56.0,178,-22.0" /></mjloggm>