<mjloggm ver="2.3"><GO type="169" lobby="0"/><UN n0="%49%72%69%73%2A" n1="%E6%B4%BE%E9%81%A3%E3%81%AE%E3%82%B8%E3%83%A3%E3%83%83%E3%82%AF" n2="%E3%81%97%E3%81%A9%E3%83%BC" n3="%E3%83%A1%E3%82%AB%E3%82%BC%E3%83%83%E3%83%88%E3%83%B3" dan="18,16,16,16" rate="2183.83,2070.14,2068.92,2119.48" sx="F,M,M,M"/><TAIKYOKU oya="0"/><INIT seed="0,0,0,3,0,57" ten="250,250,250,250" oya="0" hai0="128,27,67,20,54,91,120,37,134,117,3,77,97" hai1="49,126,76,12,84,18,10,48,85,26,88,9,73" hai2="66,127,46,104,51,75,107,121,106,71,95,118,44" hai3="133,38,112,116,83,43,24,53,72,87,103,42,102"/><T93/><D117/><U131/><E73/><V98/><F98/><W86/><BYE who="2" /><G72/><T0/><D120/><U5/><E131/><V105/><F105/><W119/><G112/><T40/><D67/><U100/><E126/><V62/><F62/><W89/><G133/><UN n2="%E3%81%97%E3%81%A9%E3%83%BC" /><T45/><D134/><U124/><E100/><V65/><F75/><W31/><G53/><T125/><D125/><U16/><E124/><V15/><F121/><W33/><G38/><T64/><D64/><U39/><E39/><V70/><F70/><W69/><G69/><T35/><D35/><U23/><E76/><V81/><F81/><W55/><G55/><T28/><D128/><U34/><E84/><V80/><F80/><W41/><G119/><T132/><D77/><U94/><REACH who="1" step="1"/><E34/><REACH who="1" ten="250,240,250,250" step="2"/><V13/><F127/><W108/><G116/><T113/><D132/><U56/><E56/><V58/><F58/><W99/><G108/><T63/><D113/><U82/><E82/><V96/><F118/><W122/><G122/><T52/><D63/><U78/><E78/><V61/><F46/><W32/><G32/><T47/><D47/><U90/><E90/><V79/><F79/><W101/><REACH who="3" step="1"/><G86/><REACH who="3" ten="250,240,250,240" step="2"/><T17/><D37/><U50/><E50/><V110/><F110/><W135/><G135/><T115/><D115/><U114/><E114/><V7/><F51/><W22/><G22/><N who="0" m="15479" /><D45/><U30/><E30/><V29/><F29/><W25/><G25/><T74/><D74/><U36/><E36/><V129/><F129/><W4/><G4/><T14/><D40/><U11/><E11/><V68/><F68/><RYUUKYOKU ba="0,2" sc="250,10,240,10,250,-30,240,10" hai0="0,3,14,17,20,52,54,91,93,97" hai1="5,9,10,12,16,18,23,26,48,49,85,88,94" hai3="24,31,33,41,42,43,83,87,89,99,101,102,103" /><INIT seed="0,1,2,3,3,1" ten="260,250,220,250" oya="0" hai0="117,40,51,122,129,108,29,25,34,62,81,74,102" hai1="43,20,126,106,91,121,92,90,84,0,77,88,83" hai2="114,94,98,124,107,17,85,134,113,19,49,119,99" hai3="44,28,72,64,131,96,23,54,103,95,66,87,135"/><T69/><D117/><U36/><E121/><V26/><F119/><W6/><G72/><T71/><D122/><U115/><E106/><V132/><F107/><W120/><G120/><T112/><D112/><U46/><E115/><V58/><F85/><W16/><G135/><T22/><D129/><U127/><E0/><V45/><F58/><W30/><G131/><T27/><D102/><U100/><E20/><V116/><F116/><W7/><G87/><T133/><D133/><U8/><E8/><V35/><F124/><N who="1" m="47657" /><E100/><V101/><F35/><W57/><G44/><T9/><D108/><U41/><E43/><V111/><F111/><W47/><G47/><T31/><D9/><U68/><E68/><V48/><F94/><AGARI ba="1,2" hai="36,41,46,77,83,84,88,90,91,92,94" m="47657" machi="94" ten="30,2000,0" yaku="18,1,54,1" doraHai="1" who="1" fromWho="2" sc="260,0,250,43,220,-23,250,0" /><INIT seed="1,0,0,3,2,80" ten="260,293,197,250" oya="1" hai0="13,6,21,62,37,60,67,134,32,90,70,65,87" hai1="39,50,111,133,8,56,17,48,88,93,36,84,72" hai2="3,99,38,69,66,130,52,23,2,46,25,7,34" hai3="77,107,79,104,92,45,125,49,42,35,118,16,114"/><U5/><E72/><V105/><F34/><W135/><G114/><T96/><D32/><U101/><E133/><V44/><F130/><W12/><G135/><T102/><D37/><U27/><E111/><V120/><F120/><W81/><G35/><T112/><D112/><U109/><E109/><V89/><F7/><W54/><G125/><T11/><D134/><U119/><E119/><V71/><F71/><W61/><G118/><T76/><D76/><U55/><E48/><V82/><F82/><W126/><G92/><T0/><D21/><U113/><E101/><V26/><F26/><W103/><G126/><T117/><D117/><U10/><E113/><V97/><F69/><W15/><G15/><T58/><D102/><U14/><E27/><V86/><F66/><W31/><G31/><T116/><D96/><U24/><E24/><V74/><F74/><W98/><G104/><T47/><D47/><U53/><REACH who="1" step="1"/><E55/><REACH who="1" ten="260,283,197,250" step="2"/><V63/><F52/><W127/><G127/><T30/><D116/><U94/><E94/><V19/><F38/><W28/><G54/><T123/><D123/><U131/><E131/><V95/><F105/><W121/><G121/><T75/><D75/><U122/><E122/><V18/><F25/><W20/><G28/><T129/><D30/><U29/><E29/><V128/><F95/><W43/><G43/><T100/><D129/><U4/><E4/><V33/><F128/><W68/><G49/><T64/><D100/><U110/><E110/><V85/><F33/><W91/><G103/><T40/><D6/><U59/><E59/><V115/><F115/><RYUUKYOKU ba="0,1" sc="260,-10,283,30,197,-10,250,-10" hai1="5,8,10,14,17,36,39,50,53,56,84,88,93" /><INIT seed="1,1,1,2,2,20" ten="250,313,187,240" oya="1" hai0="34,107,57,33,116,63,31,75,64,111,47,27,131" hai1="12,122,77,14,104,133,6,87,21,83,54,95,60" hai2="90,53,113,119,91,82,10,65,9,84,35,44,3" hai3="29,89,105,110,4,26,7,124,94,28,102,50,96"/><U79/><E104/><V0/><F119/><W25/><G110/><T11/><D116/><U16/><E133/><V23/><F35/><W100/><G124/><T36/><D75/><U55/><E122/><V19/><F113/><W51/><G105/><T97/><D131/><U73/><E73/><V1/><F65/><W52/><G89/><T8/><D34/><U22/><E95/><V59/><F44/><W58/><G100/><T108/><D11/><N who="1" m="4215" /><E77/><V48/><REACH who="2" step="1"/><F91/><REACH who="2" ten="250,313,177,240" step="2"/><W32/><REACH who="3" step="1"/><G51/><REACH who="3" ten="250,313,177,230" step="2"/><T18/><D108/><U121/><E121/><V72/><F72/><W117/><G117/><T126/><D111/><U30/><E60/><V98/><F98/><W67/><G67/><T130/><D97/><U134/><E134/><V69/><F69/><W61/><G61/><T13/><D64/><U128/><E128/><V39/><F39/><W85/><G85/><T123/><D130/><U40/><E87/><V38/><F38/><W125/><G125/><T74/><D126/><U41/><E79/><V56/><F56/><W17/><G17/><T46/><D74/><U68/><E68/><V109/><F109/><W80/><G80/><T99/><D36/><U45/><E83/><V43/><F43/><N who="1" m="16457" /><E45/><N who="0" m="16905" /><D123/><U92/><E92/><V129/><F129/><W70/><G70/><T127/><D127/><U62/><E62/><V132/><F132/><W101/><G101/><N who="0" m="62911" /><D63/><U81/><E81/><V37/><F37/><W120/><G120/><T2/><D57/><U5/><E5/><V103/><F103/><W115/><G115/><T15/><D18/><U118/><E118/><V78/><F78/><RYUUKYOKU ba="1,3" sc="250,0,313,0,177,0,230,0" hai0="2,8,13,15,27,31,33" hai1="14,16,21,22,30,54,55" hai2="0,1,3,9,10,19,23,48,53,59,82,84,90" hai3="4,7,25,26,28,29,32,50,52,58,94,96,102" /><INIT seed="1,2,3,4,0,111" ten="250,313,177,230" oya="1" hai0="56,92,121,68,62,70,83,47,35,11,114,80,124" hai1="134,9,4,2,37,116,39,19,69,31,16,53,28" hai2="40,59,101,119,97,87,25,55,89,113,84,45,73" hai3="109,130,3,112,23,7,24,104,26,115,64,52,63"/><U123/><E123/><V133/><F119/><W118/><G104/><T8/><D35/><U6/><E69/><V66/><F73/><W135/><G109/><T41/><D124/><U58/><E116/><V125/><F125/><W95/><G118/><T75/><D114/><U93/><E134/><V110/><F133/><W42/><G135/><T85/><D75/><U17/><E93/><V22/><F110/><W91/><G42/><T67/><D68/><U79/><E79/><V60/><F113/><W65/><G52/><T21/><D70/><U122/><E6/><V108/><F89/><W102/><G102/><T32/><D32/><U33/><E122/><V126/><F126/><W131/><G7/><T105/><D105/><U132/><E132/><V34/><F34/><W27/><G23/><T71/><D21/><U82/><E82/><V107/><F66/><N who="3" m="25707" /><G63/><T96/><D71/><U20/><E20/><V0/><F0/><W120/><G3/><T72/><D83/><U49/><REACH who="1" step="1"/><E33/><REACH who="1" ten="250,303,177,230" step="2"/><V36/><REACH who="2" step="1"/><F108/><REACH who="2" ten="250,303,167,230" step="2"/><W51/><G120/><T54/><D121/><U74/><E74/><V10/><F10/><W77/><G112/><T44/><D72/><U129/><E129/><V86/><F86/><N who="3" m="52727" /><G115/><T128/><D128/><N who="3" m="49193" /><G77/><T106/><D11/><U117/><E117/><V48/><F48/><AGARI ba="2,5" hai="24,26,27,48,51" m="49193,52727,25707" machi="48" ten="40,1300,0" yaku="19,1" doraHai="111" who="3" fromWho="2" sc="250,0,303,0,167,-19,230,69" /><INIT seed="2,0,0,4,3,61" ten="250,303,148,299" oya="2" hai0="60,88,31,107,16,95,118,17,40,21,66,63,129" hai1="79,123,120,12,94,78,73,93,43,109,90,24,130" hai2="89,33,83,71,80,27,111,57,8,64,49,10,128" hai3="18,119,55,46,84,122,44,132,59,38,56,15,25"/><V45/><F111/><W72/><G72/><T108/><D107/><U127/><E43/><V115/><F115/><W124/><G122/><N who="1" m="46634" /><E12/><V14/><F71/><W112/><G119/><T67/><D129/><U69/><E24/><V5/><F128/><W2/><G2/><T121/><D121/><U4/><E4/><V30/><F89/><W113/><G25/><N who="0" m="16815" /><D118/><U134/><E69/><V28/><F28/><W101/><G101/><T29/><D29/><U82/><E130/><V1/><F57/><W26/><G26/><T97/><D40/><U74/><E109/><V85/><F85/><W19/><G38/><T47/><D47/><U54/><E54/><V58/><F58/><W99/><G55/><T65/><D108/><U126/><E134/><V13/><F64/><W51/><G56/><T92/><D95/><N who="1" m="36363" /><E90/><V0/><F0/><W37/><G59/><T42/><D42/><U114/><E114/><V70/><F70/><W86/><G37/><T131/><D131/><U110/><E110/><V104/><F104/><W76/><G113/><T41/><D41/><U81/><AGARI ba="0,0" hai="73,74,78,79,81,82,126,127" m="36363,46634" machi="81" ten="40,5200,0" yaku="13,1,34,2" doraHai="61" who="1" fromWho="1" sc="250,-13,303,52,148,-26,299,-13" /><INIT seed="3,0,0,1,4,116" ten="237,355,122,286" oya="3" hai0="27,25,51,49,68,41,55,53,121,105,108,106,24" hai1="38,70,112,127,96,100,89,4,5,71,20,22,42" hai2="33,39,94,23,91,64,62,90,83,120,118,126,48" hai3="46,73,74,19,131,69,95,80,56,54,97,50,34"/><W77/><G69/><T78/><D68/><U66/><E89/><V128/><F39/><W2/><G2/><T113/><D41/><U32/><E32/><V6/><F33/><W109/><G34/><T82/><D108/><U43/><E100/><V134/><F118/><W104/><G104/><T0/><D0/><U111/><E96/><V88/><F134/><W16/><G109/><T31/><D31/><U12/><E12/><V52/><F128/><W72/><G131/><T76/><D113/><U67/><E38/><V101/><F126/><W35/><G35/><T87/><D121/><U93/><E93/><V133/><F6/><W107/><G107/><T29/><D29/><U36/><E36/><V92/><F133/><W123/><G46/><N who="0" m="27831" /><D106/><U61/><E111/><V40/><F40/><W117/><G123/><T37/><D37/><U84/><E61/><V79/><F120/><W129/><G129/><T132/><D105/><U115/><E84/><V3/><F23/><W86/><REACH who="3" step="1"/><G117/><REACH who="3" ten="237,355,122,276" step="2"/><T125/><D132/><U99/><E127/><V122/><F3/><W47/><G47/><N who="0" m="28159" /><D125/><U7/><E112/><V81/><F122/><W11/><G11/><T10/><D10/><U15/><E115/><V130/><F130/><W13/><G13/><T30/><D30/><U135/><E15/><V114/><F114/><W44/><G44/><T58/><D58/><U75/><E71/><V119/><F119/><W45/><G45/><T8/><D8/><U65/><E70/><V59/><F83/><W60/><G60/><T124/><D124/><U110/><E110/><V21/><F81/><RYUUKYOKU ba="0,1" sc="237,15,355,-15,122,-15,276,15" hai0="24,25,27,76,78,82,87" hai3="16,19,50,54,56,72,73,74,77,80,86,95,97" /><INIT seed="3,1,1,1,5,114" ten="252,340,107,291" oya="3" hai0="7,124,5,20,73,38,52,87,66,83,109,115,112" hai1="57,62,122,56,102,17,82,107,35,31,21,16,93" hai2="0,94,51,37,43,92,88,1,77,133,126,129,32" hai3="118,54,68,74,3,72,9,45,128,49,39,131,41"/><W99/><G68/><T132/><D73/><U58/><E107/><V120/><F120/><W105/><G118/><T85/><D38/><U42/><E35/><V63/><F32/><W108/><G108/><T23/><D66/><U96/><E122/><V117/><F117/><W100/><G74/><T60/><D124/><U101/><E42/><V80/><F126/><W40/><G72/><T47/><D132/><U11/><E82/><V59/><F133/><W53/><G40/><T104/><D104/><U26/><E101/><V6/><F37/><W119/><G119/><T110/><D60/><U123/><E123/><V71/><F71/><W65/><G65/><T67/><D67/><N who="1" m="39367" /><E17/><V61/><F94/><W78/><G78/><T22/><D83/><U69/><E69/><V111/><F111/><N who="0" m="42506" /><D47/><U50/><E50/><V95/><F95/><W97/><G97/><T70/><D70/><U19/><E19/><V121/><F92/><W130/><REACH who="3" step="1"/><G39/><REACH who="3" ten="252,340,107,281" step="2"/><T44/><D112/><U75/><E75/><V34/><F43/><W106/><G106/><T12/><D115/><U4/><E96/><V10/><F121/><W79/><G79/><T33/><D85/><U91/><E102/><V90/><F77/><W8/><G8/><T48/><D87/><U103/><E103/><V18/><F10/><W76/><G76/><T89/><D89/><U86/><E11/><V14/><F90/><W84/><G84/><T55/><D55/><U125/><E125/><V28/><F88/><W81/><G81/><T64/><D64/><U30/><E4/><AGARI ba="1,2" hai="3,4,9,41,45,49,53,54,99,100,105,128,130,131" machi="4" ten="40,7700,0" yaku="1,1,19,1,53,1" doraHai="114" doraHaiUra="36" who="3" fromWho="1" sc="252,0,340,-80,107,0,281,100" /><INIT seed="3,2,0,2,5,37" ten="252,260,107,381" oya="3" hai0="66,2,128,104,102,70,67,88,48,21,72,123,75" hai1="49,50,100,29,94,45,40,106,92,22,31,111,63" hai2="76,110,19,108,109,105,71,117,74,89,98,107,8" hai3="16,91,3,93,84,44,83,24,81,12,42,118,80"/><W17/><G3/><T115/><D123/><U126/><E111/><V120/><F71/><W38/><G118/><T86/><D2/><U129/><E126/><V79/><F8/><W4/><REACH who="3" step="1"/><G24/><REACH who="3" ten="252,260,107,371" step="2"/><T57/><D115/><U114/><E129/><V133/><F117/><W54/><G54/><T78/><D128/><U15/><E114/><V132/><F120/><W11/><AGARI ba="2,1" hai="4,11,12,16,17,38,42,44,80,81,83,84,91,93" machi="11" ten="30,11700,0" yaku="1,1,0,1,52,1,54,1,53,0" doraHai="37" doraHaiUra="58" who="3" fromWho="3" sc="252,-41,260,-41,107,-41,371,133" /><INIT seed="3,3,0,4,3,87" ten="211,219,66,504" oya="3" hai0="35,24,126,9,98,2,21,91,125,99,12,86,109" hai1="107,89,111,27,75,65,106,36,48,95,69,16,11" hai2="54,70,30,55,133,122,97,88,66,58,3,132,50" hai3="8,108,119,0,78,37,13,20,93,117,90,32,121"/><W38/><G32/><T101/><D2/><U39/><E75/><V46/><F3/><W118/><G121/><T131/><D35/><U17/><E111/><V44/><F30/><W28/><G0/><T4/><D131/><U64/><E48/><V100/><F100/><W110/><G78/><T62/><D62/><U25/><E95/><N who="2" m="56551" /><F122/><W105/><G105/><T104/><D99/><U102/><E102/><V128/><F128/><W81/><G81/><T74/><D74/><U23/><E11/><V56/><F70/><W49/><G49/><T52/><D109/><N who="3" m="42089" /><G20/><T59/><D21/><U124/><E23/><V94/><F66/><W96/><G28/><T130/><D130/><U40/><E69/><V76/><F76/><W57/><G57/><T61/><REACH who="0" step="1"/><D24/><REACH who="0" ten="201,219,66,504" step="2"/><U135/><E107/><V34/><F34/><W72/><G72/><T31/><D31/><U77/><E106/><V113/><F133/><W114/><G114/><T92/><AGARI ba="3,1" hai="4,9,12,52,59,61,86,91,92,98,101,104,125,126" machi="92" ten="30,8000,1" yaku="1,1,0,1,52,1,54,1,53,1" doraHai="87" doraHaiUra="82" who="0" fromWho="0" sc="201,99,219,-23,66,-23,504,-43" /><INIT seed="4,0,0,3,3,31" ten="300,196,43,461" oya="0" hai0="87,37,63,7,59,100,85,121,23,84,112,26,28" hai1="41,27,96,42,77,56,35,13,68,73,40,4,36" hai2="74,65,126,79,38,106,66,10,123,111,133,60,30" hai3="53,125,49,107,2,61,128,132,110,75,12,116,104"/><T114/><D121/><U21/><E68/><V109/><F123/><W57/><G12/><T1/><D37/><U39/><E96/><V90/><F126/><W14/><G14/><T102/><D1/><U11/><E35/><V24/><F133/><W115/><G61/><T20/><D7/><U101/><E101/><V15/><F38/><W88/><G88/><T80/><D80/><U51/><E77/><V91/><F106/><W98/><G98/><T6/><D6/><U118/><E73/><V97/><F74/><W129/><G53/><T33/><D23/><U82/><E82/><V93/><F79/><W120/><G57/><T135/><D135/><U3/><E3/><V67/><F90/><W0/><G49/><T18/><D100/><U32/><E118/><V124/><F124/><W108/><G108/><T55/><REACH who="0" step="1"/><D102/><REACH who="0" ten="290,196,43,461" step="2"/><U45/><E36/><V64/><F10/><W44/><G132/><T8/><D8/><U119/><E119/><V43/><F43/><W17/><G116/><T70/><D70/><U69/><E69/><V5/><F5/><W127/><G2/><T62/><D62/><U34/><E39/><V89/><F89/><W50/><G0/><T103/><D103/><U47/><E42/><V117/><F117/><W46/><G125/><T113/><D113/><U105/><E41/><V83/><F83/><W92/><G127/><T81/><D81/><U94/><E40/><V52/><F109/><W99/><G110/><T25/><AGARI ba="0,1" hai="18,20,25,26,28,33,55,59,63,84,85,87,112,114" machi="25" ten="30,11700,0" yaku="1,1,0,1,52,1,53,1" doraHai="31" doraHaiUra="48" who="0" fromWho="0" sc="290,127,196,-39,43,-39,461,-39" /><INIT seed="4,1,0,3,1,70" ten="417,157,4,422" oya="0" hai0="34,13,85,82,66,11,128,125,52,30,44,74,129" hai1="40,87,94,20,104,126,101,107,92,98,91,60,108" hai2="67,25,132,41,19,63,133,122,43,95,81,123,96" hai3="79,1,59,99,69,110,113,103,6,37,47,118,55"/><T23/><D74/><U119/><E60/><V83/><F25/><W115/><G110/><T36/><D34/><U58/><E40/><N who="2" m="15435" /><F19/><W32/><G69/><T89/><D66/><U16/><E20/><V62/><F95/><W97/><G79/><T35/><D35/><U4/><E16/><V75/><F75/><W86/><G118/><T15/><D36/><U72/><E4/><V65/><F96/><W21/><G32/><T56/><D44/><U73/><E94/><V88/><F63/><W24/><G47/><T48/><D125/><U105/><E126/><V130/><F130/><N who="0" m="50282" /><D11/><U31/><E92/><V5/><F5/><W3/><G86/><T90/><D90/><U51/><E98/><N who="3" m="37386" /><G37/><T111/><D111/><U78/><E108/><V14/><F14/><W26/><G103/><T124/><D124/><U121/><E73/><V18/><F18/><N who="3" m="12343" /><G26/><AGARI ba="1,0" hai="13,15,23,26,30,48,52,56,82,85,89" m="50282" machi="26" ten="30,2900,0" yaku="19,1,54,1" doraHai="70" who="0" fromWho="3" sc="417,32,157,0,4,0,422,-32" /><INIT seed="4,2,0,5,2,135" ten="449,157,4,390" oya="0" hai0="100,129,14,59,63,98,131,44,92,35,81,0,87" hai1="83,79,74,120,72,29,11,6,21,112,82,132,54" hai2="9,49,26,130,121,115,65,70,99,15,61,95,53" hai3="27,123,2,25,109,22,10,19,78,134,41,62,80"/><T103/><D0/><U30/><E132/><V56/><F121/><W84/><G109/><T60/><D35/><U42/><E120/><V50/><F130/><N who="0" m="49674" /><D100/><U75/><E42/><V48/><F26/><W93/><G134/><T114/><D114/><U67/><E112/><V7/><F115/><W68/><G123/><T71/><D71/><U20/><E54/><V31/><F31/><W128/><G128/><T23/><D44/><U34/><E67/><V33/><F33/><W1/><G41/><T73/><D73/><U108/><E108/><V133/><F133/><W46/><G46/><T77/><D59/><U96/><E34/><V28/><F28/><W116/><G116/><T24/><D14/><U97/><E72/><V52/><F53/><W18/><G93/><T91/><D103/><AGARI ba="2,0" hai="7,9,15,48,49,50,52,56,61,65,70,95,99,103" machi="103" ten="30,2000,0" yaku="7,1,54,1" doraHai="135" who="2" fromWho="0" sc="449,-26,157,0,4,26,390,0" /><INIT seed="5,0,0,0,4,62" ten="423,157,30,390" oya="1" hai0="12,66,14,111,37,108,6,30,97,23,29,50,116" hai1="20,130,31,45,47,79,26,92,18,78,76,134,28" hai2="60,82,43,117,56,36,106,32,1,102,98,27,93" hai3="94,5,128,52,113,71,63,73,13,89,57,126,15"/><U103/><E134/><V34/><F117/><W17/><G73/><T33/><D37/><U96/><REACH who="1" step="1"/><E130/><REACH who="1" ten="423,147,30,390" step="2"/><V112/><F112/><W8/><G128/><T16/><D116/><U81/><E81/><V123/><F123/><W120/><G113/><T41/><D108/><U24/><E24/><V85/><F1/><W95/><G120/><T114/><D111/><U99/><E99/><V131/><F131/><W69/><G126/><T84/><D97/><U46/><AGARI ba="0,1" hai="18,20,26,28,31,45,46,47,76,78,79,92,96,103" machi="46" ten="30,6000,0" yaku="1,1,0,1,8,1,53,0" doraHai="62" doraHaiUra="127" who="1" fromWho="1" sc="423,-20,147,70,30,-20,390,-20" /><INIT seed="5,1,0,4,5,67" ten="403,217,10,370" oya="1" hai0="71,72,130,77,87,111,104,76,20,132,28,123,24" hai1="21,122,39,100,31,10,126,131,42,40,107,19,81" hai2="113,52,115,101,41,134,17,54,18,79,32,90,119" hai3="96,27,114,15,65,60,35,108,29,2,69,64,8"/><U47/><E131/><V133/><F119/><W75/><G108/><T106/><D72/><U50/><E126/><V30/><F41/><W93/><G75/><T88/><D111/><U37/><E122/><V110/><F110/><W124/><G124/><T85/><D130/><U5/><E31/><V121/><F121/><W91/><G114/><N who="2" m="43529" /><F101/><W14/><REACH who="3" step="1"/><G65/><REACH who="3" ten="403,217,10,360" step="2"/><T95/><D123/><U102/><E107/><V98/><F79/><W16/><G16/><N who="2" m="6249" /><F90/><W66/><G66/><T25/><D77/><U125/><E125/><V3/><F98/><W34/><G34/><T13/><D76/><U68/><E19/><V86/><F86/><W83/><G83/><T53/><D87/><U9/><E100/><V7/><F7/><AGARI ba="1,1" hai="2,7,8,14,15,27,29,35,60,64,69,91,93,96" machi="7" ten="40,2600,0" yaku="1,1,52,1,53,0" doraHai="67" doraHaiUra="45" who="3" fromWho="2" sc="403,0,217,0,10,-29,360,39" owari="403,50.0,217,-18.0,-19,-52.0,399,20.0" /></mjloggm>