<mjloggm ver="2.3"><GO type="169" lobby="0"/><UN n0="%E3%82%81%E3%82%8D%E3%82%93%E3%81%9D%E3%83%BC%E3%81%A0" n1="%E3%83%A4%E3%82%AD%E3%83%B3" n2="%EF%BC%88%2A%C2%B4%E3%83%BC%EF%BD%80%2A%EF%BC%89" n3="%63%6F%76%61%79%61%2B%2B" dan="16,17,17,16" rate="2093.05,2215.19,2178.01,2169.45" sx="F,M,M,M"/><TAIKYOKU oya="0"/><INIT seed="0,0,0,4,2,132" ten="250,250,250,250" oya="0" hai0="69,24,32,37,11,123,59,39,21,54,91,126,17" hai1="26,122,96,70,118,93,117,95,45,75,129,121,108" hai2="15,46,4,47,76,111,98,79,124,100,112,1,51" hai3="16,18,80,67,5,128,71,25,35,94,86,61,42"/><T84/><D123/><U60/><E26/><V115/><F1/><W65/><G5/><T22/><D32/><U3/><E45/><V58/><F111/><W8/><G67/><T78/><D69/><U82/><E60/><V130/><F130/><W29/><G42/><T74/><D11/><U109/><E3/><V27/><F58/><W102/><G128/><T104/><D104/><U99/><E70/><V97/><F100/><W127/><G127/><T53/><D126/><U20/><E20/><V106/><F106/><W135/><G135/><T113/><D113/><U14/><E14/><V116/><F27/><W44/><G44/><T28/><D74/><U89/><E82/><V48/><F15/><W87/><G8/><T73/><D73/><U55/><E55/><V68/><F68/><W120/><G120/><N who="1" m="46186" /><E75/><V131/><F4/><W36/><G36/><T13/><D54/><U83/><E83/><V114/><F131/><W103/><G86/><T7/><D7/><U2/><E2/><V38/><F114/><W90/><REACH who="3" step="1"/><G103/><REACH who="3" ten="250,250,250,240" step="2"/><T6/><D6/><U19/><E129/><V10/><F10/><W66/><G66/><T56/><D37/><U72/><E72/><V12/><F38/><W33/><G33/><T107/><D39/><U125/><E125/><V50/><F124/><W133/><G133/><T57/><D53/><U134/><E134/><V64/><F47/><W31/><G31/><T34/><D34/><U49/><E19/><V52/><F46/><W85/><G85/><T40/><D40/><U41/><E41/><V62/><F52/><W63/><G63/><RYUUKYOKU ba="0,1" sc="250,-10,250,-10,250,-10,240,30" hai3="16,18,25,29,35,61,65,71,80,87,90,94,102" /><INIT seed="1,1,1,2,1,49" ten="240,240,240,270" oya="1" hai0="129,34,30,62,27,36,115,95,55,9,3,51,107" hai1="101,97,128,16,99,119,122,10,127,78,0,85,124" hai2="4,18,24,82,35,132,32,60,88,90,126,81,70" hai3="15,14,105,21,92,61,2,31,76,80,117,6,106"/><U120/><E119/><V63/><F132/><W46/><G2/><T71/><D115/><U64/><E0/><V94/><F126/><N who="1" m="48169" /><E64/><V66/><F4/><W59/><G92/><T52/><D107/><N who="1" m="63919" /><E99/><V11/><F60/><W102/><G106/><T54/><D36/><U93/><E128/><V53/><F70/><W45/><G105/><T110/><D110/><U19/><E93/><V72/><F72/><W23/><G102/><T29/><D129/><U58/><E58/><N who="2" m="35279" /><F66/><W134/><G134/><T86/><D30/><U20/><E10/><V7/><F7/><W22/><G31/><T79/><D71/><U39/><E39/><V44/><F44/><W68/><G68/><T109/><D109/><U38/><E38/><V8/><F35/><W48/><G6/><T114/><D3/><U50/><E50/><V104/><F32/><W77/><G117/><T43/><D51/><U1/><E1/><V37/><F37/><W67/><G80/><N who="2" m="30825" /><F104/><W87/><G87/><T13/><D86/><U75/><E85/><N who="2" m="52495" /><F90/><W121/><G45/><T33/><D62/><U25/><E75/><V83/><F83/><W98/><G46/><T96/><D95/><U74/><E74/><V113/><F113/><W42/><G48/><T111/><D114/><U131/><E131/><V40/><F40/><W56/><G42/><T91/><D43/><U103/><E103/><V123/><F123/><N who="1" m="47145" /><E78/><V108/><F108/><W57/><G121/><T47/><D79/><N who="3" m="30281" /><G98/><T84/><D96/><U41/><E41/><V17/><F18/><AGARI ba="1,1" hai="16,18,19,20,25" m="47145,63919,48169" machi="18" ten="30,2900,0" yaku="18,1,54,1" doraHai="49" who="1" fromWho="2" sc="240,0,240,42,240,-32,270,0" /><INIT seed="1,2,0,5,3,37" ten="240,282,208,270" oya="1" hai0="17,39,36,95,60,86,89,2,30,93,128,23,92" hai1="123,8,56,134,33,58,9,47,50,27,1,91,122" hai2="101,66,15,49,94,110,124,78,69,112,77,70,74" hai3="21,31,120,75,84,59,131,57,76,48,28,35,6"/><U119/><E119/><V29/><F112/><W85/><G120/><T72/><D72/><U46/><E134/><V116/><F116/><W117/><G35/><T20/><D2/><U22/><E33/><V64/><F124/><W53/><G75/><T87/><D128/><U11/><E1/><V97/><F110/><W125/><G125/><T25/><D60/><U3/><E3/><V13/><F29/><W38/><G38/><T105/><D105/><U79/><E79/><V63/><F49/><W132/><G117/><T10/><D10/><U12/><E12/><V14/><REACH who="2" step="1"/><F74/><REACH who="2" ten="240,282,198,270" step="2"/><W4/><G48/><T43/><D36/><U67/><E123/><V130/><F130/><W51/><G51/><T71/><D39/><U52/><E122/><V129/><F129/><W96/><G131/><T68/><D30/><N who="1" m="17783" /><E91/><V80/><F80/><W133/><G31/><T55/><D89/><U121/><E121/><V104/><F104/><W54/><G28/><T7/><D93/><U135/><E135/><V90/><F90/><W108/><G133/><T61/><D95/><U115/><E115/><V100/><F100/><W114/><G132/><T127/><D92/><U81/><E81/><V40/><F40/><W98/><G114/><T113/><D43/><U82/><E82/><V102/><F102/><W106/><G106/><T88/><D113/><U109/><E109/><V42/><F42/><W24/><G108/><T111/><D111/><U103/><E103/><V107/><F107/><W18/><G76/><T118/><D118/><U19/><E19/><V0/><F0/><W73/><G18/><RYUUKYOKU ba="2,1" sc="240,-15,282,15,198,15,270,-15" hai1="8,9,11,46,47,50,52,56,58,67" hai2="13,14,15,63,64,66,69,70,77,78,94,97,101" /><INIT seed="1,3,1,5,1,35" ten="225,297,213,255" oya="1" hai0="126,45,84,66,124,12,52,40,71,111,29,78,50" hai1="10,120,74,92,99,57,88,1,44,27,106,20,85" hai2="105,122,109,114,8,101,97,83,89,104,46,37,81" hai3="64,100,87,107,86,68,123,53,22,125,98,30,94"/><U3/><E120/><V72/><F122/><W42/><G123/><T55/><D29/><U6/><E74/><V0/><F114/><W59/><G42/><T16/><D111/><U49/><E57/><V39/><F109/><W116/><G68/><T133/><D133/><U58/><E58/><V60/><F60/><N who="3" m="37919" /><G107/><T17/><D66/><U119/><E119/><V77/><F83/><W47/><G125/><N who="0" m="48235" /><D71/><U93/><E106/><N who="2" m="63791" /><F89/><W18/><G116/><T38/><D38/><N who="2" m="14346" /><F46/><W95/><G95/><T56/><D56/><U127/><E127/><V69/><F69/><W41/><G41/><T28/><D28/><U76/><E76/><V135/><F135/><W102/><G102/><T132/><D132/><U25/><E3/><V121/><F121/><W51/><G30/><T13/><D78/><U113/><E113/><V26/><F26/><AGARI ba="3,1" hai="18,22,26,47,51,53,86,87,94,98,100" m="37919" machi="26" ten="30,1000,0" yaku="8,1" doraHai="35" who="3" fromWho="2" sc="225,0,297,0,213,-19,255,29" /><INIT seed="2,0,0,3,1,127" ten="225,297,194,284" oya="2" hai0="134,16,61,106,28,0,98,89,126,69,8,119,129" hai1="64,125,21,10,94,47,116,29,49,77,132,115,55" hai2="112,46,52,19,90,74,122,118,123,32,60,91,66" hai3="105,1,31,107,23,44,62,70,83,121,5,9,17"/><V95/><F118/><W38/><G121/><T135/><D126/><U6/><E116/><V128/><F112/><W124/><G124/><T30/><D119/><U104/><E104/><V75/><F32/><W102/><G31/><T111/><D111/><U40/><E115/><V93/><F19/><W2/><G2/><T33/><D129/><U13/><E132/><N who="0" m="50729" /><D33/><U3/><E64/><V7/><F7/><W85/><G102/><N who="0" m="62807" /><D89/><U48/><E77/><V58/><F128/><W73/><G70/><T80/><D80/><U103/><E125/><V24/><F24/><W39/><G62/><T131/><D131/><U59/><E3/><V110/><F110/><W114/><G114/><T97/><D97/><N who="1" m="59831" /><E21/><V117/><F117/><W12/><G38/><T43/><D43/><U120/><E120/><V100/><F100/><W41/><REACH who="3" step="1"/><G73/><REACH who="3" ten="225,297,194,274" step="2"/><T11/><D69/><U82/><E29/><V67/><F75/><W71/><G71/><T14/><D61/><U37/><E37/><V86/><F74/><W109/><G109/><T72/><D72/><U130/><E130/><V36/><F36/><W35/><G35/><T96/><D30/><U108/><E108/><V27/><F122/><W79/><AGARI ba="0,1" hai="1,5,9,12,17,23,39,41,44,79,83,85,105,107" machi="79" ten="20,2700,0" yaku="1,1,0,1,7,1,53,0" doraHai="127" doraHaiUra="63" who="3" fromWho="3" sc="225,-7,297,-7,194,-13,274,37" /><INIT seed="3,0,0,3,3,24" ten="218,290,181,311" oya="3" hai0="66,1,68,4,10,71,96,20,6,47,119,7,22" hai1="116,109,57,102,110,69,100,77,107,17,128,25,118" hai2="93,101,83,51,80,40,106,84,74,81,112,37,121" hai3="108,8,70,79,39,55,14,53,27,60,23,91,38"/><W94/><G79/><T76/><D119/><N who="1" m="45611" /><E69/><V3/><F3/><W36/><G108/><N who="1" m="41578" /><E107/><V29/><F112/><W65/><G14/><T31/><D76/><U56/><E77/><V103/><F37/><W104/><G8/><T78/><D10/><U111/><N who="1" m="41586" /><U89/><DORA hai="58" /><E89/><N who="2" m="53415" /><F106/><W45/><G104/><T113/><D78/><U95/><E95/><V87/><F74/><W90/><G45/><T35/><D47/><U2/><E2/><V9/><F121/><W133/><G133/><T52/><D71/><U125/><E125/><V64/><F9/><W0/><G0/><T75/><D68/><U130/><E25/><V67/><F87/><W115/><G115/><T98/><D113/><U19/><E19/><V135/><F135/><W13/><G13/><T50/><D75/><U33/><E17/><V46/><F103/><N who="1" m="39465" /><E33/><V86/><F101/><W82/><G82/><T114/><D1/><U21/><E21/><V127/><F86/><W42/><G91/><T122/><D114/><U12/><E12/><V26/><F127/><W41/><G90/><T120/><D35/><U97/><E97/><V16/><F16/><W61/><G94/><T15/><D98/><U105/><E105/><V43/><F43/><N who="3" m="16395" /><G23/><AGARI ba="0,0" hai="23,26,29,40,46,51,64,67,80,81,83" m="53415" machi="23" ten="30,2000,0" yaku="8,1,52,1" doraHai="24,58" who="2" fromWho="3" sc="218,0,290,0,181,20,311,-20" /><INIT seed="4,0,0,4,1,82" ten="218,290,201,291" oya="0" hai0="118,5,26,29,42,51,69,99,64,47,80,126,70" hai1="15,86,7,111,44,52,79,40,8,55,125,49,122" hai2="115,57,31,53,59,124,45,102,106,91,68,63,58" hai3="62,113,112,25,133,105,39,9,100,35,87,28,131"/><T46/><D118/><U67/><E111/><V123/><F123/><W54/><G39/><T109/><D126/><U27/><E122/><V101/><F124/><W88/><G131/><T33/><D109/><U83/><E125/><V121/><F121/><W135/><G9/><T85/><D64/><U23/><REACH who="1" step="1"/><E67/><REACH who="1" ten="218,280,201,291" step="2"/><V94/><F68/><W127/><G127/><T1/><D70/><U41/><E41/><V56/><F63/><W17/><G17/><AGARI ba="0,1" hai="7,8,15,17,23,27,40,44,49,52,55,79,83,86" machi="17" ten="30,16000,3" yaku="1,1,7,1,25,2,8,1,52,1,54,1,53,1" doraHai="82" doraHaiUra="77" who="1" fromWho="3" sc="218,0,280,170,201,0,291,-160" /><INIT seed="5,0,0,4,3,85" ten="218,450,201,131" oya="1" hai0="95,72,131,60,102,121,38,125,134,59,43,14,98" hai1="37,58,127,33,63,52,67,4,65,53,40,89,80" hai2="1,100,41,87,39,71,6,76,86,17,82,126,66" hai3="107,34,129,0,109,135,10,8,74,118,133,21,88"/><U16/><E33/><V47/><F100/><W101/><G109/><T96/><D72/><U79/><E4/><V120/><F120/><W32/><G74/><T113/><D121/><U19/><E37/><V68/><F17/><N who="1" m="6729" /><E127/><V132/><F132/><N who="3" m="50763" /><G129/><T56/><D113/><U49/><E40/><V25/><F25/><W55/><G118/><T119/><D43/><U22/><E79/><V28/><F28/><W77/><G77/><T111/><D38/><U48/><E22/><V26/><F26/><W9/><G0/><T130/><D125/><U20/><E20/><V35/><F35/><N who="3" m="13355" /><G21/><T110/><D134/><U13/><E13/><V124/><F124/><W93/><G107/><N who="0" m="63943" /><D14/><U81/><E81/><V112/><F126/><W90/><G55/><N who="1" m="21066" /><E65/><V46/><F66/><W104/><G104/><T30/><D111/><U44/><E44/><V106/><F47/><W7/><G7/><T91/><D110/><U29/><E29/><V78/><F78/><W92/><G101/><T70/><D30/><U103/><E103/><V128/><F76/><W23/><G23/><T54/><D131/><U69/><E69/><V42/><F128/><W5/><G5/><T64/><D130/><U115/><E115/><V99/><F112/><W122/><G122/><T11/><D70/><U45/><E45/><V3/><F6/><W31/><G31/><T51/><D54/><U94/><E80/><V116/><F106/><W117/><G117/><T50/><D119/><U62/><E62/><V15/><F116/><W75/><G75/><T27/><D60/><U61/><E61/><V114/><F114/><RYUUKYOKU ba="0,0" sc="218,-15,450,15,201,-15,131,15" hai1="48,49,58,63,67,89,94" hai3="8,9,10,88,90,92,93" /><INIT seed="5,1,0,4,3,90" ten="203,465,186,146" oya="1" hai0="130,11,61,46,51,76,97,81,5,6,134,125,135" hai1="112,115,68,54,93,38,70,126,25,55,71,132,118" hai2="64,4,57,52,94,53,131,82,87,32,41,21,111" hai3="49,67,108,100,66,28,102,79,24,63,85,83,9"/><U58/><E118/><V101/><F32/><W14/><G108/><T78/><D130/><U56/><E38/><V88/><F111/><W99/><G49/><T48/><D125/><U1/><E1/><V123/><F123/><W105/><G100/><T117/><D117/><U26/><E126/><V22/><F131/><W91/><G79/><T127/><D127/><U95/><REACH who="1" step="1"/><E71/><REACH who="1" ten="203,455,186,146" step="2"/><V31/><F4/><W27/><G28/><T62/><D5/><U110/><E110/><V23/><F31/><W103/><G103/><T15/><D6/><U33/><E33/><V109/><F109/><W73/><G73/><T104/><D135/><AGARI ba="1,1" hai="25,26,54,55,56,58,68,70,93,95,112,115,132,135" machi="135" ten="25,12000,1" yaku="1,1,22,2,52,2,53,0" doraHai="90" doraHaiUra="121" who="1" fromWho="0" sc="203,-123,455,133,186,0,146,0" /><INIT seed="5,2,0,5,5,57" ten="80,588,186,146" oya="1" hai0="22,78,64,107,98,100,113,26,63,36,21,86,118" hai1="15,99,106,13,67,120,50,17,40,72,30,83,116" hai2="59,80,19,65,34,14,56,105,123,44,9,11,37" hai3="62,18,12,7,89,46,102,130,35,135,31,115,68"/><U54/><E116/><V134/><F105/><W70/><G115/><T66/><D113/><U33/><E120/><V124/><F34/><W97/><G7/><T53/><D36/><U79/><E40/><V3/><F3/><W81/><G135/><T122/><D118/><U20/><E67/><V4/><F123/><W58/><G46/><T2/><D2/><U131/><E131/><V119/><F119/><W111/><G111/><T95/><D122/><U127/><E127/><V45/><F65/><N who="0" m="25194" /><D107/><U91/><E33/><V109/><F37/><W55/><G130/><T93/><D26/><U69/><E30/><V38/><F38/><W49/><G49/><T8/><D8/><U39/><E69/><V1/><F109/><W16/><G35/><T42/><D42/><U0/><E0/><V125/><F134/><W114/><G31/><T103/><D103/><U133/><E133/><V52/><F80/><W117/><G117/><T32/><D32/><U96/><E106/><V10/><F59/><W61/><G114/><T132/><D132/><U110/><E110/><V73/><F10/><W108/><G108/><T77/><D93/><U60/><E39/><V101/><F73/><W126/><G70/><T85/><D78/><U5/><E79/><V84/><F124/><W25/><G126/><T71/><D71/><U88/><E72/><V129/><F129/><W48/><G68/><T94/><D77/><U51/><E20/><N who="0" m="7785" /><D95/><U29/><E29/><V28/><F28/><W112/><G112/><T92/><D94/><U43/><E43/><V128/><F125/><W23/><G25/><RYUUKYOKU ba="2,0" sc="80,30,588,-10,186,-10,146,-10" hai0="53,63,85,86,92,98,100" /><INIT seed="6,3,0,3,1,82" ten="110,578,176,136" oya="2" hai0="13,93,113,16,105,99,73,46,121,11,35,56,19" hai1="98,68,117,37,131,85,132,28,74,79,39,59,31" hai2="58,64,61,0,14,24,75,97,115,127,41,18,66" hai3="120,114,103,71,52,123,89,32,50,126,17,91,111"/><V65/><F0/><W43/><G111/><T63/><D121/><U130/><E68/><V8/><F75/><W77/><G71/><T100/><D73/><U62/><E117/><V67/><F127/><W129/><G32/><T36/><D35/><U21/><E74/><V27/><F115/><W83/><G103/><T78/><D113/><U3/><E3/><V6/><F6/><W87/><G114/><T34/><D34/><U57/><E98/><V25/><F41/><W5/><G5/><N who="0" m="3311" /><D36/><U110/><E110/><V81/><F81/><W69/><G69/><T96/><D105/><U133/><E79/><V7/><F7/><W124/><G43/><T26/><D78/><U54/><E39/><V9/><F97/><W22/><G129/><T88/><D46/><U76/><E37/><V125/><REACH who="2" step="1"/><F125/><REACH who="2" ten="110,578,166,136" step="2"/><N who="3" m="48235" /><G123/><T92/><D26/><U4/><E4/><V2/><F2/><W95/><G120/><T49/><D49/><U10/><E131/><V72/><F72/><W118/><G118/><T116/><D116/><U48/><E130/><V1/><F1/><W94/><G50/><T53/><AGARI ba="3,1" hai="16,19,53,56,63,88,92,93,96,99,100" m="3311" machi="53" ten="30,4000,0" yaku="8,1,54,2" doraHai="82" who="0" fromWho="0" sc="110,59,578,-13,166,-23,136,-13" /><INIT seed="7,0,0,1,3,119" ten="169,565,143,123" oya="3" hai0="108,50,104,68,72,114,60,23,3,94,115,64,86" hai1="92,69,90,101,34,51,38,27,19,45,89,76,55" hai2="39,7,57,28,1,116,31,112,12,102,59,135,29" hai3="85,127,35,98,91,81,42,30,49,63,26,111,122"/><W13/><G127/><T33/><D108/><U133/><E69/><V18/><F39/><W41/><G111/><T47/><D33/><U103/><E133/><V134/><F116/><W123/><G63/><T95/><D104/><U124/><E38/><V66/><F112/><N who="0" m="43050" /><D72/><U14/><E76/><V97/><F7/><W8/><G98/><T0/><D23/><U52/><E124/><V74/><F1/><N who="0" m="586" /><D86/><U58/><E27/><V62/><F74/><W83/><G83/><T22/><D22/><N who="1" m="11639" /><E34/><V48/><F135/><W67/><G67/><T6/><D6/><U106/><E106/><V70/><F134/><W44/><REACH who="3" step="1"/><G41/><AGARI ba="0,0" hai="41,47,50,60,64,68,94,95" m="586,43050" machi="41" ten="30,2000,0" yaku="15,1,11,1" doraHai="119" who="0" fromWho="3" sc="169,20,565,0,143,0,123,-20" owari="189,-1.0,565,67.0,143,-26.0,103,-40.0" /></mjloggm>