<mjloggm ver="2.3"><GO type="169" lobby="0"/><UN n0="%39%39%39" n1="%E3%82%BC%E3%83%B3%E3%83%84%E3%83%83%E3%83%91" n2="%E3%82%A2%E3%83%95%E3%83%AA%E3%82%AB" n3="%E9%96%A2%E5%A4%A7%E7%94%9F" dan="17,16,16,17" rate="2184.26,2123.18,2149.83,2116.14" sx="F,M,M,M"/><TAIKYOKU oya="0"/><INIT seed="0,0,0,0,3,6" ten="250,250,250,250" oya="0" hai0="129,52,12,121,96,4,10,3,56,65,88,14,79" hai1="33,38,31,102,64,81,114,101,118,77,60,49,82" hai2="134,66,135,9,30,122,32,76,15,105,19,68,78" hai3="36,97,22,1,20,71,51,99,50,24,113,115,128"/><T58/><D121/><U108/><E118/><V86/><F105/><W53/><G36/><T125/><D129/><U133/><E38/><V39/><F39/><W90/><G71/><T127/><D79/><U73/><E108/><V48/><F122/><W98/><G24/><T117/><D117/><U23/><E33/><V83/><F48/><W59/><G1/><T47/><D65/><U131/><E131/><V11/><F76/><W72/><G72/><T67/><D67/><U106/><E133/><N who="2" m="50699" /><F66/><W7/><G7/><T112/><D47/><U89/><E114/><V130/><F130/><W8/><G128/><T103/><D112/><U55/><E106/><V92/><F68/><W87/><G50/><N who="0" m="30743" /><D58/><U63/><E63/><V119/><F119/><W5/><G115/><T123/><D123/><U16/><E31/><V37/><F37/><W40/><G113/><T93/><D103/><U132/><E132/><V44/><F44/><W57/><G59/><T28/><D28/><U35/><E35/><V27/><F92/><N who="3" m="54367" /><G40/><T94/><D94/><U91/><E60/><V61/><F61/><W0/><G0/><T29/><D29/><U85/><E64/><V2/><F2/><W116/><G116/><T62/><D62/><U45/><REACH who="1" step="1"/><E89/><REACH who="1" ten="250,240,250,250" step="2"/><V21/><AGARI ba="0,1" hai="9,11,15,19,21,27,30,32,78,83,86" m="50699" machi="21" ten="30,4000,0" yaku="20,1,52,2" doraHai="6" who="2" fromWho="2" sc="250,-20,240,-10,250,50,250,-10" /><INIT seed="1,0,0,5,0,101" ten="230,230,300,240" oya="1" hai0="62,31,13,129,120,135,37,51,105,53,130,40,77" hai1="103,69,45,70,18,91,84,35,32,79,100,93,55" hai2="89,83,33,10,60,124,81,86,27,99,94,5,76" hai3="8,50,0,125,123,25,107,12,7,85,68,128,119"/><U46/><E70/><V87/><F124/><W6/><G68/><T47/><D120/><U43/><E69/><V132/><F132/><W121/><G50/><T16/><D135/><U29/><E35/><V97/><F60/><W34/><G85/><T73/><D31/><U108/><E32/><V71/><F71/><W118/><G107/><T74/><D105/><U111/><E29/><V59/><F59/><W30/><G125/><T42/><D62/><U110/><E79/><V116/><F116/><N who="3" m="44587" /><G128/><N who="0" m="49259" /><D42/><U58/><E18/><V67/><F67/><W38/><G38/><T66/><D77/><U52/><E46/><V78/><F27/><W65/><G65/><T90/><D90/><U20/><E20/><V64/><F64/><W48/><G48/><T17/><D66/><U126/><E126/><V112/><F33/><W56/><G56/><N who="0" m="32831" /><D17/><U117/><E117/><V41/><F41/><W133/><G133/><T11/><AGARI ba="0,0" hai="11,13,16,37,40,47,73,74" m="32831,49259" machi="11" ten="30,2000,0" yaku="19,1,54,1" doraHai="101" who="0" fromWho="0" sc="230,20,230,-10,300,-5,240,-5" /><INIT seed="2,0,0,0,5,67" ten="250,220,295,235" oya="2" hai0="131,82,110,133,56,48,74,96,95,100,27,83,128" hai1="5,21,19,54,99,77,42,6,12,126,111,1,4" hai2="0,105,132,7,60,130,84,58,80,45,85,28,106" hai3="120,79,36,114,51,33,9,98,52,35,57,124,91"/><V78/><F132/><W20/><G120/><T34/><D110/><U40/><E111/><V55/><F130/><N who="0" m="49706" /><D133/><U65/><E1/><V39/><F28/><W17/><G36/><T108/><D108/><U61/><E126/><V88/><F7/><W8/><G124/><T63/><D48/><U71/><E77/><V18/><F0/><W68/><G68/><T11/><D11/><U119/><E119/><V46/><F18/><W32/><G114/><T93/><D93/><U107/><REACH who="1" step="1"/><E54/><REACH who="1" ten="250,210,295,235" step="2"/><V81/><REACH who="2" step="1"/><F39/><REACH who="2" ten="250,210,285,235" step="2"/><W13/><G35/><T103/><D34/><U38/><E38/><V24/><F24/><W22/><G33/><T23/><D27/><U117/><E117/><V102/><F102/><AGARI ba="0,2" hai="4,5,6,12,19,21,40,42,61,65,71,99,102,107" machi="102" ten="40,2600,0" yaku="1,1,52,1,53,0" doraHai="67" doraHaiUra="76" who="1" fromWho="2" sc="250,0,210,46,285,-26,235,0" /><INIT seed="3,0,0,1,4,11" ten="250,256,259,235" oya="3" hai0="102,53,65,80,94,81,42,37,133,111,17,87,5" hai1="50,64,39,29,40,99,124,131,19,115,108,10,54" hai2="48,66,28,55,3,132,46,106,114,30,74,26,110" hai3="27,116,73,68,7,33,43,72,97,36,23,89,51"/><W61/><G116/><T84/><D111/><U21/><E108/><V44/><F110/><W16/><G36/><T12/><D133/><U2/><E115/><V91/><F132/><W38/><G38/><T85/><D5/><U126/><E64/><V6/><F114/><W62/><G7/><T109/><D109/><U104/><E131/><V125/><F106/><W77/><G33/><T83/><D65/><U60/><E60/><V130/><F130/><W18/><G18/><T35/><D35/><U20/><E39/><V34/><F28/><W52/><G68/><T79/><D53/><U4/><E40/><V24/><F24/><W31/><G31/><T15/><D42/><U69/><E69/><V9/><F74/><W90/><G90/><T93/><D37/><U58/><E29/><V57/><F125/><N who="1" m="48233" /><E19/><V13/><F66/><W128/><G128/><T121/><D121/><U134/><E134/><V67/><F67/><W107/><G77/><T129/><D129/><U22/><E99/><V41/><F41/><W70/><G70/><T59/><D59/><U63/><E63/><V1/><REACH who="2" step="1"/><F91/><REACH who="2" ten="250,256,249,235" step="2"/><W101/><G89/><T120/><D79/><U135/><E135/><V105/><F105/><AGARI ba="0,1" hai="2,4,10,20,21,22,50,54,58,104,105" m="48233" machi="105" ten="30,1000,0" yaku="18,1" doraHai="11" who="1" fromWho="2" sc="250,0,256,20,249,-10,235,0" /><INIT seed="4,0,0,1,2,17" ten="250,276,239,235" oya="0" hai0="73,25,95,13,85,32,80,52,88,6,57,74,97" hai1="133,112,65,60,93,123,89,12,18,82,84,53,120" hai2="94,40,31,71,2,117,75,116,125,5,63,59,14" hai3="122,124,41,68,20,126,33,16,43,134,118,70,99"/><T34/><D6/><U56/><E133/><V1/><F75/><W61/><G33/><T130/><D130/><U54/><E112/><V101/><F71/><W78/><G118/><N who="2" m="45673" /><F40/><N who="3" m="15435" /><G134/><T37/><D37/><U49/><E54/><N who="2" m="34295" /><F31/><W76/><G122/><T38/><D38/><U107/><E107/><V114/><F114/><W108/><G108/><T44/><D13/><U129/><E129/><V131/><F125/><N who="3" m="48235" /><G99/><T45/><D73/><U7/><E7/><V132/><F132/><W28/><G28/><T55/><D74/><U109/><E109/><V100/><F131/><W92/><G92/><T26/><D34/><U104/><E104/><V119/><F119/><W110/><G110/><T127/><D127/><U15/><E15/><V77/><F77/><N who="3" m="29803" /><G61/><N who="0" m="36007" /><D32/><U67/><E67/><V24/><F94/><W66/><G66/><T35/><D35/><U91/><E93/><V36/><F36/><W8/><G8/><T87/><D87/><U27/><E27/><AGARI ba="0,0" hai="16,20,27,68,70" m="29803,48235,15435" machi="27" ten="30,3900,0" yaku="18,1,52,1,54,1" doraHai="17" who="3" fromWho="1" sc="250,0,276,-39,239,0,235,39" /><INIT seed="5,0,0,2,2,26" ten="250,237,239,274" oya="1" hai0="69,121,61,46,134,79,38,43,70,16,96,17,87" hai1="5,111,29,55,14,130,84,52,18,117,108,45,80" hai2="97,32,74,125,101,81,83,33,20,85,68,110,36" hai3="128,25,15,31,47,59,72,132,19,41,4,30,126"/><U109/><E117/><V35/><F110/><W86/><G72/><T1/><D134/><U127/><E130/><V65/><F36/><W99/><G128/><T104/><D121/><U48/><E127/><V7/><F125/><W123/><G123/><T13/><D1/><U42/><E29/><V34/><F7/><W40/><G126/><T119/><D119/><U66/><E66/><V131/><F131/><W28/><G132/><T24/><D24/><U120/><E120/><V60/><F34/><W0/><G0/><T23/><D61/><U75/><E75/><V54/><F54/><W57/><G99/><T78/><D17/><U49/><E49/><V62/><F62/><W76/><G4/><T10/><D10/><N who="1" m="4431" /><E18/><V39/><F39/><W63/><G25/><T92/><D104/><U9/><E9/><V122/><F20/><N who="3" m="11391" /><G47/><T129/><D129/><U44/><E45/><V53/><F53/><N who="3" m="34223" /><G59/><T113/><D70/><U2/><E2/><V124/><F124/><W106/><G106/><T50/><D69/><U88/><AGARI ba="0,0" hai="42,44,48,52,55,80,84,88,108,109,111" m="4431" machi="88" ten="30,6000,0" yaku="10,1,54,2" doraHai="26" who="1" fromWho="1" sc="250,-20,237,60,239,-20,274,-20" /><INIT seed="5,1,0,1,5,123" ten="230,297,219,254" oya="1" hai0="119,38,57,22,78,104,49,113,83,42,108,64,126" hai1="72,51,122,36,33,21,117,3,118,94,66,91,59" hai2="68,82,110,131,79,132,125,52,56,46,80,41,81" hai3="31,134,39,130,13,12,19,105,8,7,89,45,95"/><U116/><E122/><V77/><F68/><W93/><G105/><T84/><D108/><U32/><E36/><V73/><F110/><W98/><G31/><T0/><D119/><U27/><E72/><V5/><F132/><W26/><G26/><T115/><D126/><U53/><E3/><V30/><F125/><W129/><G134/><T103/><D0/><U74/><E74/><V55/><F131/><N who="3" m="50187" /><G93/><T2/><D2/><U120/><E66/><V25/><F5/><W9/><G45/><N who="0" m="25783" /><D38/><AGARI ba="1,0" hai="7,8,9,12,13,19,38,39,89,95,98" m="50187" machi="38" ten="30,1000,0" yaku="19,1" doraHai="123" who="3" fromWho="0" sc="230,-13,297,0,219,0,254,13" /><INIT seed="6,0,0,2,0,13" ten="217,297,219,267" oya="2" hai0="8,12,3,126,134,125,50,30,27,110,67,4,56" hai1="48,81,76,117,28,65,69,20,43,10,55,84,115" hai2="22,105,1,98,114,62,96,5,33,107,45,135,106" hai3="6,128,44,124,18,118,40,61,70,11,90,116,130"/><V54/><F33/><W25/><G90/><T93/><D110/><U129/><E117/><V71/><F135/><W92/><G92/><T58/><D134/><U103/><E115/><V60/><F114/><W47/><G70/><T109/><D109/><U36/><E129/><N who="3" m="49770" /><G61/><T89/><D67/><U80/><E103/><V100/><F71/><W34/><G47/><T46/><D3/><U66/><E36/><V42/><F98/><W39/><G124/><N who="0" m="47723" /><D27/><U57/><E43/><V59/><F62/><W63/><G63/><T15/><D15/><U26/><E69/><V127/><F127/><W85/><G85/><N who="0" m="52399" /><D30/><U31/><E31/><V23/><F107/><W112/><G112/><T123/><D123/><U111/><E111/><V83/><F106/><W119/><G34/><T133/><D133/><U7/><E81/><V64/><F64/><W37/><G37/><T95/><D95/><U99/><E99/><V14/><F83/><W77/><G25/><T52/><AGARI ba="0,0" hai="4,8,12,46,50,52,56,58" m="52399,47723" machi="52" ten="30,2000,0" yaku="18,1,54,1" doraHai="13" who="0" fromWho="0" sc="217,20,297,-5,219,-10,267,-5" /><INIT seed="7,0,0,5,3,117" ten="237,292,209,262" oya="3" hai0="97,106,122,121,45,37,105,82,131,19,41,9,54" hai1="51,26,39,53,22,93,70,12,68,76,107,72,134" hai2="75,42,83,103,88,89,57,113,33,38,109,6,59" hai3="85,110,77,44,80,8,111,90,116,125,100,71,81"/><W66/><G116/><T27/><D82/><U43/><E107/><V104/><F33/><W128/><G71/><T101/><D106/><U24/><E39/><V30/><F109/><N who="3" m="41483" /><G66/><T108/><D108/><U47/><E72/><V25/><F113/><W50/><G8/><T48/><D131/><U2/><E2/><V69/><F69/><W130/><G125/><T15/><REACH who="0" step="1"/><D27/><REACH who="0" ten="227,292,209,262" step="2"/><U40/><E26/><V115/><F115/><W35/><G81/><T74/><D74/><U64/><E24/><V46/><F83/><W95/><G80/><T1/><D1/><U58/><E76/><V52/><F75/><W7/><G130/><T118/><D118/><U98/><E93/><V21/><F104/><W112/><G95/><T73/><D73/><U18/><E12/><V0/><F103/><W84/><G100/><T5/><D5/><U63/><E134/><V13/><F0/><W34/><G7/><T78/><D78/><U91/><E91/><V36/><F6/><W55/><G90/><T3/><D3/><U20/><E18/><V61/><F13/><W11/><G77/><T49/><D49/><U23/><E51/><V123/><F38/><W62/><G128/><T32/><D32/><U65/><E63/><V114/><F114/><W17/><G112/><T102/><D102/><U126/><E126/><V127/><F127/><W120/><G62/><T14/><D14/><U94/><E94/><V28/><F28/><W99/><G35/><T132/><D132/><U96/><E68/><V16/><F30/><W129/><G34/><T67/><D67/><U29/><E65/><RYUUKYOKU ba="0,1" sc="227,30,292,-10,209,-10,262,-10" hai0="9,15,19,37,41,45,48,54,97,101,105,121,122" /><INIT seed="8,1,1,4,4,22" ten="257,282,199,252" oya="0" hai0="120,33,69,96,135,117,25,75,81,66,52,17,86" hai1="77,114,2,55,127,109,125,44,37,100,48,83,56" hai2="62,112,47,134,8,115,94,116,79,0,106,34,105" hai3="80,92,73,9,98,24,41,85,70,128,113,122,3"/><T132/><D117/><U49/><E109/><V131/><F116/><W89/><G113/><T63/><D120/><U21/><E2/><V123/><F123/><W40/><G70/><T97/><D75/><U43/><E114/><V6/><F115/><W4/><G122/><T54/><D96/><U16/><E100/><V15/><F112/><W71/><G71/><T111/><D97/><U50/><E127/><V26/><F131/><W30/><G73/><T13/><D111/><U39/><E39/><V102/><F79/><W29/><G128/><T27/><D33/><U124/><E125/><V10/><F134/><N who="0" m="51242" /><D52/><U101/><E101/><V99/><F47/><W18/><G18/><T42/><D54/><U87/><E124/><V31/><REACH who="2" step="1"/><F62/><REACH who="2" ten="257,282,189,252" step="2"/><W32/><REACH who="3" step="1"/><G30/><REACH who="3" ten="257,282,189,242" step="2"/><T84/><D42/><U65/><E43/><V82/><F82/><W1/><G1/><T28/><D28/><U36/><E83/><V20/><F20/><W58/><G58/><T129/><D129/><U11/><E21/><V51/><F51/><W72/><G72/><T130/><D130/><U38/><E56/><V14/><F14/><W95/><G95/><T64/><D81/><U57/><E49/><V118/><F118/><W35/><G35/><T91/><D69/><U103/><E48/><V5/><AGARI ba="1,3" hai="0,5,6,8,10,15,26,31,34,94,99,102,105,106" machi="5" ten="20,5200,0" yaku="1,1,0,1,7,1,52,1,53,0" doraHai="22" doraHaiUra="67" who="2" fromWho="2" sc="257,-27,282,-14,189,85,242,-14" /><INIT seed="9,0,0,3,4,16" ten="230,268,274,228" oya="1" hai0="114,80,88,33,84,15,55,47,123,77,120,28,46" hai1="20,19,111,2,121,133,129,54,122,43,94,134,103" hai2="107,40,67,90,98,89,93,126,81,6,62,29,61" hai3="130,22,85,53,59,30,102,57,66,74,4,73,14"/><U60/><E2/><V48/><F126/><W27/><G130/><T100/><D114/><U72/><E72/><V92/><F107/><W79/><G102/><T41/><D100/><U5/><E5/><V58/><F6/><W13/><G66/><T91/><D55/><U75/><E75/><V115/><F115/><W39/><G39/><T23/><D33/><U68/><E43/><V18/><F29/><W44/><G74/><T125/><D47/><U76/><E76/><V9/><F81/><N who="3" m="47295" /><G73/><T11/><D125/><U49/><E129/><V36/><F36/><W10/><G14/><T7/><D23/><U117/><E117/><V82/><F82/><W8/><G8/><T87/><D28/><U65/><E111/><V132/><F132/><N who="1" m="50793" /><E94/><V131/><F131/><W45/><G59/><T127/><D127/><U109/><E103/><V25/><F9/><W69/><G69/><T24/><D24/><N who="1" m="14367" /><E109/><V105/><F105/><W124/><G124/><T35/><D35/><U86/><E86/><N who="2" m="52279" /><F40/><W51/><AGARI ba="0,0" hai="4,10,13,22,27,30,44,45,51,53,57" m="47295" machi="51" ten="30,2000,0" yaku="8,1,52,1" doraHai="16" who="3" fromWho="3" sc="230,-5,268,-10,274,-5,228,20" /><INIT seed="10,0,0,0,1,109" ten="225,258,269,248" oya="2" hai0="8,48,61,118,33,56,39,85,25,26,51,114,53" hai1="113,111,63,37,29,123,86,103,134,16,82,69,97" hai2="78,116,120,52,107,0,106,40,49,92,74,110,4" hai3="28,20,32,3,100,68,80,9,15,60,81,93,50"/><V11/><F120/><W19/><G68/><T45/><D39/><U125/><E111/><V133/><F110/><W44/><G60/><T31/><D114/><U71/><E113/><V75/><F40/><N who="3" m="24839" /><G32/><T5/><D118/><U119/><E37/><V30/><F30/><W84/><G3/><T41/><D26/><U73/><E73/><V12/><F116/><W88/><G100/><T7/><D85/><U64/><E119/><V121/><F121/><W131/><G131/><T70/><D70/><U76/><E123/><V99/><F0/><W57/><G57/><T65/><REACH who="0" step="1"/><D8/><REACH who="0" ten="215,258,269,248" step="2"/><U34/><E69/><V55/><F133/><W35/><G35/><T36/><D36/><U17/><E134/><V96/><F75/><W58/><G58/><T135/><D135/><U105/><E125/><V126/><F126/><W117/><G117/><T62/><D62/><U21/><E21/><V108/><F108/><W95/><G81/><T1/><D1/><U122/><E122/><V54/><F49/><W77/><G77/><T43/><D43/><U87/><E86/><V24/><F24/><AGARI ba="0,1" hai="9,15,19,20,24,28,80,84,88,93,95" m="24839" machi="24" ten="30,2000,0" yaku="8,1,54,1" doraHai="109" who="3" fromWho="2" sc="215,0,258,0,269,-20,248,30" /><AGARI ba="0,0" hai="16,17,24,29,34,63,64,71,76,82,87,97,103,105" machi="24" ten="40,5200,0" yaku="25,2,54,1" doraHai="109" who="1" fromWho="2" sc="215,0,258,52,249,-52,278,0" owari="215,-18.0,310,40.0,197,-30.0,278,8.0" /></mjloggm>