<mjloggm ver="2.3"><GO type="169" lobby="0"/><UN n0="%6D%69%6C%6C%72%65%65%66" n1="%E3%83%A4%E3%82%AD%E3%83%B3" n2="%E3%82%A8%E3%82%B9%E3%83%86%E3%83%BC" n3="%64%6F%6E%63%68%61%6E%33" dan="17,17,17,16" rate="2168.19,2214.13,2142.23,2032.24" sx="M,M,F,M"/><TAIKYOKU oya="0"/><INIT seed="0,0,0,3,1,15" ten="250,250,250,250" oya="0" hai0="75,131,33,11,56,39,121,5,16,106,125,98,9" hai1="88,77,54,84,26,49,87,70,90,29,64,102,47" hai2="115,89,50,99,85,8,36,129,114,103,135,10,113" hai3="35,100,6,61,20,71,58,43,3,68,42,32,105"/><T96/><D75/><U65/><E102/><V104/><F36/><W92/><G105/><T25/><D121/><U34/><E77/><V83/><F135/><W51/><G6/><T40/><D125/><U133/><E133/><V108/><F108/><W52/><G3/><T12/><D131/><U86/><REACH who="1" step="1"/><E70/><REACH who="1" ten="250,240,250,250" step="2"/><V72/><F129/><W107/><G71/><T66/><D106/><U22/><E22/><V78/><REACH who="2" step="1"/><F50/><REACH who="2" ten="250,240,240,250" step="2"/><W38/><G51/><T1/><D39/><U37/><E37/><V31/><F31/><W48/><G38/><T23/><D33/><U60/><E60/><V24/><F24/><W134/><G35/><T59/><D40/><U81/><E81/><AGARI ba="0,2" hai="8,10,72,78,81,83,85,89,99,103,104,113,114,115" machi="81" ten="40,1300,0" yaku="1,1,53,0" doraHai="15" doraHaiUra="123" who="2" fromWho="1" sc="250,0,240,-13,240,33,250,0" /><INIT seed="1,0,0,1,5,12" ten="250,227,273,250" oya="1" hai0="13,124,7,14,91,94,79,9,118,6,70,115,75" hai1="78,127,36,46,55,50,34,22,85,102,88,48,99" hai2="61,80,84,103,93,81,114,125,120,90,16,111,121" hai3="47,134,0,101,135,74,65,133,19,10,51,31,35"/><U126/><E34/><V60/><F125/><N who="1" m="47625" /><E78/><V107/><F111/><W40/><G74/><T100/><D124/><U23/><E36/><V33/><F33/><W37/><G101/><T89/><D115/><U95/><E50/><V39/><F39/><W108/><G65/><T49/><D118/><U76/><E76/><V1/><F114/><W63/><G63/><T117/><D117/><U21/><E21/><V2/><F103/><W110/><G37/><T106/><D70/><U52/><E55/><V104/><F93/><AGARI ba="0,0" hai="22,23,46,48,52,85,88,93,95,99,102" m="47625" machi="93" ten="30,5800,0" yaku="18,1,54,2" doraHai="12" who="1" fromWho="2" sc="250,0,227,58,273,-58,250,0" /><INIT seed="1,1,0,3,5,4" ten="250,285,215,250" oya="1" hai0="40,62,8,7,44,13,63,34,72,43,16,12,120" hai1="115,99,105,79,132,2,30,31,42,45,64,104,17" hai2="106,97,127,102,33,86,95,47,130,26,59,121,80" hai3="108,39,78,21,58,1,67,93,15,52,111,22,100"/><U65/><E115/><V35/><F121/><W46/><G1/><T32/><D72/><U73/><E2/><V61/><F127/><W135/><G78/><T28/><D120/><U29/><E132/><V54/><F130/><W66/><G135/><T89/><D43/><U113/><E113/><V11/><F106/><W81/><G81/><T37/><D89/><U123/><E123/><V3/><F26/><W70/><G46/><T122/><D122/><U9/><E79/><V10/><F47/><W101/><G39/><T18/><D7/><U75/><E75/><V82/><F82/><W114/><G114/><T41/><D41/><U94/><E73/><V20/><F20/><N who="3" m="7787" /><G15/><T56/><D28/><U134/><E105/><V85/><F3/><W76/><G76/><T71/><D71/><U112/><E104/><V49/><F61/><N who="3" m="36039" /><G70/><T116/><D116/><U53/><E42/><V6/><F6/><W68/><G68/><T107/><D107/><U91/><E134/><V14/><F14/><W5/><G5/><T60/><REACH who="0" step="1"/><D56/><REACH who="0" ten="240,285,215,250" step="2"/><U48/><E112/><V129/><F129/><W126/><G126/><T110/><D110/><N who="3" m="42025" /><G101/><T96/><D96/><AGARI ba="1,1" hai="66,67,93,96,100" m="42025,36039,7787" machi="96" ten="30,2000,0" yaku="14,1,54,1" doraHai="4" who="3" fromWho="0" sc="240,-23,285,0,215,0,250,33" /><INIT seed="2,0,0,2,2,47" ten="217,285,215,283" oya="2" hai0="106,113,135,112,93,19,96,61,26,42,13,72,111" hai1="30,82,133,66,92,88,59,114,119,21,115,1,89" hai2="68,128,80,38,104,41,85,58,18,44,17,55,76" hai3="79,98,74,124,99,28,67,52,15,120,27,70,87"/><V53/><F128/><W83/><G120/><T0/><D72/><U56/><E119/><V81/><F104/><W37/><G37/><T69/><D0/><U9/><E133/><V43/><F68/><W130/><G130/><T45/><D106/><U126/><E126/><V110/><F43/><W102/><G124/><T40/><D135/><U5/><E82/><V134/><F134/><W8/><G67/><T77/><D77/><U94/><E94/><V29/><F110/><W24/><G70/><T23/><D111/><U125/><E125/><V46/><F29/><W50/><G74/><T127/><D127/><U132/><E89/><V118/><F118/><W101/><G99/><T107/><D107/><U78/><E78/><V121/><F121/><W20/><G27/><T10/><D42/><U3/><E3/><V7/><F7/><W11/><G98/><T95/><D69/><U31/><E31/><V103/><F103/><W34/><G34/><T71/><D71/><U109/><E30/><V117/><F117/><W6/><REACH who="3" step="1"/><G11/><REACH who="3" ten="217,285,215,273" step="2"/><T123/><D123/><U122/><E9/><V105/><F105/><W63/><G63/><T12/><D61/><U25/><E122/><V22/><F22/><W33/><G33/><T51/><D96/><U49/><E132/><V129/><F129/><W108/><G108/><T57/><D26/><U62/><E109/><V14/><F38/><W35/><G35/><T75/><D75/><U4/><E21/><V86/><F86/><W54/><G54/><T39/><D23/><U16/><E25/><V65/><F85/><W84/><G84/><RYUUKYOKU ba="0,1" sc="217,-10,285,-10,215,-10,273,30" hai3="6,8,15,20,24,28,50,52,79,83,87,101,102" /><INIT seed="3,1,1,1,2,64" ten="207,275,205,303" oya="3" hai0="39,62,66,28,121,125,45,90,13,32,7,60,1" hai1="127,80,36,82,54,6,57,131,41,129,53,40,91" hai2="2,75,4,120,103,72,12,87,29,34,97,43,21" hai3="96,16,23,15,108,77,102,118,119,17,98,92,126"/><W111/><G77/><T31/><D1/><U26/><E6/><V27/><F120/><W11/><G126/><T24/><D121/><U69/><E127/><V63/><F87/><W3/><G3/><T134/><D125/><U79/><E69/><V85/><F85/><W107/><G111/><T81/><D31/><U44/><E41/><V33/><F43/><W46/><G46/><T94/><D134/><U114/><E114/><V109/><F109/><W95/><G108/><T83/><D62/><U55/><E91/><V56/><F34/><W73/><G73/><T14/><D45/><U100/><E100/><V48/><F48/><W20/><G11/><T115/><D39/><U50/><E26/><V5/><F2/><W132/><G132/><T71/><D115/><U25/><E25/><V101/><F101/><W8/><G8/><T70/><D70/><U18/><E18/><V113/><F113/><W86/><G86/><T10/><REACH who="0" step="1"/><D14/><REACH who="0" ten="197,275,205,303" step="2"/><U117/><E44/><V30/><F30/><W123/><G123/><T38/><D38/><U104/><E36/><V74/><F12/><W59/><G59/><T128/><D128/><U42/><E57/><V88/><F33/><W0/><G0/><T9/><D9/><U93/><E131/><V49/><F49/><W67/><G67/><T135/><D135/><U112/><E50/><V58/><F58/><W35/><G35/><T89/><D89/><U65/><E129/><V116/><F88/><N who="3" m="55303" /><G107/><T52/><D52/><N who="1" m="20075" /><E104/><N who="2" m="63599" /><F116/><W61/><G61/><T84/><AGARI ba="1,2" hai="7,10,13,24,28,32,60,66,71,81,83,84,90,94" machi="84" ten="20,5200,0" yaku="1,1,0,1,7,1,52,1,53,0" doraHai="64" doraHaiUra="130" who="0" fromWho="0" sc="197,75,275,-14,205,-14,303,-27" /><INIT seed="4,0,0,3,0,37" ten="272,261,191,276" oya="0" hai0="106,92,107,23,84,121,61,38,53,87,40,44,103" hai1="95,22,131,3,77,12,127,79,14,17,20,70,75" hai2="82,100,55,25,66,0,7,35,52,1,78,6,109" hai3="39,11,72,58,86,69,73,57,50,119,16,126,132"/><T125/><D121/><U104/><E104/><V65/><F109/><W133/><G39/><T93/><D125/><U56/><E70/><V8/><F100/><W34/><G69/><T27/><D106/><U31/><E3/><V85/><F35/><W60/><G34/><T29/><D107/><U118/><E118/><V128/><F128/><W90/><G119/><T116/><D116/><U46/><E131/><V89/><F25/><W30/><G30/><T19/><D103/><U91/><E46/><V45/><F78/><W117/><G117/><T71/><D87/><U10/><E75/><V108/><F108/><W110/><G110/><T134/><D134/><N who="3" m="51817" /><G50/><T94/><D84/><N who="1" m="52711" /><E56/><N who="3" m="21610" /><G60/><T111/><D111/><U115/><E115/><V135/><F135/><W123/><G123/><T74/><D74/><U98/><E98/><V62/><F45/><W42/><G126/><T63/><D53/><U9/><E127/><V28/><F28/><W122/><G122/><T13/><REACH who="0" step="1"/><D71/><REACH who="0" ten="262,261,191,276" step="2"/><U99/><E99/><V81/><F85/><W124/><G124/><T105/><D105/><U54/><E54/><V129/><F129/><W59/><G72/><T2/><D2/><U41/><E79/><V64/><F89/><W36/><G73/><T67/><D67/><U15/><E77/><V47/><F55/><W18/><G86/><T80/><D80/><U5/><E41/><V49/><REACH who="2" step="1"/><F62/><REACH who="2" ten="262,261,181,276" step="2"/><W32/><G90/><T43/><D43/><U51/><E31/><V48/><F48/><W4/><G42/><T96/><D96/><U33/><E51/><V68/><F68/><W113/><G36/><RYUUKYOKU ba="0,2" sc="262,15,261,-15,181,15,276,-15" hai0="13,19,23,27,29,38,40,44,61,63,92,93,94" hai2="0,1,6,7,8,47,49,52,64,65,66,81,82" /><INIT seed="4,1,2,3,1,50" ten="277,246,196,261" oya="0" hai0="119,108,105,44,55,102,32,30,100,131,103,35,116" hai1="74,98,60,120,6,56,78,20,88,122,11,79,5" hai2="68,90,99,106,93,64,83,26,4,8,121,70,61" hai3="2,135,133,117,115,85,22,111,84,31,40,69,27"/><T80/><D105/><U72/><E72/><V57/><F121/><W25/><G111/><T126/><D131/><U76/><E74/><V46/><F106/><W95/><G2/><T15/><D108/><U118/><E118/><V29/><F46/><W13/><G69/><T89/><D126/><U94/><E20/><V81/><F70/><W96/><G115/><T86/><D119/><U28/><E28/><V132/><F132/><N who="3" m="50763" /><G40/><T38/><D116/><U23/><E23/><V107/><F107/><W41/><G41/><T91/><D38/><U101/><E101/><V62/><F62/><W19/><G117/><T110/><D110/><U37/><E37/><V42/><F42/><W33/><G25/><T24/><D15/><U104/><E104/><V112/><F112/><W10/><G33/><T66/><D66/><U48/><E48/><V36/><F68/><W16/><G31/><T49/><REACH who="0" step="1"/><D32/><REACH who="0" ten="267,246,196,261" step="2"/><U127/><E127/><V73/><F36/><W17/><G17/><T109/><D109/><U71/><E6/><V39/><F39/><W9/><G9/><T87/><D87/><U43/><E11/><V134/><F134/><W92/><G96/><T52/><D52/><N who="1" m="33799" /><E5/><V129/><F129/><W3/><G3/><T7/><D7/><U128/><E43/><V54/><F64/><W63/><G84/><T45/><D45/><U123/><E128/><V18/><F18/><W67/><G85/><T125/><D125/><U114/><E114/><V113/><F113/><W82/><G19/><T124/><D124/><U130/><E130/><V34/><F73/><W58/><G10/><RYUUKYOKU ba="1,3" sc="267,10,246,10,196,10,261,-30" hai0="24,30,35,44,49,55,80,86,89,91,100,102,103" hai1="71,76,78,79,88,94,98,120,122,123" hai2="4,8,26,29,34,54,57,61,81,83,90,93,99" /><INIT seed="4,2,3,4,0,66" ten="277,256,206,231" oya="0" hai0="89,93,82,48,114,132,3,5,18,119,0,94,33" hai1="19,77,115,90,126,13,97,49,88,120,61,24,74" hai2="51,59,17,84,7,44,99,105,81,50,101,67,75" hai3="32,65,124,104,53,21,25,92,38,12,54,10,6"/><T133/><D33/><U41/><E120/><V96/><F75/><W121/><G104/><T40/><D119/><U60/><E74/><V68/><F99/><W55/><G121/><T76/><D114/><U83/><E115/><V127/><F127/><W113/><G124/><T72/><D18/><U85/><E24/><V23/><F7/><W123/><G123/><T20/><D20/><N who="1" m="11375" /><E126/><V46/><F68/><W111/><G65/><T107/><D107/><U29/><E29/><V31/><F31/><N who="3" m="17839" /><G32/><T73/><D73/><U86/><E97/><V11/><F11/><W1/><G1/><T79/><D79/><U14/><E14/><V34/><F34/><W58/><G38/><T39/><D48/><U100/><E100/><V8/><F8/><W70/><G70/><T117/><D117/><U112/><E112/><V35/><F35/><W135/><G111/><T108/><D108/><U116/><E116/><V63/><F51/><N who="3" m="31039" /><G135/><N who="0" m="51787" /><D5/><U80/><E77/><V71/><F50/><W128/><G128/><T52/><D89/><U64/><E49/><V16/><F71/><W130/><G130/><T47/><D52/><N who="3" m="20009" /><G113/><T134/><N who="0" m="51795" /><T28/><DORA hai="36" /><D28/><U62/><E64/><V98/><F98/><W57/><G57/><T37/><D37/><U4/><E4/><V91/><F17/><W9/><G9/><T118/><D118/><U15/><E15/><AGARI ba="2,3" hai="15,16,23,44,46,59,63,67,81,84,91,96,101,105" machi="15" ten="30,2000,0" yaku="7,1,54,1" doraHai="66,36" who="2" fromWho="1" sc="277,0,256,-26,206,56,231,0" /><INIT seed="5,0,0,1,5,67" ten="277,230,262,231" oya="1" hai0="131,50,74,119,7,17,57,56,101,130,83,85,3" hai1="36,55,100,49,127,21,34,79,53,135,35,46,27" hai2="111,38,78,72,107,117,104,108,32,51,76,44,37" hai3="65,109,48,66,122,58,95,132,124,91,41,25,113"/><U52/><E36/><V82/><F117/><W75/><G122/><T98/><D119/><U30/><E127/><V40/><F78/><W112/><G109/><N who="2" m="42057" /><F51/><W16/><G132/><T126/><D74/><U63/><E135/><V11/><F38/><W47/><G75/><T120/><D126/><U43/><E79/><V90/><F90/><W123/><G123/><T60/><D120/><U80/><E80/><V23/><F23/><N who="3" m="13543" /><G124/><T24/><D50/><U97/><REACH who="1" step="1"/><E63/><REACH who="1" ten="277,220,262,231" step="2"/><V69/><F82/><W42/><G113/><T93/><D60/><U118/><E118/><V87/><F76/><W103/><G112/><T14/><D83/><U71/><E71/><V116/><F69/><W6/><G41/><T9/><D131/><U121/><E121/><V19/><F40/><W64/><G6/><T31/><D130/><U84/><E84/><V10/><F87/><N who="3" m="52735" /><G103/><T134/><D85/><U125/><E125/><V4/><F116/><W28/><G58/><T5/><D134/><U73/><E73/><V15/><F4/><N who="0" m="1610" /><D3/><U54/><N who="1" m="13824" /><DORA hai="105" /><U89/><E89/><V92/><F72/><W29/><AGARI ba="0,1" hai="28,29,42,47,48,64,65,66" m="52735,13543" machi="29" ten="30,2000,0" yaku="8,1,54,1" doraHai="67,105" who="3" fromWho="3" sc="277,-5,220,-10,262,-5,231,30" /><INIT seed="6,0,0,0,5,63" ten="272,210,257,261" oya="2" hai0="9,32,29,125,27,49,115,72,79,122,28,105,119" hai1="103,45,22,130,17,74,30,88,132,62,54,95,86" hai2="111,46,34,90,58,100,70,33,104,60,94,42,36" hai3="50,102,128,7,44,26,99,109,66,20,85,82,13"/><V35/><F70/><W124/><G109/><T87/><D105/><U16/><E74/><V65/><F111/><W78/><G128/><T19/><D122/><U97/><E130/><V47/><F47/><W25/><G124/><T71/><D72/><U89/><E132/><V24/><F104/><W112/><G112/><T3/><D115/><U18/><E86/><V76/><F76/><W56/><G7/><T37/><D37/><U113/><E113/><V121/><F100/><W117/><G117/><T81/><D125/><U131/><E131/><V52/><F121/><W127/><G127/><T53/><D71/><U0/><E0/><V6/><F6/><W12/><G26/><T64/><D119/><U15/><E30/><V51/><F24/><W134/><G134/><T40/><D40/><U92/><E45/><V57/><F33/><W59/><G99/><AGARI ba="0,0" hai="34,35,36,42,46,51,52,57,58,60,65,90,94,99" machi="99" ten="30,5800,0" yaku="7,1,52,1,54,1" doraHai="63" who="2" fromWho="3" sc="272,0,210,0,257,58,261,-58" /><INIT seed="6,1,0,0,0,59" ten="272,210,315,203" oya="2" hai0="35,65,19,123,128,106,16,17,34,14,38,28,127" hai1="113,111,93,11,103,56,81,95,132,27,120,72,126" hai2="115,5,125,47,2,116,110,69,25,75,8,134,45" hai3="46,79,1,48,102,26,99,23,58,66,22,0,80"/><V98/><F116/><W51/><G0/><T36/><D106/><U9/><E111/><V70/><F110/><W77/><G1/><T97/><D123/><U20/><E120/><V88/><F75/><W114/><G114/><T24/><D35/><U104/><E104/><V4/><F115/><W112/><G112/><T39/><D128/><U37/><E37/><V122/><F122/><W43/><G22/><T29/><D29/><U10/><E113/><V49/><F5/><W61/><G48/><T133/><D127/><U31/><E126/><V83/><F125/><W15/><G15/><T12/><D133/><U18/><E72/><V64/><F134/><W33/><G33/><T119/><D119/><U3/><E3/><V89/><F25/><W121/><G80/><T62/><REACH who="0" step="1"/><D97/><REACH who="0" ten="262,210,315,203" step="2"/><N who="1" m="59823" /><E31/><V21/><F98/><W44/><G121/><T129/><D129/><U42/><E132/><V130/><F130/><W40/><G40/><T50/><D50/><U41/><E42/><V131/><F49/><W63/><G46/><T107/><D107/><U90/><E41/><V87/><F47/><W92/><REACH who="3" step="1"/><G63/><REACH who="3" ten="262,210,315,193" step="2"/><T91/><D91/><U57/><E90/><V55/><F88/><W76/><G76/><T124/><D124/><U71/><E71/><AGARI ba="1,2" hai="12,14,16,17,19,24,28,34,36,38,39,62,65,71" machi="71" ten="50,6400,0" yaku="1,1,52,1,54,1,53,0" doraHai="59" doraHaiUra="86" who="0" fromWho="1" sc="262,87,210,-67,315,0,193,0" /><INIT seed="7,0,0,5,1,35" ten="349,143,315,193" oya="3" hai0="68,92,13,112,5,42,90,40,132,133,87,78,44" hai1="20,96,75,52,55,9,105,104,39,80,81,131,14" hai2="59,60,126,128,62,77,86,28,34,45,67,63,11" hai3="29,72,82,16,116,135,113,102,107,43,70,79,84"/><W103/><G116/><T66/><D78/><U122/><E122/><V74/><F74/><W117/><G70/><T71/><D112/><U108/><E108/><V119/><F119/><W17/><G117/><T1/><D1/><U110/><E110/><V0/><F126/><W41/><G113/><T31/><D31/><U12/><E20/><V120/><F120/><W91/><G135/><N who="0" m="51787" /><D66/><U101/><E39/><V83/><F128/><W58/><G29/><T48/><D42/><N who="3" m="15881" /><G107/><T111/><D111/><U26/><E26/><V25/><REACH who="2" step="1"/><F45/><REACH who="2" ten="349,143,305,193" step="2"/><W123/><G123/><T38/><D38/><U94/><E131/><V109/><F109/><W98/><G72/><T88/><D90/><U6/><E75/><V37/><F37/><W23/><G103/><T51/><D51/><U56/><E14/><V2/><F2/><W73/><G73/><T50/><D50/><U118/><E118/><V8/><F8/><AGARI ba="0,1" hai="5,8,13,40,44,48,68,71,87,88,92" m="51787" machi="8" ten="30,2000,0" yaku="20,1,54,1" doraHai="35" who="0" fromWho="2" sc="349,30,143,0,305,-20,193,0" owari="379,48.0,143,-36.0,285,9.0,193,-21.0" /></mjloggm>