<mjloggm ver="2.3"><GO type="169" lobby="0"/><UN n0="%66%6F%6F%6C%5F%6B%65%79" n1="%E3%83%AD%E3%83%83%E3%83%86%E9%9B%80%EF%BC%84%E6%94%B9" n2="%E3%82%A2%E3%83%95%E3%83%AA%E3%82%AB" n3="%E9%BA%BB%E7%94%9F%E9%9B%80%E5%AD%90" dan="16,16,16,16" rate="2091.21,2154.46,2129.80,2155.70" sx="M,M,M,F"/><TAIKYOKU oya="0"/><INIT seed="0,0,0,3,4,68" ten="250,250,250,250" oya="0" hai0="69,101,58,95,111,25,79,83,27,67,109,130,47" hai1="26,61,17,34,96,134,75,49,36,45,12,60,102" hai2="126,122,133,112,54,82,84,0,70,117,63,93,30" hai3="88,5,124,118,52,94,129,62,104,65,44,29,16"/><T13/><D69/><U87/><E75/><V74/><F112/><W18/><G118/><T7/><D130/><U105/><E134/><V103/><F74/><W3/><G104/><T77/><D47/><U64/><E36/><V127/><F0/><W46/><G129/><T37/><D37/><U9/><E87/><V40/><F40/><W80/><G80/><T11/><D101/><U23/><E34/><V113/><F113/><W59/><G29/><T114/><D114/><U78/><E78/><N who="0" m="29705" /><D95/><U128/><E64/><V39/><F39/><W32/><G32/><T72/><D83/><U107/><E107/><V85/><F30/><W8/><G124/><N who="2" m="47657" /><F122/><W120/><G120/><T10/><D10/><U6/><REACH who="1" step="1"/><E128/><REACH who="1" ten="250,240,250,250" step="2"/><V35/><F35/><W108/><G65/><T43/><D72/><U21/><E21/><V97/><F133/><W51/><G108/><N who="0" m="41547" /><D43/><AGARI ba="0,1" hai="6,9,12,17,23,26,43,45,49,60,61,96,102,105" machi="43" ten="30,2000,0" yaku="1,1,7,1,53,0" doraHai="68" doraHaiUra="106" who="1" fromWho="0" sc="250,-20,240,30,250,0,250,0" /><INIT seed="1,0,0,0,0,111" ten="230,270,250,250" oya="1" hai0="125,127,29,21,100,6,16,89,103,40,10,102,107" hai1="128,46,44,14,22,60,118,64,66,110,31,129,94" hai2="132,2,5,1,86,76,54,12,25,134,116,88,68" hai3="113,17,41,123,27,23,119,3,83,19,75,59,98"/><U95/><E110/><V49/><F68/><W124/><G123/><T47/><D29/><U135/><E135/><N who="2" m="51755" /><F76/><W69/><G69/><T72/><D72/><U96/><E118/><V71/><F71/><W48/><G119/><T18/><D107/><U7/><E7/><V38/><F38/><W121/><G121/><T37/><D89/><U109/><E109/><V120/><F116/><W84/><G3/><T122/><D122/><U115/><E115/><V108/><F25/><W97/><G75/><T87/><D87/><U56/><E66/><V28/><F28/><W20/><G113/><T11/><D11/><U43/><E95/><N who="2" m="54679" /><F120/><W106/><G106/><T114/><D114/><U30/><E14/><V26/><F26/><W79/><G124/><N who="0" m="47691" /><D21/><U92/><E92/><V73/><F73/><W85/><G85/><T91/><D91/><N who="1" m="55391" /><E22/><V99/><F99/><W112/><G112/><T42/><D42/><U57/><E57/><N who="2" m="32975" /><F108/><W39/><G39/><T78/><D78/><U67/><E67/><V133/><F133/><W55/><G41/><T24/><D24/><AGARI ba="0,0" hai="17,19,20,23,24,27,48,55,59,79,83,84,97,98" machi="24" ten="30,3900,0" yaku="7,1,9,1,8,1" doraHai="111" who="3" fromWho="0" sc="230,-39,270,0,250,0,250,39" /><INIT seed="2,0,0,1,0,114" ten="191,270,250,289" oya="2" hai0="54,109,134,116,47,36,6,11,101,71,2,107,78" hai1="61,41,68,38,77,98,21,29,4,31,28,102,14" hai2="27,118,58,65,34,72,95,111,44,132,122,90,93" hai3="104,91,37,70,123,79,103,128,12,66,85,24,63"/><V1/><F122/><W57/><G79/><T112/><D54/><U46/><E77/><V120/><F120/><W81/><G123/><T87/><D87/><U18/><E4/><V130/><F1/><W83/><G37/><T89/><D89/><U129/><E129/><V19/><F72/><W23/><G128/><T106/><D112/><U84/><E84/><V8/><F130/><W22/><G81/><T76/><D76/><U97/><REACH who="1" step="1"/><E102/><REACH who="1" ten="191,260,250,289" step="2"/><V39/><F111/><W75/><G103/><T125/><D101/><U9/><E9/><V80/><F8/><W127/><G75/><T13/><D109/><U86/><E86/><V56/><F90/><W59/><G91/><T52/><D78/><U117/><E117/><V33/><F80/><W26/><G85/><T40/><D116/><U60/><E60/><V94/><F94/><W51/><G63/><T0/><D11/><U74/><E74/><V48/><F95/><W82/><G83/><T30/><D6/><U113/><E113/><V121/><F93/><W35/><G82/><T49/><D0/><U32/><E32/><V67/><F118/><W124/><G35/><T43/><D2/><U42/><E42/><V20/><F34/><W53/><G22/><T88/><D40/><U96/><E96/><V5/><F33/><W99/><G23/><T135/><D43/><U131/><E131/><V50/><F121/><W100/><G99/><T64/><D88/><U115/><E115/><V69/><F20/><W15/><G100/><T10/><D10/><U62/><E62/><V105/><F5/><W92/><G92/><RYUUKYOKU ba="0,1" sc="191,-10,260,30,250,-10,289,-10" hai1="14,18,21,28,29,31,38,41,46,61,68,97,98" /><INIT seed="3,1,1,0,4,85" ten="181,290,240,279" oya="3" hai0="37,76,119,86,36,67,122,42,6,132,135,8,51" hai1="72,64,47,116,74,10,61,32,54,18,23,93,58" hai2="34,113,108,95,134,89,125,118,14,105,39,11,40" hai3="66,52,27,7,62,104,35,126,30,33,15,110,129"/><W19/><G104/><T71/><D119/><U22/><E32/><V81/><F118/><W43/><G43/><T97/><D122/><U12/><E116/><V112/><F34/><W130/><G66/><T63/><D97/><U131/><E131/><N who="3" m="50186" /><G7/><T24/><D24/><U59/><E47/><V82/><F105/><W45/><G35/><T94/><D51/><U68/><E68/><V17/><F40/><W2/><G2/><T3/><D42/><U21/><REACH who="1" step="1"/><E93/><REACH who="1" ten="181,280,240,279" step="2"/><V44/><F95/><W25/><G45/><T80/><REACH who="0" step="1"/><D94/><REACH who="0" ten="171,280,240,279" step="2"/><U133/><E133/><AGARI ba="1,3" hai="3,6,8,36,37,63,67,71,76,80,86,132,133,135" machi="133" ten="40,5200,0" yaku="1,1,2,1,20,1,53,0" doraHai="85" doraHaiUra="38" who="0" fromWho="1" sc="171,85,280,-55,240,0,279,0" /><INIT seed="4,0,0,2,4,122" ten="256,225,240,279" oya="0" hai0="96,28,0,18,37,89,121,94,55,83,119,97,4" hai1="134,25,58,40,39,135,120,124,23,35,101,127,95" hai2="91,52,99,90,12,16,15,45,125,51,109,117,131" hai3="85,9,27,70,61,63,20,44,81,100,31,50,133"/><T110/><D119/><U68/><E68/><V78/><F117/><W19/><G70/><T69/><D121/><U59/><E35/><V73/><F125/><N who="1" m="48201" /><E120/><V22/><F131/><W86/><G100/><T29/><D69/><U72/><E72/><V103/><F109/><W132/><G86/><T104/><D83/><U87/><E40/><V71/><F71/><W17/><G132/><N who="1" m="50730" /><E39/><V107/><REACH who="2" step="1"/><F15/><REACH who="2" ten="256,225,230,279" step="2"/><W88/><G133/><T62/><D110/><U79/><E79/><V108/><F108/><W106/><G106/><T102/><D37/><U1/><E1/><V92/><F92/><W67/><G67/><T42/><D0/><U41/><E41/><V80/><AGARI ba="0,1" hai="12,16,22,45,51,52,73,78,80,90,91,99,103,107" machi="80" ten="30,7900,0" yaku="1,1,0,1,54,2,53,0" doraHai="122" doraHaiUra="126" who="2" fromWho="2" sc="256,-39,225,-20,230,89,279,-20" /><INIT seed="5,0,0,3,0,31" ten="217,205,319,259" oya="1" hai0="132,69,51,111,134,110,72,71,32,0,119,14,8" hai1="49,3,125,124,6,2,107,117,120,127,4,29,13" hai2="26,23,5,98,38,62,47,97,24,66,59,103,77" hai3="30,40,85,99,56,84,79,73,27,22,54,80,18"/><U45/><E107/><V82/><F5/><N who="1" m="2153" /><E120/><V108/><F108/><W123/><G123/><T25/><D72/><U128/><E117/><V129/><F129/><W113/><G40/><T133/><D119/><U50/><E128/><V96/><F103/><W43/><G43/><T10/><D51/><N who="1" m="19467" /><E45/><V102/><F102/><W48/><G113/><T21/><D71/><U95/><E13/><V121/><F121/><W130/><G130/><T16/><D69/><U101/><E29/><V100/><F100/><W65/><G65/><T135/><D135/><U28/><E28/><V112/><F112/><W131/><G131/><T75/><D75/><U91/><E101/><V55/><F66/><W39/><G39/><T41/><D41/><U52/><E52/><V37/><F47/><W61/><G48/><T90/><D90/><U86/><AGARI ba="0,0" hai="2,3,86,91,95,124,125,127" m="19467,2153" machi="86" ten="40,2100,0" yaku="18,1" doraHai="31" who="1" fromWho="1" sc="217,-7,205,21,319,-7,259,-7" /><INIT seed="5,1,0,1,4,27" ten="210,226,312,252" oya="1" hai0="89,96,123,83,51,88,120,116,95,21,23,61,86" hai1="12,81,128,92,78,26,75,37,77,97,130,36,84" hai2="126,69,100,104,43,53,82,13,38,129,8,15,112" hai3="119,65,60,55,39,94,25,87,79,5,10,111,103"/><U113/><E113/><V122/><F69/><W71/><G111/><T127/><D116/><U125/><E125/><V90/><F122/><W6/><G39/><T133/><D133/><U70/><E70/><V68/><F68/><W18/><G119/><T74/><D127/><U50/><E12/><V115/><F129/><N who="1" m="49769" /><E50/><V28/><F15/><W107/><G107/><T44/><D61/><U24/><E77/><V42/><F38/><N who="1" m="14953" /><E75/><V35/><F126/><W63/><G79/><T102/><D74/><U108/><E108/><V33/><F43/><W11/><G5/><T41/><D89/><AGARI ba="1,0" hai="24,26,78,81,84,89,92,97" m="14953,49769" machi="89" ten="30,1500,0" yaku="19,1" doraHai="27" who="1" fromWho="0" sc="210,-18,226,18,312,0,252,0" /><INIT seed="5,2,0,4,3,44" ten="192,244,312,252" oya="1" hai0="8,101,53,96,135,134,78,15,50,51,108,10,132" hai1="25,61,65,6,100,102,59,114,73,16,12,104,111" hai2="42,71,69,14,7,70,107,1,80,11,118,17,124" hai3="128,88,67,62,93,83,5,122,2,72,133,63,112"/><U48/><E73/><V34/><F118/><W46/><G122/><T117/><D108/><U126/><E104/><V21/><F124/><W74/><G112/><T55/><D117/><U40/><E126/><V35/><F107/><W41/><G133/><T131/><D131/><U31/><E114/><V3/><F3/><W28/><G28/><T130/><D130/><U30/><E111/><V113/><F113/><W121/><G121/><T95/><D78/><U89/><E6/><V84/><REACH who="2" step="1"/><F42/><REACH who="2" ten="192,244,302,252" step="2"/><W52/><G41/><T36/><D36/><U87/><E40/><V13/><F13/><W97/><G128/><T99/><D15/><U32/><E12/><V94/><F94/><W58/><G2/><T38/><D38/><U91/><E25/><V116/><F116/><W98/><G83/><T103/><D134/><U90/><E32/><V106/><F106/><W86/><G5/><T77/><D77/><AGARI ba="2,1" hai="1,7,11,14,17,21,34,35,69,70,71,77,80,84" machi="77" ten="40,2600,0" yaku="1,1,53,1" doraHai="44" doraHaiUra="9" who="2" fromWho="0" sc="192,-32,244,0,302,42,252,0" /><INIT seed="6,0,0,4,1,42" ten="160,244,344,252" oya="2" hai0="102,24,108,95,18,58,19,91,2,38,8,130,89" hai1="97,124,100,30,65,41,11,36,50,131,44,120,10" hai2="116,52,80,113,126,76,61,33,7,74,72,114,28" hai3="26,121,101,115,77,37,4,107,15,81,46,71,68"/><V49/><F116/><W66/><G121/><T79/><D108/><U83/><E120/><V40/><F7/><W17/><G26/><T135/><D79/><U59/><E124/><V12/><F126/><W47/><G37/><T133/><D102/><U84/><E131/><V31/><F72/><W55/><G4/><T98/><D130/><U128/><E128/><V27/><F31/><W123/><G123/><T51/><D38/><U134/><E30/><V25/><F25/><W3/><G3/><T21/><D89/><U14/><E134/><V90/><F12/><W78/><G55/><T110/><D110/><U1/><E1/><V35/><F90/><W57/><G115/><N who="2" m="44041" /><F61/><W34/><G34/><T87/><D87/><U43/><E14/><V62/><F62/><W64/><G101/><T111/><D111/><U20/><E20/><N who="2" m="15463" /><F40/><W104/><G17/><T109/><D109/><U132/><E41/><V70/><F70/><W23/><G15/><T75/><D75/><U22/><E43/><V5/><F5/><W127/><G127/><T85/><D2/><U67/><E100/><V13/><F13/><W16/><G16/><T69/><D69/><U125/><E132/><N who="0" m="50761" /><D18/><U129/><E125/><V94/><F94/><W48/><G23/><T119/><D119/><U9/><E22/><V56/><AGARI ba="0,0" hai="33,35,49,52,56,74,76,80" m="15463,44041" machi="56" ten="30,3000,0" yaku="15,1,54,1" doraHai="42" who="2" fromWho="2" sc="160,-10,244,-10,344,30,252,-10" /><INIT seed="6,1,0,3,1,70" ten="150,234,374,242" oya="2" hai0="80,119,73,28,41,86,72,81,59,38,95,9,116" hai1="48,20,71,19,36,63,56,124,39,100,2,32,99" hai2="45,84,87,118,11,91,26,131,60,22,67,13,107" hai3="134,58,93,69,88,111,127,120,74,1,57,128,47"/><V89/><F107/><W42/><G74/><T103/><D28/><U55/><E2/><V85/><F118/><N who="0" m="45098" /><D59/><U6/><E6/><V7/><F45/><W122/><G1/><T133/><D9/><U18/><E124/><V79/><F79/><W54/><G127/><T24/><D24/><U90/><E90/><V34/><F34/><W96/><G69/><T78/><D41/><U53/><E32/><V5/><F5/><W27/><G111/><T51/><D51/><U44/><E71/><V83/><F91/><W0/><G0/><T113/><D113/><U31/><E31/><N who="2" m="17879" /><F131/><W104/><G128/><T101/><D133/><U64/><E64/><V97/><F97/><W49/><G134/><T62/><D62/><U123/><E123/><V135/><F135/><W29/><G58/><AGARI ba="1,0" hai="7,11,13,58,60,67,83,84,85,87,89" m="17879" machi="58" ten="30,1500,0" yaku="8,1" doraHai="70" who="2" fromWho="3" sc="150,0,234,0,374,18,242,-18" /><INIT seed="6,2,0,5,3,114" ten="150,234,392,224" oya="2" hai0="106,116,64,4,18,98,92,68,29,124,73,61,80" hai1="42,14,95,57,47,54,96,32,50,17,128,94,99" hai2="7,43,90,127,88,103,55,8,28,62,53,118,59" hai3="35,51,108,121,13,6,135,52,2,16,125,31,115"/><V67/><F127/><W24/><G121/><T131/><D124/><U72/><E72/><V126/><F126/><W23/><G125/><T82/><D131/><U110/><E32/><V48/><F118/><W30/><G108/><T41/><D106/><U15/><E128/><V49/><F103/><W84/><G115/><T10/><D29/><U89/><E110/><V91/><F28/><W78/><G31/><T93/><D41/><U65/><E65/><V39/><F39/><W83/><G135/><T33/><D33/><U86/><E17/><V133/><F133/><W81/><G81/><T3/><D116/><U38/><REACH who="1" step="1"/><E86/><REACH who="1" ten="150,224,392,224" step="2"/><V132/><F132/><W26/><G26/><T112/><D112/><U123/><E123/><V58/><F67/><W69/><G69/><T5/><D5/><U79/><E79/><V74/><F74/><W9/><G84/><T36/><D36/><U63/><E63/><V60/><F43/><W76/><G83/><T1/><D1/><AGARI ba="2,1" hai="1,7,8,48,49,53,55,58,59,60,62,88,90,91" machi="1" ten="40,3900,0" yaku="9,1,54,1" doraHai="114" who="2" fromWho="0" sc="150,-45,224,0,392,55,224,0" /><INIT seed="6,3,0,5,1,79" ten="105,224,447,224" oya="2" hai0="46,28,117,4,132,3,118,133,21,121,91,60,98" hai1="56,87,125,5,32,19,96,103,78,22,54,80,40" hai2="49,59,108,8,86,50,134,73,76,70,13,122,41" hai3="128,101,17,7,113,107,112,31,104,71,64,100,25"/><V14/><F70/><W83/><G17/><T74/><D74/><U106/><E125/><V12/><F73/><W62/><G128/><T135/><D60/><U66/><E32/><V2/><F2/><W47/><G47/><T15/><D46/><U34/><E34/><V24/><F122/><W53/><G7/><T43/><D43/><U37/><E5/><V81/><F108/><W129/><G53/><T6/><D91/><U82/><E66/><V58/><F24/><W92/><G129/><T123/><D98/><U89/><E40/><V30/><F30/><W131/><G131/><T69/><D69/><U111/><E111/><V99/><F99/><W18/><G18/><N who="0" m="10463" /><D28/><U63/><E37/><V35/><F41/><W27/><G92/><T0/><D6/><U26/><E78/><V48/><F35/><W90/><G31/><T126/><D126/><U116/><E116/><N who="0" m="44649" /><D4/><U75/><E75/><V57/><F8/><W102/><G104/><T39/><D39/><U77/><E77/><V10/><F10/><W45/><G45/><T36/><D36/><U55/><E55/><V29/><F29/><W94/><G94/><AGARI ba="3,0" hai="19,22,26,54,56,63,80,82,87,89,94,96,103,106" machi="94" ten="30,3900,0" yaku="7,1,52,2" doraHai="79" who="1" fromWho="3" sc="105,0,224,48,447,0,224,-48" /><INIT seed="7,0,0,3,1,18" ten="105,272,447,176" oya="3" hai0="78,122,132,102,70,37,125,56,17,131,82,124,33" hai1="75,118,116,134,103,106,92,20,113,29,13,86,84" hai2="19,94,25,3,1,42,5,27,63,30,41,71,69" hai3="119,15,128,62,53,46,96,77,32,40,83,123,90"/><W39/><G119/><N who="1" m="45610" /><E75/><V51/><F94/><W38/><G32/><T126/><D70/><U60/><E106/><V79/><F79/><W97/><G123/><T109/><D37/><U35/><E35/><V58/><F69/><W110/><G38/><T87/><D33/><U104/><E104/><V23/><F71/><W21/><G110/><T81/><D56/><U130/><E113/><V11/><F3/><W101/><G90/><T72/><D17/><N who="1" m="10287" /><E29/><V7/><F51/><W135/><G135/><T16/><D16/><U107/><E107/><V34/><F7/><W76/><G128/><T31/><D31/><U6/><E6/><V44/><F44/><W47/><G76/><N who="0" m="46503" /><D109/><U98/><E134/><V48/><F48/><W28/><G28/><T73/><D122/><U99/><E130/><V22/><F34/><W88/><G40/><T12/><D12/><U10/><E10/><V133/><F133/><W45/><G39/><T52/><D52/><AGARI ba="0,0" hai="1,5,11,19,22,23,25,27,30,41,42,52,58,63" machi="52" ten="30,7700,0" yaku="7,1,52,2,54,1" doraHai="18" who="2" fromWho="0" sc="105,-77,272,0,447,77,176,0" owari="28,-47.0,272,7.0,524,62.0,176,-22.0" /></mjloggm>