<mjloggm ver="2.3"><GO type="169" lobby="0"/><UN n0="%E3%81%B4%E3%81%88%E3%81%AB%E3%82%93" n1="%6D%69%6C%6C%72%65%65%66" n2="%E5%9F%BA%E7%A4%8E%E8%AB%96" n3="%73%68%6F%6F%74%33%39" dan="16,17,18,16" rate="2089.29,2166.97,2131.20,2150.03" sx="M,M,M,M"/><TAIKYOKU oya="0"/><INIT seed="0,0,0,5,4,62" ten="250,250,250,250" oya="0" hai0="93,15,27,126,46,104,73,56,49,43,86,24,35" hai1="107,37,131,1,8,99,133,3,64,77,31,84,28" hai2="123,108,68,42,21,80,50,91,106,16,103,81,14" hai3="127,45,74,129,55,34,132,58,82,98,122,96,67"/><T25/><D104/><U63/><E37/><V100/><F123/><W33/><G122/><T79/><D73/><U85/><E3/><V48/><F108/><W26/><G127/><T125/><D56/><U95/><E107/><V52/><F68/><W101/><G98/><T29/><D15/><U38/><E38/><V111/><F111/><W2/><G2/><T53/><D53/><U9/><E133/><V51/><F106/><W110/><G132/><T87/><D87/><N who="1" m="33355" /><E131/><V61/><F42/><W17/><G45/><T72/><D72/><U60/><E77/><V13/><F13/><W76/><G129/><T6/><D6/><U65/><E1/><V119/><F91/><W11/><G110/><T40/><D40/><U5/><E5/><V94/><F119/><W47/><G47/><T66/><D66/><N who="1" m="25707" /><E63/><V54/><F61/><W105/><G67/><T128/><D128/><U89/><E60/><V36/><F36/><W57/><G34/><T112/><D112/><U44/><E44/><V120/><F120/><W90/><G33/><T41/><D41/><U78/><E78/><V118/><F118/><W75/><G75/><T83/><REACH who="0" step="1"/><D93/><REACH who="0" ten="240,250,250,250" step="2"/><U7/><E7/><V30/><F94/><W97/><G105/><T18/><D18/><U70/><E70/><V71/><F71/><W12/><G17/><T114/><D114/><U32/><E32/><V121/><F121/><W0/><G74/><T92/><D92/><U20/><E20/><N who="2" m="11287" /><F54/><W39/><G55/><T69/><D69/><U113/><E113/><V88/><F52/><W116/><G116/><T22/><D22/><RYUUKYOKU ba="0,1" sc="240,15,250,15,250,-15,250,-15" hai0="24,25,27,29,35,43,46,49,79,83,86,125,126" hai1="8,9,28,31,89,95,99" /><INIT seed="0,1,1,4,5,82" ten="255,265,235,235" oya="0" hai0="118,107,123,73,121,132,109,103,36,10,115,99,26" hai1="92,66,96,48,111,63,62,71,58,60,4,29,42" hai2="88,59,50,135,85,131,11,119,133,81,91,74,89" hai3="20,70,110,53,44,3,129,16,79,57,22,77,55"/><T68/><RYUUKYOKU type="yao9" ba="1,1" sc="255,0,265,0,235,0,235,0" hai0="10,26,36,68,73,99,103,107,109,115,118,121,123,132" /><INIT seed="0,2,1,5,2,132" ten="255,265,235,235" oya="0" hai0="8,87,46,61,133,53,82,26,134,98,0,63,83" hai1="54,71,94,52,69,29,18,17,58,62,84,64,122" hai2="7,108,117,30,39,120,86,80,97,89,121,56,36" hai3="85,91,72,113,103,130,68,9,67,110,112,104,124"/><T96/><D26/><U126/><E122/><V2/><F30/><W25/><G9/><T111/><D111/><U79/><E71/><V74/><F56/><W99/><G72/><T127/><D46/><U37/><E29/><V10/><F108/><W5/><G5/><N who="0" m="1063" /><D53/><N who="1" m="20587" /><E69/><V38/><F117/><W14/><G110/><T100/><D83/><N who="1" m="47231" /><E37/><V118/><F118/><W73/><G73/><T57/><D100/><U109/><E109/><V128/><F128/><W95/><G68/><T27/><D27/><U3/><E3/><V55/><F74/><W1/><G1/><T28/><D28/><U50/><E50/><V123/><F55/><W43/><G130/><T131/><D131/><U24/><E24/><V101/><REACH who="2" step="1"/><F123/><REACH who="2" ten="255,265,225,235" step="2"/><W92/><G67/><T129/><D129/><U93/><E126/><V119/><F119/><W4/><G124/><T115/><D127/><U48/><E48/><V125/><F125/><W44/><G113/><T33/><D33/><U105/><E105/><AGARI ba="2,2" hai="2,7,10,36,38,39,80,86,89,97,101,105,120,121" machi="105" ten="40,8000,1" yaku="1,1,53,3" doraHai="132" doraHaiUra="70" who="2" fromWho="1" sc="255,0,265,-86,225,106,235,0" /><INIT seed="1,0,0,3,5,98" ten="255,179,331,235" oya="1" hai0="62,23,9,70,125,92,28,29,12,89,85,75,121" hai1="117,16,90,10,24,50,123,115,88,127,32,93,55" hai2="122,64,14,86,3,74,15,131,133,52,91,80,43" hai3="105,53,42,58,109,4,36,57,8,102,27,96,20"/><U30/><E123/><V112/><F122/><W111/><G42/><T47/><D121/><U25/><E117/><V19/><F3/><W46/><G46/><T81/><D125/><U119/><E127/><V66/><F131/><W49/><G36/><T2/><D2/><U106/><E106/><V40/><F133/><W60/><G8/><T100/><D47/><U51/><E119/><V95/><F74/><W21/><G4/><T7/><D23/><U13/><E115/><V0/><F0/><W79/><G79/><T6/><D6/><U26/><E90/><V128/><F128/><W34/><G34/><T63/><D75/><U130/><E130/><V1/><F1/><W132/><G132/><T107/><D107/><U87/><REACH who="1" step="1"/><E51/><REACH who="1" ten="255,169,331,235" step="2"/><V37/><F37/><W129/><G129/><T116/><D116/><U56/><AGARI ba="0,1" hai="10,13,16,24,25,26,30,32,50,55,56,87,88,93" machi="56" ten="20,18000,2" yaku="1,1,2,1,0,1,7,1,54,2,53,0" doraHai="98" doraHaiUra="135" who="1" fromWho="1" sc="255,-60,169,190,331,-60,235,-60" /><INIT seed="1,1,0,3,3,123" ten="195,359,271,175" oya="1" hai0="45,112,64,103,77,65,116,69,90,8,89,109,88" hai1="48,29,33,105,43,13,75,98,46,108,135,17,78" hai2="86,83,68,91,111,30,96,0,131,58,55,5,115" hai3="113,84,37,114,2,56,59,133,134,106,128,54,25"/><U127/><E75/><V28/><F68/><W122/><G2/><T63/><D116/><U95/><E105/><V119/><F119/><W16/><G106/><T39/><D112/><U110/><E135/><N who="3" m="51722" /><G37/><T94/><D64/><U9/><E78/><V15/><F0/><W125/><G122/><T80/><D109/><N who="1" m="42091" /><E127/><V67/><F67/><W18/><G125/><T27/><D27/><N who="1" m="18623" /><E95/><N who="2" m="56447" /><F131/><W19/><G128/><T14/><D103/><U3/><E3/><V132/><F132/><W124/><G124/><T126/><D126/><U71/><E98/><V20/><F115/><W44/><G114/><T70/><D70/><AGARI ba="1,0" hai="9,13,17,43,46,48,70,71" m="18623,42091" machi="70" ten="30,12000,1" yaku="14,1,10,1,52,3" doraHai="123" who="1" fromWho="0" sc="195,-123,359,123,271,0,175,0" /><INIT seed="1,2,0,2,0,39" ten="72,482,271,175" oya="1" hai0="85,67,113,3,31,64,120,134,107,81,41,34,49" hai1="87,53,61,132,94,82,97,19,54,72,114,60,77" hai2="108,98,131,20,123,26,73,46,135,56,128,100,59" hai3="66,69,104,133,74,79,127,48,76,29,21,89,83"/><U84/><E114/><V2/><F123/><W30/><G104/><T27/><D113/><U23/><E132/><V92/><F2/><W65/><G133/><T125/><D134/><U8/><E8/><V130/><F135/><W116/><G79/><T106/><D125/><U44/><E72/><V80/><F108/><W0/><G0/><T129/><D120/><U28/><E28/><N who="2" m="17479" /><F46/><W7/><G7/><T32/><D129/><U25/><E84/><V99/><F99/><W5/><G5/><T90/><D3/><U58/><E44/><V121/><F121/><W15/><G69/><T14/><D34/><U16/><E19/><V9/><F9/><W115/><G74/><T95/><D106/><U24/><E24/><V122/><F122/><W38/><G30/><T12/><D107/><U110/><E110/><V124/><F124/><W10/><G29/><T43/><D49/><U11/><E11/><V55/><F55/><N who="1" m="21001" /><E58/><V17/><F17/><W1/><G1/><T88/><D14/><U62/><E62/><V70/><F70/><W35/><G15/><T111/><D12/><U78/><E78/><AGARI ba="2,0" hai="56,59,73,78,80,92,98,100,128,130,131" m="17479" machi="78" ten="30,1000,0" yaku="19,1" doraHai="39" who="2" fromWho="1" sc="72,0,482,-16,271,16,175,0" /><INIT seed="2,0,0,2,3,17" ten="72,466,287,175" oya="2" hai0="94,56,66,58,85,114,55,13,32,39,47,133,61" hai1="3,29,34,129,84,12,36,79,121,76,11,38,120" hai2="19,51,105,9,27,115,59,52,97,75,40,104,7" hai3="103,65,101,21,53,18,46,123,124,134,102,16,24"/><V60/><F115/><W54/><G123/><N who="1" m="47178" /><E3/><V22/><F75/><W14/><G134/><T49/><D114/><U74/><E74/><V77/><F77/><N who="1" m="29769" /><E84/><V0/><REACH who="2" step="1"/><F97/><REACH who="2" ten="72,466,277,175" step="2"/><W35/><G124/><T99/><D133/><U86/><E86/><V33/><F33/><W8/><G35/><T67/><D85/><U64/><E34/><V83/><F83/><W111/><G111/><T48/><D32/><U5/><E38/><V44/><AGARI ba="0,1" hai="0,7,9,19,22,27,40,44,51,52,59,60,104,105" machi="44" ten="30,12000,1" yaku="1,1,0,1,52,1,54,1,53,1" doraHai="17" doraHaiUra="15" who="2" fromWho="2" sc="72,-40,466,-40,277,130,175,-40" /><INIT seed="2,1,0,2,5,29" ten="32,426,407,135" oya="2" hai0="120,110,47,86,95,81,107,55,114,3,116,128,75" hai1="68,53,15,134,97,62,103,43,7,27,46,88,125" hai2="109,104,119,19,84,105,41,59,92,112,122,69,40" hai3="25,98,1,67,18,82,5,87,61,10,124,11,101"/><V64/><F112/><W126/><G11/><T115/><D3/><U77/><E77/><V58/><F119/><W42/><G42/><T54/><D116/><U50/><E134/><V0/><F122/><W100/><G18/><T85/><D120/><U49/><E125/><V80/><F0/><W79/><G25/><T4/><D4/><U37/><E27/><V131/><F69/><W31/><G31/><T30/><D30/><U17/><E7/><V135/><F104/><W133/><G133/><T65/><D65/><U66/><E88/><V72/><F105/><W22/><G22/><T6/><D6/><U90/><E90/><V129/><F72/><W16/><G16/><T51/><D107/><U32/><E32/><V96/><F135/><W56/><REACH who="3" step="1"/><G98/><REACH who="3" ten="32,426,407,125" step="2"/><T99/><D99/><U123/><E97/><V2/><F19/><W121/><G121/><T8/><D8/><U38/><E43/><V13/><F13/><W21/><G21/><T102/><D114/><U45/><E15/><V12/><F12/><W111/><G111/><T26/><D110/><U24/><E17/><V63/><F2/><W113/><G113/><T52/><D26/><U23/><E24/><V89/><F109/><W106/><G106/><T73/><D115/><U34/><E123/><V33/><F33/><W91/><G91/><N who="0" m="51631" /><D128/><N who="2" m="49226" /><F41/><W60/><G60/><T44/><D51/><U127/><E34/><V76/><F40/><W39/><G39/><T57/><D86/><U74/><E38/><V71/><AGARI ba="1,1" hai="58,59,63,64,71,76,80,84,89,92,96" m="49226" machi="71" ten="30,1500,0" yaku="19,1" doraHai="29" who="2" fromWho="2" sc="32,-6,426,-6,407,28,125,-6" /><INIT seed="2,2,0,3,4,42" ten="26,420,435,119" oya="2" hai0="12,69,95,80,39,55,103,6,45,131,118,84,18" hai1="117,111,16,19,89,41,102,50,56,11,13,134,114" hai2="71,59,91,133,8,23,36,53,49,123,17,51,112" hai3="115,21,127,43,99,66,65,57,120,119,130,28,85"/><V106/><F123/><W124/><G120/><T77/><D69/><U72/><E114/><V76/><F112/><W44/><G115/><T104/><D131/><U9/><E117/><V58/><F71/><W121/><G121/><T25/><D118/><U3/><E72/><V97/><F36/><W62/><G119/><T15/><D104/><U82/><E134/><V67/><F133/><W73/><G73/><T38/><D25/><U64/><E111/><V52/><F76/><W29/><G130/><T107/><D107/><U110/><E110/><V48/><F67/><W61/><G99/><T87/><D6/><U98/><E64/><V109/><F8/><W75/><G75/><T68/><D68/><U33/><E33/><V135/><F135/><W1/><G1/><T125/><D125/><N who="3" m="48201" /><G85/><T7/><D7/><U32/><E32/><V5/><F5/><W129/><G21/><T20/><D15/><N who="1" m="7279" /><E3/><V26/><F109/><W122/><G122/><T101/><D39/><U70/><E70/><V46/><F106/><W79/><G129/><T116/><D116/><U94/><E102/><V22/><F22/><W34/><G34/><T108/><D108/><U83/><E56/><N who="2" m="21547" /><F46/><AGARI ba="2,0" hai="11,13,19,41,46,50,82,83,89,94,98" m="7279" machi="46" ten="30,3900,0" yaku="8,1,52,1,54,1" doraHai="42" who="1" fromWho="2" sc="26,0,420,45,435,-45,119,0" /><INIT seed="3,0,0,3,5,64" ten="26,465,390,119" oya="3" hai0="89,101,54,97,103,47,28,79,114,11,56,66,60" hai1="106,34,116,17,94,110,117,5,90,129,91,78,29" hai2="127,45,59,108,35,84,123,95,25,37,53,43,67" hai3="9,51,36,48,132,72,109,92,61,120,68,87,75"/><W119/><G36/><T93/><D114/><U121/><E106/><V1/><F108/><W49/><G119/><N who="1" m="45642" /><E110/><V52/><F1/><W107/><G107/><T112/><D112/><U7/><E121/><V70/><F127/><W86/><G109/><T0/><D79/><U130/><E78/><V19/><F123/><W96/><G120/><T12/><D28/><U46/><E17/><V122/><F122/><W23/><G132/><T13/><D0/><U26/><E46/><V32/><F53/><W135/><G135/><T105/><D105/><U3/><E3/><V81/><F95/><W21/><G9/><T6/><D13/><U38/><E38/><V73/><F73/><W82/><G75/><T18/><D6/><N who="1" m="2059" /><E94/><V98/><F98/><W55/><G72/><T2/><D2/><U102/><E102/><V133/><F133/><W10/><G96/><T113/><D113/><U20/><E34/><V134/><F134/><W99/><G92/><T4/><D4/><U80/><E80/><V42/><F42/><W22/><G82/><T111/><D111/><U44/><E44/><V131/><F131/><AGARI ba="0,0" hai="20,26,29,90,91,129,130,131" m="2059,45642" machi="131" ten="30,2000,0" yaku="19,1,12,1" doraHai="64" who="1" fromWho="2" sc="26,0,465,20,390,-20,119,0" /><INIT seed="4,0,0,0,1,49" ten="26,485,370,119" oya="0" hai0="131,106,98,26,97,110,93,19,127,133,9,16,111" hai1="10,76,73,44,13,35,20,68,104,70,86,96,75" hai2="95,69,42,60,129,45,28,125,41,103,39,17,100" hai3="85,119,78,107,82,134,40,31,7,83,112,79,99"/><T132/><D127/><U32/><E86/><V58/><F125/><W1/><G119/><T67/><D131/><U87/><E87/><V101/><F129/><W65/><G65/><T23/><D67/><U116/><E20/><V109/><F69/><W91/><G31/><T72/><D72/><U14/><E44/><V122/><F122/><W128/><G128/><T90/><D9/><U0/><E10/><V117/><F117/><W3/><G134/><N who="0" m="51819" /><D19/><U114/><E116/><V66/><F109/><N who="0" m="41482" /><D106/><U51/><E104/><V135/><F135/><W120/><G107/><T55/><D55/><U108/><E108/><V47/><F28/><W121/><G121/><T62/><D62/><U38/><E75/><V25/><F17/><W102/><G7/><T52/><D52/><U92/><E73/><V8/><F8/><W126/><G126/><T21/><D21/><U54/><E54/><V71/><F71/><W105/><G105/><T34/><D98/><U22/><E96/><V18/><F18/><W63/><G99/><T124/><D124/><U57/><E22/><V11/><F11/><W29/><G63/><T5/><D5/><U64/><E70/><V89/><F25/><W2/><G120/><T15/><D15/><U113/><E14/><V77/><F45/><W12/><G12/><T6/><D6/><U43/><E13/><V30/><F30/><W36/><G1/><T27/><D27/><U61/><E68/><V123/><F123/><W59/><G2/><T74/><D74/><U46/><E46/><V84/><F42/><W118/><G3/><T115/><D115/><RYUUKYOKU ba="0,0" sc="26,15,485,-15,370,15,119,-15" hai0="16,23,26,34,90,93,97" hai2="39,41,47,58,60,66,77,84,89,95,100,101,103" /><INIT seed="4,1,0,1,1,96" ten="41,470,385,104" oya="0" hai0="101,111,85,55,80,92,18,52,36,78,126,97,75" hai1="129,50,94,32,11,112,116,74,51,26,47,76,7" hai2="6,83,59,30,66,103,27,64,100,38,31,39,56" hai3="119,99,49,81,41,33,19,12,22,70,3,57,86"/><T114/><D36/><U35/><E116/><V8/><F8/><W79/><G70/><T48/><D114/><U20/><E112/><V128/><F83/><W25/><G3/><T60/><D126/><U84/><E74/><V87/><F87/><W14/><G119/><T135/><D111/><U71/><E71/><V133/><F27/><W9/><G33/><T127/><D127/><U73/><E73/><V43/><F43/><W67/><G14/><T134/><D18/><U93/><E129/><V118/><F118/><W40/><G99/><T113/><D113/><U82/><E51/><V132/><F6/><W88/><G79/><T37/><D37/><U104/><E104/><V130/><AGARI ba="1,0" hai="30,31,38,39,56,59,64,66,100,103,128,130,132,133" machi="130" ten="25,8000,1" yaku="0,1,22,2,52,2" doraHai="96" who="2" fromWho="2" sc="41,-41,470,-21,385,83,104,-21" /><INIT seed="5,0,0,3,3,97" ten="0,449,468,83" oya="1" hai0="83,129,108,23,78,59,90,114,38,87,94,17,130" hai1="46,32,133,51,58,57,10,66,99,76,61,47,77" hai2="30,92,98,44,39,125,132,118,52,80,4,63,9" hai3="88,120,85,45,122,42,50,26,100,35,134,106,86"/><U20/><E32/><V12/><F118/><W41/><G134/><T65/><D38/><U19/><E133/><V40/><F132/><W31/><G86/><T71/><D71/><U131/><E131/><N who="0" m="50185" /><D108/><U101/><E10/><V128/><F128/><W119/><G119/><T18/><D114/><U53/><E76/><V91/><F125/><W116/><G116/><T93/><D23/><U29/><E77/><V3/><F30/><W95/><G42/><T121/><D121/><U24/><REACH who="1" step="1"/><E19/><REACH who="1" ten="0,439,468,83" step="2"/><N who="0" m="7177" /><D78/><U96/><E96/><V124/><F124/><W67/><G35/><T104/><D104/><AGARI ba="0,1" hai="20,24,29,46,47,51,53,57,58,61,66,99,101,104" machi="104" ten="30,5800,0" yaku="1,1,7,1,52,1,53,0" doraHai="97" doraHaiUra="64" who="1" fromWho="0" sc="0,-58,439,68,468,0,83,0" owari="-58,-56.0,507,61.0,468,27.0,83,-32.0" /></mjloggm>