<mjloggm ver="2.3"><GO type="169" lobby="0"/><UN n0="%E3%81%82%E3%81%84%E3%81%82%E3%81%8A%E3%81%84" n1="%E3%83%8F%E3%83%96%E3%82%B1%E3%82%A4%E3%82%B9%E3%82%B1" n2="%E3%80%90%E7%BD%AA%E6%AD%8C%E3%80%91" n3="%E3%81%8A%E3%83%BC%E3%81%8F%E3%82%8A%E3%83%BC%E2%99%AA" dan="19,17,17,16" rate="2249.50,2178.90,2233.95,2027.58" sx="M,M,F,M"/><TAIKYOKU oya="0"/><INIT seed="0,0,0,1,4,15" ten="250,250,250,250" oya="0" hai0="105,66,13,12,54,109,16,90,14,111,81,50,84" hai1="36,131,91,134,43,104,31,23,57,8,48,37,3" hai2="124,65,121,64,0,77,108,116,78,95,42,33,21" hai3="74,67,73,34,135,79,56,32,60,103,47,100,7"/><T97/><D66/><U18/><E104/><V61/><F33/><W45/><G7/><T27/><D105/><U6/><E131/><V55/><F0/><W71/><G135/><T130/><D97/><U106/><E106/><V112/><F112/><W62/><G32/><T1/><D1/><U118/><E118/><V46/><F121/><W69/><G34/><T40/><D40/><U59/><E31/><V44/><F124/><W98/><G100/><T11/><D27/><U53/><E43/><V88/><F108/><N who="0" m="41546" /><D130/><U17/><E23/><V41/><F116/><W82/><G73/><T39/><D39/><U29/><E29/><V35/><F35/><W68/><REACH who="3" step="1"/><G62/><REACH who="3" ten="250,250,250,240" step="2"/><T125/><D125/><U22/><E134/><V63/><F63/><W4/><G4/><T110/><D110/><U114/><E6/><V19/><F61/><W115/><G115/><T30/><D30/><U20/><E114/><V10/><F64/><W117/><G117/><T28/><D28/><U113/><E113/><V2/><F65/><W107/><AGARI ba="0,1" hai="45,47,56,60,67,68,69,71,74,79,82,98,103,107" machi="107" ten="30,2000,0" yaku="1,1,0,1,53,0" doraHai="15" doraHaiUra="26" who="3" fromWho="3" sc="250,-10,250,-5,250,-5,240,30" /><INIT seed="1,0,0,5,4,125" ten="240,245,245,270" oya="1" hai0="36,30,78,104,40,14,70,109,66,42,1,16,60" hai1="41,47,49,119,10,123,12,75,28,8,103,61,46" hai2="17,31,37,99,11,19,114,43,96,58,21,67,86" hai3="129,108,56,93,34,132,76,87,68,53,126,92,4"/><U52/><E75/><V20/><F114/><W98/><G68/><T127/><D104/><U133/><E123/><V90/><F31/><W116/><G126/><T57/><D127/><U131/><E119/><V24/><F11/><W122/><G116/><T65/><D1/><U124/><E103/><V29/><F43/><W54/><G122/><T50/><D30/><U130/><E124/><V101/><F37/><W94/><G34/><T97/><D97/><U81/><E81/><V102/><F29/><W32/><G32/><T120/><D120/><U80/><E28/><V69/><F69/><W35/><G35/><T9/><D109/><U6/><E80/><V15/><F101/><W26/><G108/><T27/><D27/><U5/><E133/><V115/><F102/><W62/><G132/><T135/><D135/><U106/><E106/><V33/><F33/><W121/><G121/><T13/><D78/><U44/><E61/><N who="2" m="38327" /><F115/><W82/><G26/><T22/><D36/><U112/><E112/><V79/><F79/><W100/><G4/><T89/><D89/><U3/><REACH who="1" step="1"/><E41/><REACH who="1" ten="240,235,245,270" step="2"/><V48/><F48/><W2/><G100/><T128/><D42/><U85/><E85/><V105/><F105/><W45/><G98/><T39/><D40/><U71/><E71/><V118/><F118/><W110/><G110/><T95/><D39/><U77/><E77/><V134/><F134/><W25/><G76/><T64/><D70/><U72/><E72/><V55/><F55/><W18/><G54/><T84/><D60/><U23/><E23/><V83/><AGARI ba="0,1" hai="15,17,19,20,21,24,83,86,90,96,99" m="38327" machi="83" ten="30,1100,0" yaku="8,1" doraHai="125" who="2" fromWho="2" sc="240,-3,235,-5,245,21,270,-3" /><INIT seed="2,0,0,5,2,67" ten="237,230,266,267" oya="2" hai0="80,0,34,66,122,129,102,49,31,81,8,107,124" hai1="40,72,36,96,99,91,130,46,83,11,125,64,21" hai2="89,65,9,24,56,48,119,116,73,62,82,28,17" hai3="134,41,4,2,114,92,75,68,1,20,32,84,131"/><V110/><F110/><W108/><G32/><T126/><D122/><U29/><E130/><V127/><F127/><N who="0" m="48682" /><D66/><U7/><E64/><V87/><F73/><W135/><G108/><T60/><D60/><U128/><E128/><V42/><F42/><W58/><G131/><T104/><D129/><U23/><E125/><V27/><F27/><W25/><G68/><T35/><D49/><U123/><E123/><V13/><REACH who="2" step="1"/><F48/><REACH who="2" ten="237,230,256,267" step="2"/><W45/><G75/><T50/><D50/><U90/><E72/><V132/><F132/><W88/><G134/><T6/><D35/><AGARI ba="0,1" hai="9,13,17,24,28,35,56,62,65,82,87,89,116,119" machi="35" ten="30,2900,0" yaku="1,1,7,1,53,0" doraHai="67" doraHaiUra="38" who="2" fromWho="0" sc="237,-29,230,0,256,39,267,0" /><INIT seed="2,1,0,5,2,132" ten="208,230,295,267" oya="2" hai0="72,55,11,60,108,15,53,128,104,41,46,114,121" hai1="86,101,119,130,89,113,123,116,2,10,26,7,90" hai2="18,93,24,105,22,40,56,84,107,28,118,106,85" hai3="12,62,20,1,131,115,45,30,109,102,32,13,17"/><V103/><F118/><W36/><G102/><T98/><D72/><U94/><E113/><V64/><F40/><W126/><G115/><T54/><D114/><U48/><E130/><V73/><F73/><W19/><G131/><T83/><D128/><U91/><E123/><V97/><REACH who="2" step="1"/><F18/><REACH who="2" ten="208,230,285,267" step="2"/><W25/><G109/><T69/><D41/><U82/><E119/><V35/><F35/><W81/><G36/><T21/><D108/><U44/><E116/><V88/><F88/><W34/><G32/><T78/><D121/><U4/><E101/><V49/><F49/><W120/><G17/><T129/><D129/><U67/><E90/><V37/><F37/><W77/><G19/><T112/><D112/><U3/><E91/><V31/><F31/><W23/><G30/><T99/><D78/><U8/><E82/><V50/><F50/><W58/><G81/><T71/><D83/><U75/><E75/><V29/><F29/><W95/><G77/><T80/><D80/><U14/><E86/><V33/><F33/><W79/><G79/><T0/><D98/><U38/><E89/><V9/><F9/><W59/><G120/><T65/><D11/><U66/><E38/><V43/><F43/><W39/><G34/><T47/><D99/><U70/><E10/><V74/><F74/><W125/><G39/><T134/><D134/><U100/><E8/><V42/><F42/><W6/><G20/><T5/><D21/><U110/><E100/><V57/><F57/><W111/><G58/><T16/><D16/><U68/><E110/><V52/><F52/><W87/><G23/><RYUUKYOKU ba="1,1" sc="208,-10,230,-10,285,30,267,-10" hai2="22,24,28,56,64,84,85,93,97,103,105,106,107" /><INIT seed="2,2,1,0,2,81" ten="198,220,315,257" oya="2" hai0="118,69,130,84,75,56,27,74,42,116,18,113,17" hai1="102,90,92,134,97,1,117,121,93,70,45,36,16" hai2="13,22,64,41,63,108,73,12,9,25,52,24,122" hai3="71,30,114,128,86,51,34,40,61,126,127,50,58"/><V106/><F122/><W2/><G2/><T37/><D69/><U112/><E1/><V47/><F73/><W15/><G114/><T87/><D113/><U32/><E32/><V67/><F106/><W123/><G123/><T131/><D56/><U5/><E5/><V80/><F108/><W65/><G128/><N who="0" m="49195" /><D42/><U82/><E70/><V35/><F35/><W99/><G99/><T124/><D37/><U55/><E117/><N who="0" m="45161" /><D124/><N who="3" m="47657" /><G15/><T104/><D104/><U78/><E112/><V43/><F80/><W101/><G101/><T91/><D91/><U98/><E134/><V49/><F13/><W31/><G71/><T57/><D57/><U100/><E121/><V7/><F25/><N who="3" m="18767" /><G31/><T0/><D0/><U10/><E36/><V129/><F129/><W28/><G28/><T105/><D105/><U133/><E133/><V94/><F94/><W11/><G40/><N who="2" m="15433" /><F63/><W120/><G120/><T62/><D62/><U83/><E102/><V48/><F48/><N who="3" m="18475" /><G11/><T85/><D27/><U38/><E38/><V23/><F24/><W3/><G3/><T89/><D89/><U132/><E132/><V76/><F76/><W46/><G46/><T59/><D59/><U26/><E78/><V8/><F9/><W96/><G96/><T110/><D110/><U29/><E45/><V19/><F19/><AGARI ba="2,1" hai="17,18,19,74,75,84,85,87" m="45161,49195" machi="19" ten="40,12000,2" yaku="28,2,19,1,12,1,52,3" doraHai="81" who="0" fromWho="2" sc="198,136,220,0,315,-126,257,0" /><INIT seed="3,0,0,5,1,99" ten="334,220,189,257" oya="3" hai0="4,119,37,96,75,28,57,129,133,62,46,123,71" hai1="122,135,47,102,80,110,52,113,132,51,30,18,95" hai2="50,126,128,93,34,15,31,59,61,22,94,21,43" hai3="77,90,116,125,11,120,49,55,85,1,70,88,9"/><W16/><G120/><T124/><D75/><U12/><E30/><V100/><F34/><W86/><G116/><T104/><D119/><U79/><E122/><V97/><F128/><W82/><G70/><T33/><D123/><U107/><E107/><V56/><F126/><W44/><G125/><T91/><D124/><U20/><E113/><V130/><F130/><W73/><G1/><T118/><D4/><U7/><E7/><V78/><F78/><W105/><G105/><T40/><D118/><U25/><E25/><V68/><F68/><W35/><G35/><T29/><D129/><U108/><E95/><V19/><F43/><W87/><REACH who="3" step="1"/><G11/><REACH who="3" ten="334,220,189,247" step="2"/><T17/><D33/><U83/><E135/><V74/><F74/><W65/><G65/><T36/><D104/><U42/><E132/><V114/><F114/><W84/><N who="3" m="21504" /><DORA hai="2" /><W117/><G117/><T89/><D71/><U81/><E81/><V8/><F93/><W121/><G121/><T41/><D133/><U54/><E83/><V103/><F31/><W6/><G6/><T27/><D29/><U0/><E0/><V13/><F8/><W106/><G106/><T76/><D28/><U109/><E80/><V10/><F10/><W64/><G64/><T67/><D67/><U127/><E127/><V131/><F131/><W24/><G24/><T63/><D27/><U5/><E5/><V53/><F13/><AGARI ba="0,1" hai="9,13,16,44,49,55,73,77,82,88,90" m="21504" machi="13" ten="50,9600,0" yaku="1,1,54,2,53,0" doraHai="99,2" doraHaiUra="26,112" who="3" fromWho="2" sc="334,0,220,0,189,-96,247,106" /><INIT seed="3,1,0,4,4,60" ten="334,220,93,353" oya="3" hai0="37,84,86,64,122,67,29,134,30,101,13,95,105" hai1="38,116,125,42,89,5,88,58,46,70,31,4,80" hai2="104,53,133,9,106,113,123,90,22,65,119,99,15" hai3="39,16,135,73,11,114,26,19,79,69,109,56,87"/><W18/><G114/><T110/><D37/><U45/><E70/><V17/><F113/><W117/><G117/><T6/><D122/><U21/><E116/><V55/><F119/><W127/><G69/><T115/><D105/><U44/><E125/><V100/><F123/><W102/><G127/><T3/><D3/><U68/><E68/><V130/><F130/><W1/><G39/><T41/><D41/><U98/><E42/><V43/><F133/><W2/><G135/><T25/><D115/><U81/><E58/><V129/><F129/><W40/><G40/><T8/><D134/><U7/><E38/><V27/><F106/><W96/><G73/><T52/><D110/><U124/><E124/><V121/><F121/><W49/><G109/><T128/><D128/><U66/><E66/><N who="0" m="25129" /><D25/><N who="1" m="16815" /><E98/><V103/><F103/><W14/><G26/><T63/><D101/><U50/><E50/><V36/><F90/><AGARI ba="1,0" hai="4,5,7,44,45,46,80,81,88,89,90" m="16815" machi="90" ten="30,2000,0" yaku="8,1,54,1" doraHai="60" who="1" fromWho="2" sc="334,0,220,23,93,-23,353,0" /><INIT seed="4,0,0,5,0,87" ten="334,243,70,353" oya="0" hai0="48,44,92,133,32,113,57,11,38,33,118,86,95" hai1="102,19,100,2,122,6,81,12,52,24,41,108,82" hai2="109,28,22,58,25,110,80,111,135,4,26,64,15" hai3="3,85,47,84,120,104,68,20,119,101,67,9,37"/><T61/><D118/><U90/><E2/><V77/><F135/><W130/><G119/><T36/><D113/><U7/><E41/><V124/><F124/><W30/><G84/><T83/><D133/><U116/><E24/><V128/><F128/><W23/><G85/><T50/><D38/><U46/><E108/><V39/><F39/><W35/><G20/><T125/><D36/><U103/><E122/><V106/><F106/><W70/><G23/><T114/><D114/><U14/><E90/><V8/><F26/><N who="3" m="18903" /><G130/><T49/><D44/><U69/><E69/><V17/><F64/><W29/><G29/><T129/><D125/><U73/><E73/><V98/><F98/><N who="3" m="61495" /><G120/><T55/><D129/><U71/><E71/><V89/><F58/><W134/><G134/><T131/><D131/><U31/><E31/><V53/><F53/><W51/><G51/><T54/><D11/><N who="1" m="6623" /><E116/><V97/><F97/><W65/><G65/><N who="0" m="39087" /><D33/><U105/><E105/><V96/><F96/><W115/><G67/><T62/><D32/><U42/><E42/><V1/><F89/><W76/><G76/><N who="0" m="46439" /><D62/><U43/><E43/><V0/><F80/><W66/><G115/><T5/><D5/><N who="1" m="1547" /><E82/><V74/><F77/><W40/><G66/><T79/><D79/><U94/><E81/><V123/><F74/><W78/><G78/><T107/><D107/><U56/><E46/><V45/><F45/><W117/><G117/><T91/><D95/><U112/><E94/><V18/><F123/><W63/><G63/><T27/><D27/><U21/><E112/><V126/><F126/><W93/><G93/><RYUUKYOKU ba="0,0" sc="334,10,243,-30,70,10,353,10" hai0="48,49,50,54,55,91,92" hai2="0,1,4,8,15,17,18,22,25,28,109,110,111" hai3="3,9,37,40,47,68,70" /><INIT seed="4,1,0,2,2,107" ten="344,213,80,363" oya="0" hai0="125,130,126,46,82,117,45,123,10,43,89,21,32" hai1="13,17,96,38,97,90,6,132,40,20,113,12,124" hai2="44,87,81,57,127,114,99,118,74,70,116,83,109" hai3="33,93,106,14,26,102,51,94,18,55,103,8,48"/><T9/><D32/><U111/><E111/><V92/><F70/><W50/><G55/><T15/><D123/><U2/><E2/><V35/><F35/><W3/><G3/><T77/><D117/><U66/><E66/><V135/><F57/><W67/><G67/><T47/><D89/><U61/><E61/><V65/><F65/><W98/><G103/><T63/><D63/><U41/><E132/><V72/><F44/><W64/><G64/><T59/><D59/><U23/><E124/><N who="0" m="47721" /><D130/><U105/><E105/><V4/><F4/><W73/><G73/><N who="2" m="28265" /><F127/><W16/><REACH who="3" step="1"/><G18/><REACH who="3" ten="344,213,80,353" step="2"/><N who="0" m="10463" /><D43/><U60/><E41/><V108/><F135/><W100/><G100/><T28/><D28/><AGARI ba="1,1" hai="8,14,16,26,28,33,48,50,51,93,94,98,102,106" machi="28" ten="40,2600,0" yaku="1,1,54,1,53,0" doraHai="107" doraHaiUra="122" who="3" fromWho="0" sc="344,-29,213,0,80,0,353,39" /><INIT seed="5,0,0,3,1,40" ten="315,213,80,392" oya="1" hai0="129,92,19,59,11,12,124,132,53,22,116,29,2" hai1="91,47,50,111,44,102,70,131,37,119,130,82,99" hai2="120,28,68,75,134,33,48,61,123,126,58,69,15" hai3="9,25,80,101,89,135,76,85,104,21,115,42,73"/><U100/><E70/><V117/><F15/><W88/><G135/><T98/><D116/><U6/><E119/><V127/><F75/><W62/><G62/><T16/><D132/><U110/><E6/><V90/><F90/><W8/><G42/><T17/><D124/><N who="2" m="47658" /><F28/><W4/><G115/><T60/><D129/><N who="1" m="49163" /><E50/><V0/><F0/><W10/><G104/><T64/><D2/><U81/><E37/><V41/><F33/><W122/><G101/><N who="1" m="39018" /><E99/><V66/><F134/><W94/><G122/><N who="2" m="46633" /><F117/><W49/><G49/><T96/><D96/><U46/><E91/><V78/><F78/><W1/><G89/><N who="0" m="55567" /><D64/><U55/><E55/><V26/><F26/><AGARI ba="0,0" hai="11,12,16,17,19,22,26,29,53,59,60" m="55567" machi="26" ten="30,2000,0" yaku="8,1,54,1" doraHai="40" who="0" fromWho="2" sc="315,20,213,0,80,-20,392,0" /><INIT seed="6,0,0,0,3,81" ten="335,213,60,392" oya="2" hai0="65,8,74,114,9,98,52,84,4,133,121,66,131" hai1="127,104,26,20,113,23,126,76,24,80,69,14,25" hai2="34,19,79,33,56,77,41,61,40,124,30,0,59" hai3="63,83,122,125,43,18,130,75,134,36,6,73,96"/><V85/><F124/><N who="1" m="47657" /><E69/><V47/><F0/><W129/><G125/><T135/><D74/><N who="1" m="43031" /><E104/><V27/><F34/><W64/><G122/><T12/><D121/><U108/><E108/><V78/><F19/><W91/><G6/><T44/><D98/><U11/><E113/><V132/><F132/><N who="0" m="50762" /><D114/><U7/><AGARI ba="0,0" hai="7,11,14,20,23,24,25,26" m="43031,47657" machi="7" ten="30,1100,0" yaku="18,1" doraHai="81" who="1" fromWho="1" sc="335,-3,213,11,60,-5,392,-3" /><INIT seed="7,0,0,0,1,30" ten="332,224,55,389" oya="3" hai0="7,68,78,22,38,128,21,23,88,100,43,61,46" hai1="107,6,39,63,16,49,114,119,90,133,37,125,62" hai2="77,14,73,85,33,3,96,113,41,69,65,57,131" hai3="112,59,89,53,15,1,135,31,54,111,26,98,34"/><W126/><G1/><T120/><D120/><U118/><E107/><V36/><F57/><W17/><G111/><T94/><D128/><U56/><E90/><V35/><F14/><W20/><G126/><T108/><D108/><U25/><E25/><V42/><F85/><W11/><G135/><T29/><D78/><U123/><E16/><V122/><F42/><W91/><G112/><T104/><D7/><U72/><E72/><V116/><F116/><N who="1" m="44585" /><E6/><V48/><F131/><W130/><G130/><T12/><D12/><U0/><E0/><V24/><F48/><W101/><G53/><T97/><D68/><U51/><E123/><V64/><F113/><W102/><G34/><T18/><D61/><N who="1" m="23051" /><E56/><V110/><F110/><W67/><G67/><T105/><D105/><U75/><E75/><V58/><F58/><W52/><G59/><T93/><D104/><U71/><E114/><V50/><F50/><N who="1" m="18953" /><E71/><V115/><F115/><W80/><G91/><T87/><REACH who="0" step="1"/><D18/><REACH who="0" ten="322,224,55,389" step="2"/><U66/><E66/><V60/><F65/><W92/><G101/><T55/><D55/><U124/><E133/><V132/><F122/><W82/><G82/><T4/><D4/><U95/><E95/><V2/><F132/><W109/><G109/><T127/><D127/><AGARI ba="0,1" hai="37,39,124,125,127" m="18953,23051,44585" machi="127" ten="40,12000,2" yaku="28,2,18,1,12,1,34,2" doraHai="30" who="1" fromWho="0" sc="322,-120,224,130,55,0,389,0" owari="202,-20.0,354,15.0,55,-44.0,389,49.0" /></mjloggm>