<mjloggm ver="2.3"><GO type="169" lobby="0"/><UN n0="%73%5F%6F%6B" n1="%52%6F%62%69%4E" n2="%E3%81%9F%E3%81%BE%E3%81%AD%E3%81%8E%E5%89%A3%E5%A3%AB" n3="%E3%81%AD%E3%82%8A%E3%82%B4%E3%83%9E" dan="16,16,16,17" rate="2068.13,2130.62,2055.62,2207.05" sx="M,M,M,M"/><TAIKYOKU oya="0"/><INIT seed="0,0,0,1,4,62" ten="250,250,250,250" oya="0" hai0="53,112,46,18,96,101,88,87,78,89,113,130,57" hai1="72,36,10,17,95,131,77,9,19,35,51,33,108" hai2="63,114,121,73,65,44,24,127,4,5,58,15,38" hai3="6,12,111,118,85,103,94,122,128,82,99,86,14"/><T67/><D130/><U79/><E131/><V107/><F121/><W80/><G128/><T61/><D78/><U28/><E36/><V104/><F127/><W71/><G71/><T90/><D18/><U115/><E115/><V81/><F24/><W49/><G118/><T60/><D87/><U1/><E28/><V102/><F102/><W68/><G68/><T26/><D26/><U7/><E95/><V124/><F124/><W8/><G111/><T76/><D76/><U16/><E108/><V91/><F114/><W30/><G30/><T132/><D132/><U54/><E10/><V37/><F73/><W22/><G122/><T43/><D60/><U45/><E79/><V119/><F119/><W134/><G134/><T93/><REACH who="0" step="1"/><D53/><REACH who="0" ten="240,250,250,250" step="2"/><U27/><E27/><V52/><F52/><W3/><G86/><T126/><D126/><U66/><E66/><V69/><F65/><W48/><G85/><T109/><D109/><U32/><REACH who="1" step="1"/><E19/><REACH who="1" ten="240,240,250,250" step="2"/><V39/><F4/><W56/><G6/><T40/><D40/><U133/><E133/><V117/><F5/><W116/><G116/><T100/><D100/><U31/><E31/><V83/><F117/><W50/><G103/><T25/><D25/><U59/><E59/><V11/><F58/><W41/><G56/><T105/><D105/><U2/><E2/><V106/><F69/><W123/><G41/><T98/><D98/><U21/><E21/><V120/><F107/><W70/><G70/><T0/><D0/><U125/><E125/><V74/><F106/><W75/><G3/><T13/><D13/><U110/><E110/><RYUUKYOKU ba="0,2" sc="240,15,240,15,250,-15,250,-15" hai0="43,46,57,61,67,88,89,90,93,96,101,112,113" hai1="1,7,9,16,17,32,33,35,45,51,54,72,77" /><INIT seed="0,1,2,3,2,109" ten="255,255,235,235" oya="0" hai0="76,75,72,35,39,20,131,69,126,31,124,2,80" hai1="59,43,88,128,96,38,5,16,50,42,130,111,6" hai2="85,12,63,67,135,86,105,110,115,66,32,33,90" hai3="34,24,14,64,134,94,28,1,9,92,97,48,54"/><T49/><D69/><U7/><E111/><V4/><F105/><W122/><G1/><T65/><D65/><U118/><E118/><V84/><F110/><W26/><G64/><T104/><D39/><U27/><E38/><V41/><F135/><W106/><G134/><T108/><D2/><U113/><E113/><V132/><F132/><W83/><G122/><T116/><D108/><U61/><E50/><V77/><F77/><W47/><G92/><T120/><D20/><N who="1" m="13703" /><E96/><V62/><F41/><W98/><G83/><T95/><D49/><U73/><E73/><V22/><F115/><W0/><G0/><T29/><D120/><U60/><E88/><V78/><F33/><W70/><G70/><T11/><D116/><U21/><E21/><V79/><F32/><W58/><G106/><T102/><D104/><U101/><E101/><V53/><F90/><N who="3" m="55511" /><G98/><N who="0" m="59743" /><D72/><U17/><E17/><V13/><F78/><W117/><G117/><T93/><D11/><U133/><E133/><V18/><F79/><W82/><G34/><T10/><D10/><U121/><E121/><V52/><F63/><N who="1" m="24137" /><E59/><N who="2" m="35175" /><F53/><N who="3" m="29855" /><G28/><N who="0" m="10827" /><D93/><U23/><E23/><V129/><F67/><W68/><G68/><T81/><D81/><U44/><E44/><V55/><F66/><W37/><G82/><T36/><D36/><U99/><E99/><V100/><F55/><W45/><G45/><T30/><N who="0" m="10835" /><T57/><DORA hai="103" /><D35/><U46/><E46/><V127/><F22/><W107/><G107/><T3/><D57/><U19/><E19/><V25/><F18/><N who="3" m="8527" /><G37/><T15/><D75/><U8/><E8/><V87/><F25/><RYUUKYOKU ba="1,2" sc="255,-15,255,15,235,-15,235,15" hai1="5,6,7,42,43,128,130" hai3="24,26,54,58" /><INIT seed="1,2,2,3,2,13" ten="240,270,220,250" oya="1" hai0="29,16,32,10,88,103,70,43,94,129,92,89,134" hai1="63,65,133,27,125,47,58,55,119,44,26,30,25" hai2="86,120,42,57,37,118,51,53,121,14,109,122,69" hai3="74,93,62,113,91,6,46,104,117,101,18,24,67"/><U64/><E119/><V71/><F86/><W41/><G113/><T100/><D70/><U9/><E125/><V12/><F118/><W49/><G117/><T76/><D76/><U23/><E133/><V50/><F12/><W19/><G74/><T124/><D32/><U97/><E9/><V0/><F0/><W79/><G79/><T135/><D29/><U39/><E39/><V54/><F14/><W83/><G83/><T85/><D43/><U66/><E97/><V36/><F109/><W107/><G6/><T110/><D110/><U114/><E114/><V115/><F115/><W112/><G112/><T128/><D10/><U8/><E8/><V31/><F31/><W61/><G61/><T60/><D60/><U3/><E3/><V105/><F105/><W59/><G24/><AGARI ba="2,2" hai="23,24,25,26,27,30,44,47,55,58,63,64,65,66" machi="24" ten="40,2000,0" yaku="8,1" doraHai="13" who="1" fromWho="3" sc="240,0,270,46,220,0,250,-26" /><INIT seed="1,3,0,5,1,16" ten="240,316,220,224" oya="1" hai0="129,134,94,108,32,131,117,103,25,52,8,53,80" hai1="87,23,5,90,1,78,61,110,4,102,104,46,29" hai2="33,127,6,11,17,101,77,45,69,123,49,42,62" hai3="70,21,82,130,37,125,35,0,113,115,68,34,116"/><U12/><E1/><V73/><F33/><N who="3" m="12299" /><G82/><T10/><D117/><U81/><E104/><V83/><F127/><W97/><G97/><N who="0" m="59831" /><D108/><U67/><E102/><V120/><F101/><W114/><G125/><T30/><D134/><U112/><E112/><V66/><REACH who="2" step="1"/><F17/><REACH who="2" ten="240,316,210,224" step="2"/><W9/><G116/><T75/><D32/><U7/><E110/><V19/><F19/><W24/><G115/><T96/><D30/><U31/><E31/><V36/><F36/><W89/><G37/><T118/><D118/><U18/><E29/><V109/><F109/><W39/><G39/><T40/><D131/><U122/><E122/><V92/><F92/><W91/><G130/><T105/><D129/><U43/><E78/><V88/><F88/><W72/><G113/><T71/><D105/><U121/><E121/><V48/><F48/><W44/><G114/><T119/><D119/><U124/><E124/><V59/><F59/><W86/><G91/><T64/><D80/><U60/><E67/><V38/><F38/><W15/><G89/><T13/><D64/><U106/><E106/><V133/><F133/><W54/><G70/><T84/><D71/><U85/><E85/><V128/><F128/><W2/><G86/><T93/><D84/><U126/><E126/><V3/><AGARI ba="3,1" hai="3,6,11,42,45,49,62,66,69,73,77,83,120,123" machi="3" ten="20,5200,0" yaku="1,1,0,1,7,1,53,1" doraHai="16" doraHaiUra="57" who="2" fromWho="2" sc="240,-16,316,-29,210,71,224,-16" /><INIT seed="2,0,0,4,5,60" ten="224,287,281,208" oya="2" hai0="115,5,3,53,93,77,75,94,28,45,11,96,68" hai1="89,26,15,98,108,124,9,125,39,6,129,55,128" hai2="100,19,73,90,80,25,36,82,65,105,56,88,117" hai3="13,20,71,102,46,32,17,63,85,29,64,18,38"/><V109/><F36/><W47/><G38/><T41/><D115/><U78/><E39/><V87/><F117/><W119/><G119/><T61/><D28/><U134/><E78/><V35/><F105/><W58/><G102/><T4/><D4/><U52/><E26/><V23/><F100/><W50/><G32/><T21/><D21/><U123/><E108/><V69/><F69/><W127/><G127/><N who="1" m="48714" /><E123/><V16/><F109/><W120/><G120/><T91/><D75/><U81/><E134/><V132/><F35/><W7/><G29/><T130/><D77/><U74/><E74/><V27/><F73/><W86/><G71/><T131/><D53/><N who="1" m="20555" /><E81/><N who="2" m="31339" /><F132/><W66/><G66/><T37/><REACH who="0" step="1"/><D94/><AGARI ba="0,0" hai="6,9,15,89,94,98,128,129" m="20555,48714" machi="94" ten="30,2000,0" yaku="18,1,54,1" doraHai="60" who="1" fromWho="0" sc="224,-20,287,20,281,0,208,0" /><INIT seed="3,0,0,4,3,118" ten="204,307,281,208" oya="3" hai0="82,132,24,110,135,120,121,14,81,119,114,9,23" hai1="29,57,35,98,21,117,39,12,40,108,3,2,34" hai2="91,93,95,38,85,76,88,5,97,96,84,60,20" hai3="17,113,53,22,87,49,75,28,25,36,6,51,123"/><W86/><G113/><T1/><D119/><U131/><E117/><V10/><F38/><W115/><G115/><T41/><D114/><U105/><E108/><V72/><F72/><W70/><G70/><T47/><D1/><U66/><E131/><V80/><F76/><W127/><G75/><T18/><D110/><U124/><E124/><V32/><F32/><W107/><G36/><T74/><D74/><U79/><E79/><V56/><F20/><W67/><G67/><T128/><D82/><U11/><E35/><V45/><F45/><W103/><G127/><T71/><D81/><U4/><E34/><V37/><F37/><W52/><G6/><T109/><D71/><U44/><E57/><V61/><F80/><W43/><G43/><T33/><D109/><U26/><E66/><V63/><REACH who="2" step="1"/><F56/><REACH who="2" ten="204,307,271,208" step="2"/><W58/><G58/><T16/><D33/><U46/><E46/><V73/><F73/><W30/><G22/><T102/><D128/><U112/><E112/><V78/><F78/><W122/><G49/><N who="0" m="26863" /><D102/><U99/><E44/><V100/><F100/><W31/><G103/><T89/><D89/><U94/><E39/><V116/><F116/><W0/><G51/><T59/><D59/><U15/><E40/><V48/><F48/><W55/><G55/><T68/><D68/><U134/><E21/><V106/><F106/><W42/><G107/><T54/><D54/><U50/><E50/><V19/><F19/><W111/><G111/><T90/><D90/><U69/><E69/><V77/><F77/><W92/><G53/><T126/><D126/><U101/><E101/><RYUUKYOKU ba="0,1" sc="204,15,307,-15,271,15,208,-15" hai0="9,14,16,18,23,24,120,121,132,135" hai2="5,10,60,61,63,84,85,88,91,93,95,96,97" /><INIT seed="4,1,1,2,5,23" ten="219,292,286,193" oya="0" hai0="14,2,134,127,99,35,77,133,5,113,95,74,20" hai1="135,106,70,0,11,123,42,38,24,105,80,51,9" hai2="79,86,84,116,8,104,108,110,36,50,13,93,121" hai3="117,46,129,27,19,126,112,131,7,53,39,90,71"/><T91/><D35/><U69/><E123/><V37/><F104/><W87/><G117/><T89/><D2/><U56/><E135/><N who="0" m="51721" /><D113/><U17/><E38/><V67/><F121/><W102/><G112/><T32/><D32/><U44/><E105/><V54/><F116/><W125/><G71/><T114/><D114/><U59/><E106/><V48/><F67/><W55/><G102/><T33/><D33/><U94/><E69/><V103/><F37/><W92/><G7/><T4/><D127/><N who="3" m="48649" /><G39/><T128/><D128/><N who="3" m="49225" /><G46/><T1/><D1/><U15/><E70/><V41/><F36/><W120/><G120/><T109/><D109/><U73/><E0/><V6/><F108/><W122/><G122/><T85/><D77/><U119/><E119/><V88/><F79/><W78/><G78/><T111/><D74/><U100/><E73/><V30/><F110/><W124/><N who="3" m="48657" /><W21/><AGARI ba="1,1" hai="19,21,27,53,55,87,90,92" m="49225,48657" machi="21" ten="50,8000,1" yaku="4,1,18,1,19,1,52,1" doraHai="23" who="3" fromWho="3" sc="219,-41,292,-21,286,-21,193,93" /><INIT seed="5,0,0,4,5,100" ten="178,271,265,286" oya="1" hai0="99,115,108,128,121,14,42,28,58,123,8,105,43" hai1="11,57,44,81,112,76,7,101,15,97,65,93,91" hai2="133,3,82,27,29,36,98,51,6,106,5,109,4" hai3="62,72,79,67,69,113,56,33,103,22,45,122,10"/><U96/><E112/><V125/><F36/><W135/><G122/><T9/><D108/><U126/><E126/><V1/><F109/><W80/><G113/><T34/><D115/><U18/><E44/><V66/><F125/><W35/><G135/><T49/><D34/><U87/><E65/><V40/><F133/><W55/><G45/><T77/><D28/><U70/><E70/><V20/><F66/><W73/><G73/><T84/><D128/><U21/><E57/><V85/><F40/><W41/><G41/><T60/><D8/><U132/><E132/><V59/><F51/><W119/><G119/><T19/><D49/><U68/><E68/><V104/><F59/><W23/><G10/><T32/><D32/><U54/><E54/><V131/><F131/><W30/><G33/><T110/><D110/><U83/><E96/><V124/><F124/><W50/><G103/><T88/><D77/><U12/><REACH who="1" step="1"/><E76/><REACH who="1" ten="178,261,265,286" step="2"/><V63/><F98/><W94/><G69/><T31/><D123/><U114/><E114/><V89/><REACH who="2" step="1"/><F63/><REACH who="2" ten="178,261,255,286" step="2"/><W47/><G67/><T107/><D121/><U48/><E48/><V74/><F74/><W127/><G127/><T16/><D99/><U95/><AGARI ba="0,2" hai="7,11,12,15,18,21,81,83,87,91,93,95,97,101" machi="95" ten="20,7800,0" yaku="1,1,0,1,7,1,8,1,53,0" doraHai="100" doraHaiUra="64" who="1" fromWho="1" sc="178,-26,261,98,255,-26,286,-26" /><INIT seed="5,1,0,2,2,113" ten="152,359,229,260" oya="1" hai0="59,17,12,28,42,94,128,121,6,39,78,19,100" hai1="8,83,81,30,37,55,15,10,50,92,84,120,44" hai2="51,111,101,45,129,124,75,5,127,116,43,105,114" hai3="63,69,64,34,102,122,130,35,32,48,65,134,22"/><U13/><E120/><V90/><F111/><W91/><G122/><T112/><D121/><U46/><E30/><V96/><F75/><W72/><G72/><T38/><D78/><U25/><E25/><V0/><F114/><W110/><G110/><T68/><D68/><U131/><E131/><V47/><F129/><W66/><G130/><T21/><D100/><U23/><E23/><V29/><F29/><W119/><G134/><T104/><D94/><U79/><E37/><V40/><F90/><W53/><G102/><T18/><D42/><U85/><E92/><V108/><F108/><W118/><G91/><T67/><D19/><U86/><E46/><V60/><F60/><W1/><G22/><T98/><D6/><N who="1" m="3223" /><E83/><V89/><F89/><W106/><G1/><T16/><D28/><U33/><E33/><V62/><F62/><W26/><G26/><T36/><D112/><U80/><E80/><V70/><F70/><W3/><G3/><T87/><D128/><U9/><E9/><V14/><F0/><W126/><G106/><T11/><D21/><U27/><E27/><V125/><F5/><AGARI ba="1,0" hai="5,10,15,44,50,55,79,81,84,85,86" m="3223" machi="5" ten="30,1500,0" yaku="8,1" doraHai="113" who="1" fromWho="2" sc="152,0,359,18,229,-18,260,0" /><INIT seed="5,2,0,5,1,104" ten="152,377,211,260" oya="1" hai0="12,3,52,59,49,46,76,126,86,0,38,25,65" hai1="23,128,8,99,72,89,26,112,117,57,10,134,130" hai2="101,83,90,100,84,41,111,107,96,33,129,1,17" hai3="67,37,124,135,44,56,106,18,132,114,20,88,50"/><U9/><E117/><V39/><F1/><W92/><G106/><T110/><D110/><U54/><E112/><V60/><F33/><W48/><G37/><T35/><D126/><U121/><E121/><V45/><F111/><W13/><G114/><T93/><D3/><U133/><E72/><V125/><F125/><W34/><G34/><T118/><D0/><U11/><E11/><V119/><F129/><N who="1" m="49769" /><E89/><V43/><F119/><W47/><G124/><T74/><D118/><U73/><E73/><V105/><F41/><W30/><G30/><T95/><D74/><U79/><E79/><V27/><F60/><N who="3" m="38279" /><G135/><T32/><D12/><U71/><E99/><V31/><F17/><W127/><G132/><T53/><D65/><U40/><E40/><V28/><F27/><W113/><G127/><T68/><D68/><U98/><E98/><AGARI ba="2,0" hai="28,31,39,43,45,83,84,90,96,98,100,101,105,107" machi="98" ten="40,1300,0" yaku="9,1" doraHai="104" who="2" fromWho="1" sc="152,0,377,-19,211,19,260,0" /><INIT seed="6,0,0,3,0,93" ten="152,358,230,260" oya="2" hai0="71,55,109,41,104,99,91,74,15,18,38,78,122" hai1="79,21,117,133,4,34,67,43,119,63,112,87,85" hai2="11,49,19,105,6,86,118,0,126,53,17,39,83" hai3="59,100,24,68,98,123,20,56,65,52,16,27,30"/><V108/><F118/><W111/><G123/><T48/><D122/><U107/><E112/><V37/><F126/><W134/><G111/><T12/><D109/><U135/><E34/><V81/><F105/><W90/><G134/><N who="1" m="51210" /><E107/><V13/><F108/><W54/><G68/><T32/><D32/><U66/><E66/><V102/><F102/><W29/><G100/><T94/><D104/><U31/><E4/><V51/><F83/><W58/><G65/><T95/><D71/><U128/><E43/><V5/><F49/><W96/><G90/><T33/><D33/><U45/><E45/><V80/><F80/><W35/><REACH who="3" step="1"/><G30/><REACH who="3" ten="152,358,230,250" step="2"/><T28/><D28/><U124/><E67/><V131/><F0/><W127/><G127/><T82/><D38/><U75/><E124/><V129/><F39/><W46/><G46/><T110/><D41/><U101/><E31/><V121/><F37/><W40/><G40/><T89/><D110/><U50/><E117/><V36/><F36/><W26/><G26/><T132/><D132/><U25/><E101/><V42/><F121/><W14/><G14/><T77/><D77/><U88/><E79/><N who="2" m="46399" /><F42/><W1/><G1/><T84/><D18/><U10/><E88/><V114/><F19/><W64/><G64/><T76/><REACH who="0" step="1"/><D78/><REACH who="0" ten="142,358,230,250" step="2"/><U8/><E119/><V61/><F17/><W73/><G73/><T69/><D69/><U106/><E75/><V62/><F5/><W57/><G57/><AGARI ba="0,2" hai="12,15,48,55,57,74,76,82,84,89,91,94,95,99" machi="57" ten="30,3900,0" yaku="1,1,7,1,52,1,53,0" doraHai="93" doraHaiUra="130" who="0" fromWho="3" sc="142,59,358,0,230,0,250,-39" /><INIT seed="7,0,0,3,3,91" ten="201,358,230,211" oya="3" hai0="67,36,59,102,22,115,55,81,90,117,118,114,52" hai1="132,0,107,6,18,43,113,58,85,15,112,76,65" hai2="71,84,63,31,74,79,5,62,100,80,96,99,2" hai3="7,97,27,34,44,83,28,111,106,57,87,35,133"/><W103/><G133/><T24/><D36/><U21/><E107/><V12/><F2/><W82/><G111/><T127/><D102/><U9/><E132/><V119/><F119/><W126/><G126/><T30/><D127/><U134/><E134/><V86/><F31/><W73/><G7/><T120/><D120/><U128/><E43/><V131/><F131/><W101/><G101/><T123/><D123/><U110/><E110/><V47/><F71/><W3/><G3/><T109/><D109/><U54/><E65/><V32/><F32/><W135/><G135/><T89/><D67/><U16/><E18/><V8/><F47/><W88/><G44/><T125/><D125/><U46/><E46/><V26/><F26/><W95/><G57/><T130/><D130/><U11/><E128/><V98/><F74/><W77/><G82/><T51/><D55/><U17/><E54/><V105/><F86/><W23/><AGARI ba="0,0" hai="23,27,28,34,35,73,77,83,87,88,95,97,103,106" machi="23" ten="20,18000,2" yaku="0,1,7,1,24,2,52,1,54,1" doraHai="91" who="3" fromWho="3" sc="201,-60,358,-60,230,-60,211,180" owari="141,-36.0,298,10.0,170,-23.0,391,49.0" /></mjloggm>