<mjloggm ver="2.3"><GO type="169" lobby="0"/><UN n0="%E5%8D%97%E5%9B%BD%E9%9B%80" n1="%6E%69%6A%69" n2="%E8%92%BC%E9%B4%89" n3="%50%61%65%6C%6C%61" dan="17,17,16,16" rate="2242.53,2182.15,2137.87,2096.27" sx="M,M,M,M"/><TAIKYOKU oya="0"/><INIT seed="0,0,0,2,3,40" ten="250,250,250,250" oya="0" hai0="57,20,26,56,66,92,127,4,53,76,54,50,117" hai1="83,67,70,118,31,97,133,65,39,128,12,114,52" hai2="121,27,51,111,9,11,3,63,115,0,58,103,101" hai3="91,88,30,69,13,5,100,45,62,110,113,132,93"/><T17/><D117/><U24/><E39/><V19/><F121/><W32/><G110/><T7/><D127/><U82/><E118/><V74/><F111/><W2/><G132/><T102/><D66/><U38/><E38/><V48/><F74/><W59/><G113/><T28/><D76/><U85/><E133/><V72/><F72/><W77/><G77/><T134/><D134/><U129/><E114/><V29/><F19/><W89/><G69/><T98/><REACH who="0" step="1"/><D28/><REACH who="0" ten="240,250,250,250" step="2"/><U35/><E67/><V68/><F29/><W37/><G30/><T104/><D104/><U79/><E65/><V41/><F115/><W15/><G32/><T131/><D131/><U75/><E128/><V49/><F0/><W60/><G2/><T47/><D47/><U42/><E129/><V64/><F3/><W123/><G45/><T122/><D122/><U16/><E35/><V18/><F68/><W126/><G123/><T84/><D84/><U130/><E70/><V25/><F64/><W96/><G126/><T94/><D94/><U80/><E85/><V6/><F58/><W105/><G59/><T33/><D33/><U81/><E79/><V109/><F109/><W61/><G105/><T87/><D87/><U107/><E107/><V112/><F112/><W90/><G93/><T95/><D95/><U99/><E31/><V116/><F116/><W125/><G125/><T106/><D106/><U73/><E73/><V14/><F103/><W43/><G100/><T36/><D36/><U44/><E75/><V135/><F101/><W108/><G37/><T8/><D8/><N who="2" m="3146" /><F135/><W22/><G96/><RYUUKYOKU ba="0,1" sc="240,30,250,-10,250,-10,250,-10" hai0="4,7,17,20,26,50,53,54,56,57,92,98,102" /><INIT seed="0,1,1,3,3,92" ten="270,240,240,240" oya="0" hai0="116,77,32,132,128,131,89,113,118,30,126,16,98" hai1="88,18,15,82,134,33,84,0,26,23,95,38,48" hai2="105,110,93,41,104,46,24,112,68,31,4,87,96" hai3="123,40,79,124,36,121,106,114,20,80,29,54,85"/><T73/><D113/><U111/><E38/><V76/><F112/><W17/><G114/><T103/><D89/><U13/><E0/><V27/><F110/><W63/><G124/><T55/><D126/><U101/><E111/><V45/><F68/><W81/><G106/><T69/><D69/><U25/><E134/><V2/><F27/><W117/><G29/><T49/><D132/><U65/><E65/><V99/><F4/><W64/><G117/><T9/><D30/><U50/><E33/><V86/><F2/><W53/><G81/><N who="0" m="45231" /><D32/><U21/><E13/><V135/><F135/><W133/><G133/><T130/><D55/><U120/><E120/><N who="3" m="46154" /><G40/><T102/><D49/><N who="1" m="19051" /><E21/><V125/><F125/><W8/><G8/><T56/><D56/><U57/><E57/><V51/><F45/><W19/><G36/><T90/><D116/><U5/><E5/><V7/><F7/><W97/><G54/><T28/><D28/><U1/><E1/><V52/><F41/><W44/><G53/><T75/><D75/><U34/><E34/><V37/><F37/><W47/><G44/><T62/><D118/><U129/><E129/><V14/><F14/><N who="3" m="9271" /><G47/><T71/><D128/><U100/><E82/><N who="2" m="47431" /><F105/><W83/><G83/><T66/><D131/><U115/><E115/><V10/><F104/><W35/><G35/><T12/><D130/><U78/><E78/><V107/><F107/><W119/><G119/><T43/><D43/><U6/><E6/><V59/><F46/><W11/><G80/><T72/><D72/><U58/><E58/><V94/><F59/><W108/><G79/><RYUUKYOKU ba="1,1" sc="270,15,240,15,240,-15,240,-15" hai0="9,12,16,62,66,71,90,98,102,103" hai1="15,18,23,25,26,84,88,95,100,101" /><INIT seed="0,2,1,3,3,18" ten="285,255,225,225" oya="0" hai0="129,41,12,30,88,100,54,19,62,86,33,81,49" hai1="52,34,8,93,42,7,118,47,70,108,131,85,79" hai2="69,36,23,25,9,114,38,40,127,84,90,116,14" hai3="66,35,75,58,78,111,65,83,57,124,39,3,17"/><T15/><D129/><U120/><E70/><V28/><F114/><W68/><G111/><T26/><D100/><U22/><E34/><V24/><F127/><W50/><G124/><T94/><D41/><U87/><E118/><V64/><F116/><W63/><G39/><T117/><D117/><U0/><E120/><V106/><F106/><W134/><G134/><T48/><D15/><U115/><E108/><V132/><F132/><W105/><G105/><T45/><D49/><U77/><E131/><V60/><F25/><W37/><G37/><T103/><D62/><U135/><E135/><V74/><F74/><W16/><G35/><T31/><D26/><U5/><E5/><V51/><F51/><W73/><G3/><T29/><D33/><U6/><E6/><V59/><F69/><W32/><G32/><T125/><D125/><U104/><E104/><V20/><F40/><W113/><G113/><T133/><D133/><U95/><E42/><V1/><F1/><W61/><REACH who="3" step="1"/><G75/><REACH who="3" ten="285,255,225,215" step="2"/><T76/><D103/><U10/><E0/><V72/><F72/><W43/><G43/><T82/><D76/><U44/><E115/><V97/><F38/><W101/><G101/><T46/><D46/><U99/><E77/><V53/><F36/><W89/><G89/><T80/><D94/><U13/><E79/><V56/><F90/><W107/><G107/><T4/><D4/><U98/><E7/><V121/><F121/><W2/><G2/><T112/><D112/><U122/><E122/><V109/><F109/><W91/><G91/><T110/><D110/><U119/><E119/><RYUUKYOKU ba="2,2" sc="285,15,255,-15,225,-15,215,15" hai0="12,19,29,30,31,45,48,54,80,81,82,86,88" hai3="16,17,50,57,58,61,63,65,66,68,73,78,83" /><INIT seed="0,3,2,4,0,19" ten="300,240,210,230" oya="0" hai0="95,118,54,5,90,60,132,39,51,64,61,3,79" hai1="56,116,2,55,68,67,100,133,86,105,14,23,69" hai2="121,85,70,8,101,122,130,25,96,33,99,94,115" hai3="107,30,77,71,81,125,29,111,97,131,7,34,45"/><T123/><D123/><U6/><E2/><V40/><F115/><W15/><G111/><T104/><D104/><U89/><E116/><V128/><F70/><W50/><G125/><T108/><D118/><U52/><E133/><V88/><F40/><W22/><G71/><T11/><D132/><U37/><E37/><V113/><F113/><W110/><G131/><N who="2" m="50217" /><F8/><W120/><G110/><T4/><D39/><U28/><E69/><V62/><F62/><W42/><G34/><T46/><D5/><U20/><E68/><V135/><F135/><W32/><G32/><T74/><D108/><U9/><E100/><N who="2" m="60439" /><F25/><W41/><G41/><T48/><D64/><U38/><E38/><V44/><F44/><W93/><G107/><T49/><D61/><N who="1" m="38311" /><E105/><N who="2" m="63679" /><F33/><W124/><G45/><T75/><D60/><U82/><E28/><V106/><F106/><W12/><G42/><T27/><D51/><U65/><E65/><V13/><F13/><W98/><G50/><T21/><D49/><U127/><E127/><V80/><AGARI ba="3,2" hai="80,85,88,121,122" m="63679,60439,50217" machi="80" ten="30,7900,0" yaku="19,1,34,2,54,1" doraHai="19" who="2" fromWho="2" sc="300,-42,240,-23,210,108,230,-23" /><INIT seed="1,0,0,1,3,58" ten="258,217,318,207" oya="1" hai0="120,113,26,88,121,62,119,14,99,16,80,17,24" hai1="29,3,133,5,18,6,34,130,107,45,124,7,68" hai2="132,90,112,55,74,116,79,54,105,92,123,0,109" hai3="64,110,32,81,93,91,122,27,106,30,127,86,73"/><U59/><E107/><V2/><F123/><N who="0" m="47178" /><D119/><U96/><E68/><V20/><F109/><W41/><G110/><T94/><D113/><U57/><E3/><V1/><F132/><W50/><G122/><T111/><D111/><U60/><E133/><V38/><F105/><W56/><G127/><T36/><D36/><U53/><E124/><V61/><F38/><W89/><G106/><T83/><D62/><N who="1" m="36143" /><E34/><V76/><F116/><W115/><G73/><T65/><D65/><N who="1" m="39071" /><E29/><V87/><F74/><W15/><G115/><T97/><D97/><U52/><E130/><V22/><F55/><W104/><G104/><T85/><D17/><U25/><E96/><V101/><F0/><W9/><G41/><T70/><D70/><U31/><E31/><V82/><F1/><W103/><G103/><T135/><D135/><U134/><E134/><V63/><F101/><W128/><G128/><T118/><D118/><U23/><E5/><V19/><F2/><W48/><G64/><T71/><D71/><U51/><AGARI ba="0,0" hai="6,7,18,23,25,45,51,52" m="39071,36143" machi="51" ten="30,11700,0" yaku="8,1,52,2,54,1" doraHai="58" who="1" fromWho="1" sc="258,-39,217,117,318,-39,207,-39" /><INIT seed="1,1,0,3,2,67" ten="219,334,279,168" oya="1" hai0="121,76,77,134,63,18,23,79,84,43,114,62,26" hai1="133,42,65,41,53,11,0,60,102,80,6,45,74" hai2="115,99,103,58,17,25,52,61,89,7,46,129,4" hai3="35,78,111,10,24,125,135,16,22,34,20,37,104"/><U101/><E133/><V32/><F129/><W108/><G104/><T116/><D114/><U128/><E53/><V36/><F115/><W122/><G37/><T21/><D134/><U112/><E112/><V98/><F89/><W72/><G135/><T110/><D110/><N who="3" m="42025" /><G78/><T92/><D116/><U69/><E41/><V73/><F73/><W19/><G72/><T124/><D124/><U83/><E83/><V49/><F36/><W105/><G105/><T48/><D121/><U30/><E30/><V120/><F120/><W119/><G122/><T40/><D23/><U3/><E3/><V113/><F113/><W2/><G119/><T118/><D118/><U28/><E28/><V96/><F103/><W70/><G70/><T109/><D109/><U51/><E128/><V86/><F86/><W117/><G117/><T33/><D33/><N who="3" m="12297" /><G125/><T8/><D77/><U106/><E106/><V82/><F32/><W123/><G123/><T15/><D76/><U127/><E127/><V130/><F130/><W13/><G2/><T38/><D38/><U90/><E74/><V126/><F126/><W47/><G47/><T100/><D79/><U31/><E31/><V91/><F91/><W59/><G59/><T88/><D100/><U57/><E57/><V50/><F46/><W9/><AGARI ba="1,0" hai="9,10,13,16,19,20,22,24" m="12297,42025" machi="9" ten="40,8000,1" yaku="14,1,34,2,54,1" doraHai="67" who="3" fromWho="3" sc="219,-21,334,-41,279,-21,168,83" /><INIT seed="2,0,0,0,1,135" ten="198,293,258,251" oya="2" hai0="32,22,110,118,40,123,83,63,24,13,55,114,85" hai1="20,52,130,54,106,92,70,23,14,74,56,18,88" hai2="64,133,0,122,81,17,53,57,49,87,43,42,131" hai3="7,3,10,101,16,39,105,30,5,60,111,79,113"/><V76/><F122/><W31/><G111/><T29/><D123/><U58/><E106/><V59/><F133/><W128/><G128/><T84/><D114/><U107/><E107/><V73/><F131/><W121/><G121/><T72/><D110/><U91/><E74/><V93/><F0/><W61/><G39/><T120/><D120/><U116/><E70/><V9/><F73/><W80/><G113/><T77/><D118/><U126/><E116/><V8/><F93/><W2/><G101/><T66/><D40/><N who="2" m="15402" /><F17/><W65/><G105/><T108/><D108/><U48/><E130/><V62/><AGARI ba="0,0" hai="8,9,49,53,57,59,62,64,76,81,87" m="15402" machi="62" ten="30,1500,0" yaku="8,1" doraHai="135" who="2" fromWho="2" sc="198,-5,293,-5,258,15,251,-5" /><INIT seed="2,1,0,3,3,55" ten="193,288,273,246" oya="2" hai0="28,26,30,31,58,45,21,119,87,76,64,102,35" hai1="13,125,100,61,6,88,107,110,56,117,92,23,50" hai2="12,90,69,91,104,134,122,68,47,57,74,59,10" hai3="73,67,46,25,40,7,86,52,22,71,112,97,124"/><V44/><F104/><W130/><G73/><T70/><D70/><U33/><E33/><V123/><F74/><W2/><G124/><T82/><D119/><U114/><E114/><V8/><REACH who="2" step="1"/><F12/><REACH who="2" ten="193,288,263,246" step="2"/><W24/><G112/><T39/><D35/><U60/><E107/><V42/><F42/><W75/><G40/><T16/><D102/><U66/><E100/><V11/><F11/><W9/><G9/><T116/><D116/><U105/><E13/><V51/><F51/><W4/><G75/><T3/><D3/><U94/><E50/><V81/><F81/><W37/><G2/><T72/><D72/><U18/><E105/><V103/><F103/><W15/><G15/><T54/><D39/><U127/><E127/><V20/><F20/><W79/><G22/><T63/><D45/><U43/><E23/><V17/><F17/><W29/><G46/><T48/><D48/><U106/><E18/><V85/><F85/><W132/><G86/><T126/><D126/><U62/><E106/><V1/><F1/><W49/><G49/><T120/><D120/><U19/><E43/><V77/><F77/><W113/><G79/><T118/><D118/><U99/><E19/><V108/><F108/><W80/><G80/><T14/><D14/><U111/><E125/><V93/><F93/><W78/><G78/><T41/><D41/><U128/><E117/><V95/><F95/><W98/><G37/><T131/><D131/><U83/><E128/><V129/><F129/><W53/><G130/><T135/><D135/><AGARI ba="1,1" hai="8,10,44,47,57,59,68,69,90,91,122,123,134,135" machi="135" ten="25,12000,1" yaku="1,1,22,2,52,2,53,0" doraHai="55" doraHaiUra="115" who="2" fromWho="0" sc="193,-123,288,0,263,133,246,0" /><INIT seed="2,2,0,0,2,50" ten="70,288,396,246" oya="2" hai0="24,64,46,94,118,122,114,68,131,129,69,53,81" hai1="38,106,113,10,29,27,56,132,79,41,82,11,84" hai2="108,26,1,59,58,87,83,14,72,126,127,128,105" hai3="57,107,120,74,102,85,70,44,61,123,115,37,66"/><V135/><F1/><W73/><G115/><T23/><D122/><U100/><E113/><V90/><F128/><N who="0" m="49226" /><D114/><U12/><E132/><V103/><F135/><W13/><G85/><T80/><D118/><U36/><E106/><V111/><F14/><W63/><G13/><T75/><D94/><U101/><E36/><V86/><F26/><W19/><G19/><N who="0" m="12415" /><D64/><U92/><E92/><V39/><F39/><W4/><G4/><T35/><D35/><U96/><E96/><N who="2" m="61671" /><F72/><W22/><G74/><T31/><D31/><U54/><E38/><V65/><F65/><W40/><G73/><T119/><D119/><U88/><E41/><V34/><F87/><W45/><G107/><T42/><D42/><U78/><E101/><V47/><F34/><W55/><G102/><T0/><D0/><U17/><E100/><V98/><F98/><W93/><G93/><T15/><D15/><U67/><E67/><V62/><F86/><W116/><G116/><T134/><D134/><U9/><E29/><V76/><F83/><N who="0" m="31818" /><D75/><U30/><E30/><V51/><F111/><W49/><REACH who="3" step="1"/><G22/><REACH who="3" ten="70,288,396,236" step="2"/><T109/><D109/><U52/><E12/><V104/><F104/><W130/><G130/><T33/><D33/><U20/><E79/><V2/><F76/><W112/><G112/><T21/><D21/><U18/><E78/><V7/><F2/><W48/><G48/><AGARI ba="2,1" hai="46,48,53,68,69" m="31818,12415,49226" machi="48" ten="30,2000,0" yaku="19,1,52,1" doraHai="50" who="0" fromWho="3" sc="70,36,288,0,396,0,236,-26" /><INIT seed="3,0,0,4,5,42" ten="106,288,396,210" oya="3" hai0="92,26,19,18,112,128,113,45,83,104,99,49,102" hai1="110,115,62,109,36,78,107,63,82,14,93,50,9" hai2="22,6,87,73,23,1,95,13,71,35,135,68,125" hai3="122,69,103,31,86,28,0,81,44,16,130,61,12"/><W57/><G122/><T59/><D59/><U129/><E36/><V53/><F35/><W74/><G0/><T52/><D128/><U10/><E107/><V133/><F73/><W46/><G130/><T48/><D48/><U105/><E105/><V120/><F125/><W121/><G74/><T8/><D83/><U98/><E115/><N who="0" m="44105" /><D8/><U24/><E24/><V88/><F120/><W39/><G69/><T127/><D127/><U64/><E50/><V27/><F1/><W89/><G103/><T70/><D70/><U111/><E9/><V43/><F43/><W41/><G121/><T106/><D26/><U66/><E129/><V84/><F71/><W25/><G25/><T118/><D118/><U56/><E63/><V75/><F75/><W17/><G17/><AGARI ba="0,0" hai="17,18,19,45,49,52,92,99,102,104,106" m="44105" machi="17" ten="30,3900,0" yaku="11,1,52,1,54,1" doraHai="42" who="0" fromWho="3" sc="106,39,288,0,396,0,210,-39" /><INIT seed="4,0,0,4,5,86" ten="145,288,396,171" oya="0" hai0="62,97,128,125,46,4,59,103,21,63,111,61,35" hai1="96,6,56,8,43,115,98,34,49,51,64,119,44" hai2="45,92,14,58,122,91,33,20,54,113,0,11,2" hai3="66,67,106,114,101,23,89,131,107,9,124,39,53"/><T109/><D35/><U40/><E119/><V25/><F122/><W100/><G114/><T117/><D117/><U133/><E133/><V120/><F33/><W60/><G39/><T27/><D128/><U79/><E34/><V72/><F72/><W121/><G124/><T118/><D118/><U47/><E115/><V19/><F45/><W80/><G131/><T31/><D125/><U16/><E79/><V65/><F65/><W110/><G110/><T17/><D4/><U104/><E104/><V116/><F120/><W75/><G121/><T126/><D126/><U15/><E6/><V108/><F108/><N who="0" m="41546" /><D46/><U69/><E69/><V132/><F132/><W112/><G9/><T105/><D17/><U12/><E12/><V18/><F113/><W22/><G75/><T52/><AGARI ba="0,0" hai="21,27,31,52,59,61,62,63,97,103,105" m="41546" machi="52" ten="30,3000,0" yaku="10,1,54,1" doraHai="86" who="0" fromWho="0" sc="145,30,288,-10,396,-10,171,-10" /><INIT seed="4,1,0,0,4,75" ten="175,278,386,161" oya="0" hai0="13,100,135,90,95,67,84,111,55,46,60,35,94" hai1="116,33,83,62,21,123,19,112,18,32,17,51,7" hai2="120,63,16,69,54,93,14,96,24,36,105,73,98" hai3="59,125,85,9,39,132,110,12,104,53,102,74,58"/><T5/><D35/><U72/><E116/><V113/><F120/><W131/><G110/><T41/><D111/><U4/><E123/><V3/><F3/><W29/><G131/><T11/><D135/><U97/><E62/><V76/><F36/><W128/><G128/><T45/><D55/><U109/><E109/><V68/><F24/><W133/><G74/><T66/><D41/><U129/><E129/><V77/><F73/><W15/><G39/><T70/><REACH who="0" step="1"/><D67/><REACH who="0" ten="165,278,386,161" step="2"/><U43/><E43/><V124/><F54/><W57/><G132/><T126/><D126/><U89/><E32/><V40/><F40/><W47/><G125/><T8/><D8/><U42/><E33/><V87/><F124/><W0/><G133/><T56/><D56/><U27/><E42/><V92/><F69/><W88/><G9/><T118/><D118/><U78/><E21/><V101/><F68/><W99/><G53/><T122/><D122/><U10/><E10/><V38/><F38/><W117/><G47/><T48/><D48/><U115/><E51/><V1/><F63/><W30/><G117/><T82/><D82/><U114/><E27/><V130/><F130/><W121/><G121/><T49/><D49/><U71/><E71/><V20/><F20/><W80/><REACH who="3" step="1"/><G0/><REACH who="3" ten="165,278,386,151" step="2"/><T25/><D25/><U52/><E52/><V103/><F1/><W34/><G34/><T37/><D37/><U22/><E22/><V64/><F64/><W106/><G106/><T61/><D61/><U44/><E44/><V79/><F105/><W81/><G81/><T23/><D23/><U65/><E65/><RYUUKYOKU ba="1,2" sc="165,10,278,10,386,-30,151,10" hai0="5,11,13,45,46,60,66,70,84,90,94,95,100" hai1="4,7,17,18,19,72,78,83,89,97,112,114,115" hai3="12,15,29,30,57,58,59,80,85,88,99,102,104" /><INIT seed="4,2,2,0,0,84" ten="175,288,356,161" oya="0" hai0="108,46,6,125,117,100,62,42,104,22,35,16,82" hai1="0,44,4,79,112,33,65,134,20,85,26,15,5" hai2="132,41,75,110,77,105,103,119,76,45,70,55,48" hai3="92,10,106,74,66,23,116,25,115,69,95,19,51"/><T123/><D123/><U34/><E65/><V32/><F110/><W64/><G116/><T102/><D117/><U118/><E118/><V94/><F105/><W89/><G115/><T131/><D35/><U28/><E112/><V91/><F70/><W101/><G74/><T81/><D108/><U3/><E44/><V18/><F103/><W24/><G106/><T21/><D131/><U93/><E79/><V87/><F32/><N who="1" m="12393" /><E93/><V29/><F29/><W59/><G69/><T99/><D125/><U43/><E85/><V72/><F72/><W60/><G10/><T12/><D102/><U14/><E43/><V86/><F75/><W57/><G101/><T97/><D97/><U127/><E134/><V56/><F132/><W135/><G95/><T8/><D62/><U1/><E127/><V96/><F119/><W40/><G135/><T17/><D17/><U27/><E27/><V130/><F18/><W90/><G92/><T83/><REACH who="0" step="1"/><D6/><AGARI ba="2,2" hai="0,1,3,4,5,6,14,15,20,26,28" m="12393" machi="6" ten="40,8000,1" yaku="35,5" doraHai="84" who="1" fromWho="0" sc="175,-86,288,106,356,0,161,0" /><INIT seed="5,0,0,3,5,42" ten="89,394,356,161" oya="1" hai0="106,11,75,116,113,68,85,134,123,129,96,122,55" hai1="120,77,57,62,49,119,46,19,1,6,108,102,26" hai2="87,39,98,27,16,37,7,93,24,23,61,86,54" hai3="47,115,90,65,15,80,21,28,128,99,31,82,13"/><U35/><E119/><V3/><F39/><W126/><G115/><T67/><D67/><U45/><E120/><V97/><F37/><W14/><G126/><T44/><D96/><U48/><E108/><V53/><F3/><W130/><G65/><T59/><D85/><U2/><E102/><V34/><F7/><W89/><G21/><T60/><D11/><U17/><E77/><V32/><F61/><W33/><G33/><T110/><D106/><U29/><E1/><V81/><F93/><W63/><G63/><T103/><D103/><U127/><E127/><V118/><F23/><W109/><G99/><T64/><D75/><U4/><E2/><V10/><F10/><W91/><G47/><N who="1" m="17930" /><E35/><V124/><F124/><W88/><N who="3" m="22528" /><DORA hai="30" /><W94/><G94/><T9/><D110/><U114/><E29/><N who="3" m="11338" /><G109/><T8/><D116/><U105/><E105/><V41/><F118/><W56/><G56/><T79/><D122/><U71/><E114/><V135/><F32/><W43/><G43/><T104/><D113/><U73/><E73/><V5/><F41/><W101/><G101/><T40/><D123/><U72/><E72/><V95/><F34/><W69/><G69/><T0/><D104/><U78/><E71/><V18/><F95/><W132/><G132/><T51/><D68/><U22/><E78/><V74/><F74/><W50/><G50/><N who="1" m="19562" /><E17/><V121/><F121/><W125/><G125/><T100/><D79/><U112/><E112/><V84/><F18/><W111/><G111/><T36/><D36/><U92/><E92/><V131/><F16/><W117/><G117/><RYUUKYOKU ba="0,0" sc="89,-15,394,15,356,-15,161,15" hai1="4,6,19,22,26,57,62" hai3="13,14,15,80,82,128,130" /><INIT seed="5,1,0,5,3,47" ten="74,409,341,176" oya="1" hai0="100,91,90,130,10,15,33,1,70,107,117,77,129" hai1="67,87,4,134,99,6,124,7,14,19,35,8,105" hai2="84,48,58,115,108,93,112,81,111,113,59,89,11" hai3="17,52,101,53,76,132,39,64,106,121,86,109,74"/><U72/><E72/><V133/><F133/><W27/><G109/><T96/><D70/><U9/><E35/><V60/><F11/><W43/><G121/><T36/><D36/><U34/><E34/><V28/><F28/><W23/><G132/><T38/><D38/><U104/><E134/><V56/><F60/><W83/><G64/><T88/><D33/><U71/><E124/><V92/><REACH who="2" step="1"/><F48/><REACH who="2" ten="74,409,331,176" step="2"/><W94/><G39/><T37/><D37/><U32/><E8/><V103/><F103/><W66/><G101/><T68/><D68/><U40/><E9/><V69/><F69/><W25/><G66/><T79/><D1/><U54/><E67/><V61/><F61/><W57/><G53/><T44/><D44/><U30/><E54/><V13/><F13/><W80/><G52/><T127/><D127/><U118/><E14/><V51/><F51/><W116/><G43/><T128/><REACH who="0" step="1"/><D117/><REACH who="0" ten="64,409,331,176" step="2"/><U82/><E118/><V135/><F135/><W50/><G116/><T119/><D119/><U2/><E71/><V75/><F75/><W114/><G74/><T97/><D97/><U78/><E99/><V120/><F120/><W12/><G86/><T95/><D95/><AGARI ba="1,2" hai="56,58,59,81,84,89,92,93,95,108,111,112,113,115" machi="95" ten="50,6400,0" yaku="1,1,15,1,11,1,53,0" doraHai="47" doraHaiUra="73" who="2" fromWho="0" sc="64,-67,409,0,331,87,176,0" owari="-3,-50.0,409,21.0,418,51.0,176,-22.0" /></mjloggm>