<mjloggm ver="2.3"><GO type="169" lobby="0"/><UN n0="%49%53%53%4F%4E%34" n1="%E6%A3%AE%E3%82%AB%E3%83%95%E3%82%A7%EF%BC%88%E6%B0%B4%E8%89%B2%EF%BC%89" n2="%E5%B0%8F%E6%B1%A0%E5%BE%B9%E5%B9%B3" n3="%4E%4F%42%55%53%48%49" dan="16,16,18,17" rate="2093.27,2099.01,2199.26,2160.56" sx="M,F,M,M"/><TAIKYOKU oya="0"/><INIT seed="0,0,0,4,4,51" ten="250,250,250,250" oya="0" hai0="108,21,74,6,26,124,33,105,2,72,36,97,39" hai1="69,135,131,86,60,32,132,25,96,27,93,11,107" hai2="111,127,67,5,103,54,43,50,71,83,118,63,81" hai3="1,15,95,88,29,80,40,37,9,18,42,126,55"/><T76/><D76/><U82/><E131/><V12/><F111/><W30/><G1/><T85/><D85/><U104/><E11/><V53/><F127/><W84/><G126/><T99/><D124/><U89/><E25/><V125/><F125/><W8/><G8/><N who="0" m="2135" /><D99/><U65/><E107/><V45/><F118/><W122/><G122/><T64/><D64/><U66/><E66/><V113/><F113/><W10/><G10/><T128/><D21/><U44/><E44/><V34/><F34/><W90/><G55/><T17/><D17/><U73/><E73/><N who="0" m="28265" /><D128/><U61/><E61/><V79/><F5/><W7/><G7/><T20/><D20/><U48/><E48/><V13/><F103/><W3/><G3/><T91/><D91/><U114/><E114/><V70/><F70/><W98/><G37/><T123/><D123/><U110/><E104/><V116/><F116/><W4/><REACH who="3" step="1"/><G18/><REACH who="3" ten="250,250,250,240" step="2"/><T59/><D39/><U92/><E65/><V41/><F53/><W52/><G52/><T28/><D36/><U23/><E69/><V130/><F130/><W35/><G35/><T77/><D59/><U16/><E16/><V46/><F54/><W22/><G22/><T87/><D33/><U24/><E23/><V109/><F50/><W47/><G47/><T68/><D68/><U100/><E32/><V57/><F71/><W0/><G0/><T119/><D28/><AGARI ba="0,1" hai="4,9,15,28,29,30,40,42,80,84,88,90,95,98" machi="28" ten="40,5200,0" yaku="1,1,8,1,54,1,53,0" doraHai="51" doraHaiUra="121" who="3" fromWho="0" sc="250,-52,250,0,250,0,240,62" /><INIT seed="1,0,0,3,0,129" ten="198,250,250,302" oya="1" hai0="29,20,44,69,54,117,72,23,102,119,61,132,1" hai1="88,5,24,42,36,7,25,98,27,89,133,79,106" hai2="126,4,71,15,91,17,125,115,51,0,32,101,92" hai3="43,48,45,95,118,55,93,62,105,83,77,134,21"/><U90/><E133/><V81/><F71/><W53/><G105/><T49/><D72/><U26/><N who="1" m="6656" /><DORA hai="68" /><U39/><E79/><V66/><F32/><W112/><G21/><T120/><D1/><U11/><E42/><V80/><F66/><W14/><G112/><T46/><D29/><U97/><E106/><V8/><F51/><W70/><G70/><T87/><D102/><U107/><E107/><V121/><F121/><W52/><G118/><T38/><D120/><U16/><E16/><V19/><F101/><W114/><G114/><T3/><D3/><U40/><E40/><V96/><F115/><W57/><G14/><T78/><D38/><N who="1" m="14379" /><E11/><N who="2" m="6399" /><F19/><W31/><G134/><T13/><D132/><U64/><E64/><V34/><F34/><W60/><G31/><T56/><D69/><U103/><E103/><V47/><F47/><W84/><G62/><T122/><D122/><U109/><E109/><V67/><F67/><AGARI ba="0,0" hai="43,45,48,52,53,55,57,60,67,77,83,84,93,95" machi="67" ten="40,2600,0" yaku="8,1,54,1" doraHai="129,68" who="3" fromWho="2" sc="198,0,250,0,250,-26,302,26" /><INIT seed="2,0,0,1,2,72" ten="198,250,224,328" oya="2" hai0="12,79,20,4,46,121,59,89,66,93,114,34,120" hai1="94,14,81,102,18,105,9,124,96,53,8,35,5" hai2="110,10,41,130,15,11,134,88,125,60,45,71,36" hai3="86,101,80,68,31,92,17,85,32,117,22,109,99"/><V131/><F125/><W6/><G68/><T106/><D34/><U129/><E35/><V98/><F134/><W90/><G117/><T29/><D106/><U26/><E124/><V91/><F110/><W83/><G109/><T108/><D108/><U48/><E129/><N who="2" m="49163" /><F98/><W2/><G2/><T77/><D114/><U23/><E105/><V127/><F127/><W67/><G6/><T103/><D103/><U21/><E81/><V69/><F10/><W118/><G118/><T27/><D121/><U70/><E70/><N who="2" m="26635" /><F60/><W95/><G67/><T61/><D120/><U24/><E24/><V38/><F36/><W84/><G31/><T87/><D46/><U115/><E115/><V0/><F0/><W42/><G32/><T62/><D61/><U49/><E49/><V82/><F82/><N who="3" m="31275" /><G42/><T113/><D113/><U37/><E37/><V52/><F52/><W126/><G126/><T97/><D97/><U43/><E43/><V112/><F112/><W65/><G65/><T54/><D66/><U55/><E55/><V135/><F135/><W56/><G56/><T40/><D40/><U39/><E39/><V73/><F73/><W74/><G74/><T107/><D107/><U1/><E1/><V7/><AGARI ba="0,0" hai="7,11,15,38,41,45,88,91" m="26635,49163" machi="7" ten="30,3000,0" yaku="19,1,54,1" doraHai="72" who="2" fromWho="2" sc="198,-10,250,-10,224,30,328,-10" /><INIT seed="2,1,0,2,2,90" ten="188,240,254,318" oya="2" hai0="58,18,74,56,86,76,39,134,98,115,120,108,123" hai1="16,47,8,73,43,72,63,2,53,82,55,83,25" hai2="17,130,70,125,68,104,94,19,20,75,131,124,133" hai3="49,7,121,44,54,3,135,99,31,57,5,32,126"/><V89/><F104/><W4/><G121/><T37/><D74/><U66/><E83/><V10/><F75/><W91/><G135/><T34/><D34/><U9/><E9/><V106/><F106/><W42/><G126/><N who="2" m="48745" /><F10/><W21/><G32/><T59/><D76/><U0/><E0/><V30/><F30/><W36/><G3/><T78/><D78/><U15/><E2/><V61/><F133/><W29/><G21/><T45/><D86/><U112/><E112/><V65/><F70/><W81/><G81/><T105/><D18/><N who="2" m="6666" /><F20/><W84/><G84/><AGARI ba="1,0" hai="61,65,68,84,89,94,130,131" m="6666,48745" machi="84" ten="30,2900,0" yaku="18,1,52,1" doraHai="90" who="2" fromWho="3" sc="188,0,240,0,254,32,318,-32" /><INIT seed="2,2,0,2,0,49" ten="188,240,286,286" oya="2" hai0="90,128,8,123,33,6,119,77,84,15,24,3,116" hai1="54,102,125,85,65,10,121,106,81,31,94,42,0" hai2="99,26,96,40,79,104,103,131,109,64,122,124,93" hai3="95,35,58,53,135,38,74,92,47,126,111,34,46"/><V36/><F122/><W75/><G126/><T112/><D77/><U73/><E65/><V88/><F124/><W59/><G38/><T61/><D123/><U17/><E42/><V18/><F131/><W22/><G22/><T134/><D128/><U98/><E31/><V129/><F129/><W28/><G28/><T51/><D33/><U101/><E101/><V127/><F127/><W120/><G120/><T14/><D112/><U86/><E86/><V97/><F79/><W5/><G5/><T87/><D24/><U69/><E69/><V7/><F7/><W2/><G2/><T130/><D130/><U105/><E105/><V67/><F97/><W39/><G39/><T16/><D3/><U29/><E29/><V20/><REACH who="2" step="1"/><F109/><REACH who="2" ten="188,240,276,286" step="2"/><W43/><G111/><T118/><D134/><U100/><E98/><V45/><AGARI ba="2,1" hai="18,20,26,36,40,45,64,67,88,93,96,99,103,104" machi="45" ten="30,11700,0" yaku="1,1,2,1,0,1,54,1,53,0" doraHai="49" doraHaiUra="113" who="2" fromWho="2" sc="188,-41,240,-41,276,133,286,-41" /><INIT seed="2,3,0,0,2,37" ten="147,199,409,245" oya="2" hai0="103,5,54,129,30,32,116,28,71,115,133,76,48" hai1="84,104,118,66,57,113,124,35,74,82,132,75,119" hai2="6,46,102,77,87,107,60,95,13,111,10,105,24" hai3="15,61,16,31,70,1,67,106,130,23,8,93,51"/><V99/><F111/><W14/><G106/><T108/><D5/><U44/><E35/><V58/><F24/><W135/><G135/><T126/><D76/><U33/><E33/><V45/><F105/><W109/><G109/><T122/><D103/><U101/><E57/><V65/><REACH who="2" step="1"/><F107/><REACH who="2" ten="147,199,399,245" step="2"/><W69/><G130/><T121/><D121/><U64/><E104/><V55/><F55/><W78/><G31/><T131/><D122/><U19/><E132/><V72/><F72/><W89/><G67/><T127/><D133/><U125/><E66/><V114/><F114/><W12/><G70/><T134/><D134/><U22/><E74/><V112/><F112/><W96/><G69/><T49/><D71/><U97/><E75/><V17/><F17/><W38/><G16/><T80/><D108/><U62/><E19/><V20/><F20/><W63/><G23/><T29/><D32/><U18/><E18/><V36/><F36/><W73/><G38/><T7/><D115/><U91/><E22/><V27/><F27/><W0/><G73/><T2/><D54/><U25/><E25/><V50/><F50/><W120/><G51/><T81/><D30/><U88/><E113/><V94/><F94/><W47/><G93/><T83/><D49/><U92/><E92/><V21/><F21/><W90/><G120/><T3/><D48/><U39/><E39/><V68/><F68/><W56/><G56/><T110/><D110/><U34/><E34/><V85/><F85/><W11/><G63/><T43/><D29/><U41/><E64/><V9/><F9/><W98/><G61/><RYUUKYOKU ba="3,1" sc="147,-10,199,-10,399,30,245,-10" hai2="6,10,13,45,46,58,60,65,77,87,95,99,102" /><INIT seed="2,4,1,4,4,119" ten="137,189,429,235" oya="2" hai0="32,111,97,57,26,43,103,23,117,5,38,89,107" hai1="86,3,88,47,37,72,114,100,41,48,40,39,124" hai2="96,82,110,46,84,129,90,101,28,122,12,115,58" hai3="120,83,65,50,61,45,75,30,135,118,20,13,19"/><V16/><F115/><W35/><G118/><T7/><D117/><U17/><E114/><V68/><F68/><W27/><G135/><T0/><D32/><U18/><E3/><V54/><F129/><W128/><G128/><T102/><D102/><U108/><E72/><V53/><F28/><W64/><G120/><T105/><D105/><U11/><E108/><V87/><F110/><W15/><G15/><T133/><D111/><U52/><E100/><V22/><F122/><W93/><G93/><T123/><D123/><U132/><E132/><V1/><F1/><W55/><REACH who="3" step="1"/><G61/><REACH who="3" ten="137,189,429,225" step="2"/><T67/><D133/><U42/><E124/><V34/><F12/><W81/><G81/><T104/><D0/><U4/><E39/><V77/><F82/><W56/><G56/><T6/><D107/><U121/><E37/><V10/><F58/><W2/><G2/><T98/><D57/><U94/><E121/><V112/><F112/><W74/><G74/><T71/><D38/><U99/><E94/><V66/><F46/><W92/><G92/><T85/><D104/><U78/><E47/><V109/><F109/><W134/><G134/><T21/><D71/><U127/><E127/><V49/><F49/><W33/><G33/><T36/><D36/><U69/><E48/><V73/><F34/><W9/><G9/><T125/><D125/><U62/><E11/><V80/><F10/><W24/><G24/><T60/><D60/><U8/><E8/><V113/><F113/><W70/><G70/><T106/><D106/><U44/><E69/><V116/><F116/><W25/><G25/><RYUUKYOKU ba="4,2" sc="137,-10,189,-10,429,-10,225,30" hai3="13,19,20,27,30,35,45,50,55,64,65,75,83" /><INIT seed="3,5,2,4,3,131" ten="127,179,419,255" oya="3" hai0="83,68,39,31,69,32,100,19,82,70,55,124,51" hai1="15,40,105,26,12,67,104,50,3,33,1,119,2" hai2="58,29,134,96,93,74,94,95,34,61,41,54,8" hai3="37,65,85,88,27,92,99,6,120,125,89,98,9"/><W118/><G37/><T44/><D39/><U4/><E119/><V24/><F134/><W17/><G118/><T128/><D100/><U72/><E72/><V122/><F122/><W23/><G120/><T11/><D32/><U36/><E50/><V117/><F117/><W80/><G125/><T91/><D124/><U47/><E4/><V57/><F74/><W102/><G65/><T64/><D31/><U5/><E5/><V42/><F96/><W77/><REACH who="3" step="1"/><G99/><REACH who="3" ten="127,179,419,245" step="2"/><T130/><D64/><U56/><E67/><V123/><F123/><W20/><G20/><T116/><D116/><U115/><E36/><V28/><F34/><W71/><G71/><T22/><D11/><U111/><E33/><V18/><F8/><W103/><G103/><T112/><D112/><U79/><E115/><V16/><F58/><W90/><G90/><T121/><D121/><U101/><E56/><V53/><F57/><W25/><G25/><N who="0" m="14559" /><D91/><U132/><E26/><V75/><F24/><W113/><G113/><T63/><D63/><U78/><E101/><V35/><F61/><W84/><G84/><T0/><D70/><U62/><E62/><V21/><F75/><W10/><G10/><T13/><D69/><U107/><E79/><V110/><F21/><W66/><G66/><T97/><D68/><U38/><E78/><V126/><F126/><W86/><G86/><T30/><D97/><U46/><E38/><V59/><F35/><W76/><G76/><T7/><D130/><U106/><E106/><V49/><F59/><W81/><G81/><T45/><D128/><U14/><E107/><RYUUKYOKU ba="5,3" sc="127,-10,179,-10,419,-10,245,30" hai3="6,9,17,23,27,77,80,85,88,89,92,98,102" /><INIT seed="3,6,3,2,5,53" ten="117,169,409,275" oya="3" hai0="30,114,78,37,35,42,89,11,88,60,111,124,19" hai1="51,41,135,97,25,55,98,93,56,126,49,58,106" hai2="99,8,14,70,63,46,22,24,76,86,91,77,112" hai3="2,34,119,39,28,83,128,62,13,101,64,103,67"/><W57/><G2/><T21/><D11/><U27/><E126/><V4/><F112/><W48/><G39/><T115/><D124/><U18/><E135/><V120/><F120/><W117/><G34/><T5/><D5/><U125/><E125/><V116/><F116/><W50/><G28/><T1/><D1/><U71/><E71/><V129/><F129/><W69/><G13/><T12/><D78/><U131/><E131/><V45/><F99/><N who="1" m="37897" /><E106/><V20/><F70/><W82/><G128/><T81/><D81/><U73/><E73/><V52/><F22/><W108/><G69/><T26/><D60/><N who="1" m="35871" /><E93/><N who="2" m="54519" /><F46/><W38/><G38/><T6/><D6/><U75/><E75/><V122/><F122/><W130/><G130/><T123/><D123/><U68/><E68/><V80/><F80/><W102/><G102/><T92/><D111/><U110/><E110/><V3/><F3/><W16/><G108/><T94/><D94/><U74/><E74/><V66/><F66/><W100/><G67/><T9/><D35/><U40/><E49/><N who="3" m="19050" /><G119/><T105/><D105/><U79/><E79/><V85/><F45/><W104/><G104/><T17/><D37/><U95/><E95/><V61/><F77/><W31/><G117/><T113/><D92/><U72/><E72/><V33/><F33/><W47/><G47/><T65/><D65/><U59/><E40/><V7/><F76/><W36/><G36/><T87/><D42/><U134/><E41/><V127/><F127/><W90/><G90/><N who="0" m="34923" /><D30/><U15/><E134/><V109/><F109/><W0/><G31/><T118/><D118/><RYUUKYOKU ba="6,3" sc="117,30,169,-10,409,-10,275,-10" hai0="9,12,17,19,21,26,87,113,114,115" /><INIT seed="4,7,3,2,4,71" ten="147,159,399,265" oya="0" hai0="10,49,86,15,27,69,26,84,16,131,56,61,48" hai1="100,17,63,11,52,117,113,93,94,132,9,77,5" hai2="73,75,74,130,1,25,105,42,108,111,97,118,0" hai3="30,4,88,50,95,21,67,54,59,24,106,76,112"/><T116/><D116/><U13/><E117/><V64/><F118/><W41/><G106/><T87/><D69/><U55/><E132/><V44/><F64/><W33/><G112/><T89/><D89/><U68/><E113/><V65/><F65/><W47/><G67/><N who="0" m="39335" /><D131/><U70/><E70/><V122/><F122/><W81/><G4/><T80/><D80/><U6/><E17/><V28/><F130/><W103/><G103/><T57/><D57/><U51/><E68/><V98/><F98/><W14/><G14/><T115/><D115/><U129/><E129/><V91/><F91/><W102/><G102/><T66/><D66/><U3/><E63/><V101/><F111/><W22/><G81/><T82/><D82/><U37/><E37/><N who="2" m="21583" /><F108/><W31/><G76/><T60/><D60/><U104/><E77/><V62/><F62/><W43/><G43/><T79/><D79/><U72/><E72/><V40/><F40/><W135/><G135/><T99/><D99/><U128/><E128/><V92/><F92/><W58/><G58/><T83/><D83/><U85/><E85/><V119/><F119/><W34/><G59/><T39/><D39/><U18/><E55/><V109/><F109/><W46/><G54/><T133/><D133/><U23/><E104/><V7/><F7/><W110/><G110/><T123/><D123/><U125/><E100/><V36/><F36/><W107/><G107/><T120/><D120/><U32/><E6/><V2/><F74/><W38/><G38/><T124/><D124/><U19/><E125/><V8/><F8/><W121/><G121/><RYUUKYOKU ba="7,3" sc="147,15,159,-15,399,15,265,-15" hai0="10,15,16,26,27,48,49,84,86,87" hai2="0,1,2,25,28,73,75,97,101,105" /><INIT seed="4,8,3,5,1,37" ten="162,144,414,250" oya="0" hai0="120,64,123,68,0,39,55,104,65,91,14,129,54" hai1="24,47,100,71,29,69,82,51,108,13,28,27,84" hai2="2,57,80,8,26,118,99,93,23,59,25,86,87" hai3="5,102,135,53,119,79,41,21,111,48,134,98,66"/><T10/><D0/><U130/><E108/><V116/><F8/><W124/><G111/><T97/><D39/><U3/><E3/><V67/><F2/><W125/><G119/><N who="2" m="45609" /><F67/><W121/><G121/><T105/><D68/><U31/><E130/><V16/><F26/><W126/><G5/><T114/><D91/><N who="1" m="51607" /><E71/><V35/><F35/><W94/><G66/><T22/><D22/><U70/><E69/><V33/><F33/><W52/><G79/><T1/><D1/><U85/><E70/><V106/><F106/><W50/><G21/><T11/><D129/><U38/><E38/><V32/><F32/><W115/><G115/><T127/><D114/><U113/><E113/><V45/><F45/><N who="3" m="25647" /><G53/><T132/><D97/><U9/><E85/><N who="2" m="32267" /><F80/><W110/><G110/><T17/><D17/><N who="1" m="8367" /><E100/><AGARI ba="8,3" hai="16,23,25,57,59,93,99,100" m="32267,45609" machi="100" ten="30,2000,0" yaku="12,1,54,1" doraHai="37" who="2" fromWho="1" sc="162,0,144,-44,414,74,250,0" /><INIT seed="5,0,0,1,2,112" ten="162,100,488,250" oya="1" hai0="130,127,57,45,50,119,88,17,34,66,133,106,2" hai1="51,79,77,4,114,121,74,29,41,99,5,20,115" hai2="118,124,92,111,67,97,3,102,23,8,30,73,32" hai3="43,135,53,113,84,64,33,109,49,40,83,44,14"/><U62/><E121/><V98/><F118/><W126/><G33/><T22/><D34/><U35/><E35/><V25/><F111/><W117/><G109/><T48/><D2/><U122/><E122/><V131/><F73/><W80/><G113/><N who="1" m="43018" /><E62/><V86/><F131/><W94/><G117/><T7/><D106/><U70/><E70/><V128/><F128/><W96/><G135/><T52/><D130/><U47/><E99/><V82/><F124/><W12/><G64/><T134/><D127/><U105/><E105/><V55/><F67/><W87/><G126/><T123/><D123/><U0/><E74/><V100/><F55/><W61/><G61/><T129/><D129/><U10/><E5/><V110/><F110/><W6/><G6/><T85/><D7/><U75/><E75/><V56/><F56/><W63/><G63/><T26/><D119/><U46/><E47/><V71/><F71/><W65/><G65/><T38/><D38/><U72/><E72/><V81/><F32/><W125/><G125/><T1/><D1/><U132/><E132/><V27/><F3/><W89/><G43/><T59/><D66/><U16/><E29/><V19/><F98/><W58/><G58/><T42/><REACH who="0" step="1"/><D59/><REACH who="0" ten="152,100,488,250" step="2"/><U37/><E37/><V78/><F102/><N who="3" m="60695" /><G40/><T54/><D54/><U104/><E104/><V36/><F36/><W107/><G107/><T91/><D91/><AGARI ba="0,1" hai="12,14,44,49,53,80,83,84,87,89,91" m="60695" machi="91" ten="30,1000,0" yaku="8,1" doraHai="112" who="3" fromWho="0" sc="152,-10,100,0,488,0,250,20" /><INIT seed="6,0,0,1,5,67" ten="142,100,488,270" oya="2" hai0="133,42,26,13,88,39,16,17,93,35,22,33,66" hai1="62,64,92,130,117,108,58,126,55,25,78,73,94" hai2="84,86,83,1,87,75,57,9,19,3,34,59,132" hai3="0,10,37,51,70,76,100,56,61,107,69,29,18"/><V7/><F34/><W4/><G37/><T112/><D39/><U77/><E108/><V114/><F3/><W54/><G76/><T15/><D42/><U116/><E126/><V80/><F114/><W46/><G29/><T11/><D112/><U14/><E130/><V129/><F129/><W23/><G100/><T47/><D47/><U124/><E124/><V99/><F132/><W31/><G31/><T95/><D133/><U128/><E128/><V71/><F71/><W60/><G107/><T21/><D66/><U48/><E94/><V104/><F19/><W68/><REACH who="3" step="1"/><G46/><REACH who="3" ten="142,100,488,260" step="2"/><T102/><D102/><U38/><E38/><V123/><F104/><W40/><G40/><T6/><REACH who="0" step="1"/><D95/><REACH who="0" ten="132,100,488,260" step="2"/><U113/><E92/><V105/><F105/><W49/><G49/><T2/><D2/><U41/><E48/><V81/><F1/><W115/><G115/><T28/><D28/><U20/><E41/><V32/><F83/><W89/><G89/><T65/><D65/><U120/><E64/><V101/><F81/><W43/><G43/><T53/><D53/><U24/><E55/><V127/><F80/><W125/><G125/><T109/><D109/><U106/><E106/><V52/><F127/><W44/><G44/><T135/><D135/><U85/><E113/><V8/><F101/><W45/><G45/><T79/><D79/><U72/><E77/><V111/><F111/><W50/><G50/><T96/><AGARI ba="0,2" hai="6,11,13,15,16,17,21,22,26,33,35,88,93,96" machi="96" ten="20,8000,1" yaku="1,1,0,1,7,1,54,2,53,0" doraHai="67" doraHaiUra="98" who="0" fromWho="0" sc="132,100,100,-20,488,-40,260,-20" /><INIT seed="7,0,0,3,1,108" ten="232,80,448,240" oya="3" hai0="13,3,69,46,26,131,71,14,23,70,61,55,62" hai1="93,132,92,52,2,77,79,29,129,49,67,39,101" hai2="123,64,103,102,68,50,78,40,105,36,27,134,18" hai3="65,35,118,21,37,75,81,113,57,48,90,22,84"/><W20/><G118/><T16/><D3/><U56/><E2/><V97/><F36/><W121/><G35/><T130/><D46/><U89/><E129/><N who="0" m="49161" /><D55/><U120/><E120/><V53/><F40/><W125/><G75/><T19/><D26/><U128/><E128/><V58/><F123/><W8/><G8/><AGARI ba="0,0" hai="8,13,14,16,19,23,61,62,69,70,71" m="49161" machi="8" ten="40,2600,0" yaku="19,1,54,1" doraHai="108" who="0" fromWho="3" sc="232,26,80,0,448,0,240,-26" owari="258,6.0,80,-42.0,448,55.0,214,-19.0" /></mjloggm>