<mjloggm ver="2.3"><GO type="169" lobby="0"/><UN n0="%E3%81%8D%E3%81%A3%E3%81%8F%E3%82%93" n1="%E3%82%8A%E3%81%A8%E3%82%8B%E3%80%82%E3%80%82" n2="%63%6F%76%61%79%61%2B%2B" n3="%E3%81%BA%E3%82%8A%E3%81%8B%E3%82%93" dan="17,16,16,17" rate="2181.99,2115.11,2165.23,2189.28" sx="M,M,M,F"/><TAIKYOKU oya="0"/><INIT seed="0,0,0,4,1,71" ten="250,250,250,250" oya="0" hai0="86,134,82,113,74,8,2,88,115,11,0,9,48" hai1="57,33,80,78,19,65,125,102,99,84,129,6,44" hai2="118,27,90,93,94,95,32,36,55,107,17,70,29" hai3="73,77,67,100,119,85,112,63,46,30,106,13,60"/><T133/><D74/><U45/><E33/><V135/><F107/><W24/><G112/><N who="0" m="43083" /><D48/><U76/><E76/><V1/><F1/><W131/><G119/><T97/><D97/><U58/><E6/><V20/><F70/><W31/><G73/><T34/><D34/><U42/><E65/><V116/><F135/><AGARI ba="0,0" hai="0,2,8,9,11,82,86,88,133,134,135" m="43083" machi="135" ten="40,3900,0" yaku="20,1,54,1" doraHai="71" who="0" fromWho="2" sc="250,39,250,0,250,-39,250,0" /><INIT seed="0,1,0,1,2,23" ten="289,250,211,250" oya="0" hai0="17,26,88,79,11,65,15,5,100,38,60,4,108" hai1="97,106,74,133,36,0,69,104,81,66,24,101,67" hai2="96,37,63,134,132,110,70,20,54,125,48,83,107" hai3="27,130,73,128,113,129,62,10,71,76,77,51,13"/><T22/><D38/><U19/><E0/><V105/><F37/><W52/><G113/><T94/><D100/><U21/><E133/><N who="2" m="51307" /><F110/><W47/><G73/><T42/><D42/><U120/><E120/><V43/><F43/><W61/><G27/><T126/><D79/><U92/><E36/><V85/><F96/><W99/><G99/><T12/><D126/><U45/><E45/><N who="2" m="27919" /><F125/><W98/><G98/><N who="0" m="57671" /><D108/><U25/><E69/><V103/><F103/><W114/><G114/><T39/><D39/><U116/><E116/><V102/><F102/><W33/><G33/><T80/><D80/><U35/><E81/><V29/><F70/><W9/><G71/><T28/><D15/><U53/><E74/><V32/><F32/><W78/><REACH who="3" step="1"/><G10/><REACH who="3" ten="289,250,211,240" step="2"/><T55/><D65/><U6/><E67/><V56/><F29/><W44/><G44/><T115/><D115/><U18/><E66/><N who="2" m="39271" /><F20/><W14/><G14/><T86/><D86/><U123/><E21/><V91/><AGARI ba="1,1" hai="83,85,91,105,107" m="39271,27919,51307" machi="91" ten="30,1100,0" yaku="20,1" doraHai="23" who="2" fromWho="2" sc="289,-6,250,-4,211,24,240,-4" /><INIT seed="1,0,0,2,1,40" ten="283,246,235,236" oya="1" hai0="76,135,59,12,126,36,78,9,132,123,105,67,74" hai1="89,108,60,102,61,10,111,130,23,16,80,55,27" hai2="39,8,6,116,101,48,45,33,54,83,112,109,41" hai3="44,122,4,31,69,124,94,19,114,110,26,57,98"/><U53/><E130/><V96/><F109/><N who="1" m="42057" /><E102/><V47/><F112/><W5/><G69/><T43/><D105/><U113/><E113/><V75/><F116/><W115/><G19/><T7/><D123/><U71/><E10/><V79/><F33/><W81/><G124/><T92/><D126/><U51/><E71/><V93/><F8/><W29/><G29/><T119/><D119/><U63/><E51/><V120/><F6/><W34/><G57/><T22/><D22/><U99/><E99/><V42/><REACH who="2" step="1"/><F41/><REACH who="2" ten="283,246,225,236" step="2"/><W11/><G110/><T131/><D43/><U21/><E21/><V66/><F66/><W62/><G115/><T117/><D67/><U107/><E107/><V58/><F58/><W46/><G114/><T49/><D59/><U97/><E97/><V84/><F84/><AGARI ba="0,1" hai="16,23,27,53,55,60,61,63,80,84,89" m="42057" machi="84" ten="30,5800,0" yaku="14,1,10,1,54,1" doraHai="40" who="1" fromWho="2" sc="283,0,246,68,225,-58,236,0" /><INIT seed="1,1,0,2,4,13" ten="283,314,167,236" oya="1" hai0="8,16,23,54,106,84,28,99,132,122,56,105,31" hai1="57,20,51,1,62,46,117,14,76,89,100,19,129" hai2="61,124,26,67,86,40,110,58,18,85,98,96,87" hai3="52,95,123,41,91,11,134,71,111,94,68,78,9"/><U109/><E117/><V49/><F110/><W63/><G123/><T81/><D132/><U82/><E1/><V128/><F128/><W116/><G111/><T33/><D8/><U113/><E109/><V72/><F72/><W65/><G68/><T112/><D112/><U37/><E129/><V77/><F77/><W126/><G41/><T6/><D6/><U131/><E131/><V70/><F124/><W73/><G126/><T115/><D115/><U5/><E37/><V118/><F118/><W120/><G120/><T64/><D64/><U93/><E5/><V24/><F24/><W25/><G95/><T32/><D122/><U135/><E100/><V38/><F38/><W43/><G43/><T48/><D99/><U107/><E107/><V88/><F70/><W44/><G134/><T108/><D108/><U36/><E36/><V55/><F40/><W121/><G121/><T21/><D21/><U69/><E69/><V80/><F98/><W104/><G104/><T27/><D31/><U4/><E4/><V60/><F96/><W35/><G116/><T66/><D66/><U83/><E76/><V2/><F2/><W130/><G65/><T53/><D53/><N who="1" m="29943" /><E135/><V119/><F119/><W102/><G71/><T101/><D101/><U97/><E113/><V127/><F127/><W79/><G102/><T50/><D33/><U39/><E39/><V47/><REACH who="2" step="1"/><F61/><REACH who="2" ten="283,314,157,236" step="2"/><W59/><G130/><T90/><D50/><U3/><E3/><V42/><F42/><W22/><G63/><T114/><D114/><U125/><E125/><V0/><F0/><W34/><G73/><RYUUKYOKU ba="1,1" sc="283,10,314,10,157,10,236,-30" hai0="16,23,27,28,32,48,54,56,81,84,90,105,106" hai1="14,19,20,57,62,82,83,89,93,97" hai2="18,26,47,49,55,58,60,67,80,85,86,87,88" /><INIT seed="1,2,1,2,1,34" ten="293,324,167,206" oya="1" hai0="25,116,95,106,118,13,11,82,36,87,99,0,126" hai1="49,5,84,53,27,121,62,89,28,41,98,6,14" hai2="54,8,52,80,111,57,133,69,26,105,55,135,132" hai3="114,51,127,117,35,107,22,92,101,103,48,46,100"/><U37/><E121/><V130/><F105/><W30/><G114/><T42/><D106/><U109/><E109/><V102/><F102/><W63/><G35/><T113/><D113/><U50/><E37/><V43/><F111/><W47/><G107/><T71/><D71/><U104/><E62/><V24/><F69/><W65/><G127/><T134/><D134/><U7/><E41/><V61/><F130/><W93/><G117/><T90/><D25/><N who="2" m="9834" /><F43/><N who="3" m="24671" /><G22/><T78/><D126/><U3/><E3/><V16/><F80/><W115/><G30/><T58/><D58/><U72/><E72/><V120/><F120/><W122/><G115/><T110/><D110/><U96/><E14/><AGARI ba="2,1" hai="8,14,16,52,54,55,57,61,132,133,135" m="9834" machi="14" ten="40,5200,0" yaku="20,1,54,2" doraHai="34" who="2" fromWho="1" sc="293,0,324,-58,167,68,206,0" /><INIT seed="2,0,0,4,4,70" ten="293,266,235,206" oya="2" hai0="4,36,59,96,95,89,2,10,76,64,91,8,114" hai1="85,6,25,88,133,94,124,93,132,53,108,41,33" hai2="128,48,92,47,97,65,135,24,49,67,115,0,51" hai3="16,19,101,32,119,23,57,58,1,15,60,120,102"/><V107/><F0/><W34/><G119/><T109/><D109/><U39/><E108/><V62/><F107/><W99/><G1/><T72/><D114/><U116/><E116/><V80/><F115/><W50/><G120/><T35/><D35/><U13/><E124/><V17/><F128/><W55/><G19/><T83/><D10/><N who="1" m="4311" /><E53/><V90/><F135/><N who="1" m="51785" /><E94/><V68/><F67/><W77/><G77/><T30/><D30/><N who="1" m="19663" /><E41/><V28/><F80/><W118/><G118/><T98/><D98/><U45/><E45/><V112/><F112/><W129/><G129/><T22/><D36/><AGARI ba="0,0" hai="36,39,85,88,93" m="19663,51785,4311" machi="36" ten="30,7700,0" yaku="20,1,52,2,54,1" doraHai="70" who="1" fromWho="0" sc="293,-77,266,77,235,0,206,0" /><INIT seed="3,0,0,2,3,57" ten="216,343,235,206" oya="3" hai0="102,105,44,135,45,47,32,95,94,24,123,52,76" hai1="103,87,127,22,96,108,92,16,88,107,100,68,51" hai2="27,40,35,17,133,74,101,58,13,4,12,124,1" hai3="75,66,55,10,131,97,34,29,54,67,30,129,120"/><W111/><G120/><T79/><D123/><U62/><E108/><V83/><F101/><W81/><G111/><T70/><D70/><U71/><E127/><V15/><F40/><W86/><G75/><T5/><D135/><U53/><E100/><V60/><F74/><W104/><G10/><T128/><D128/><N who="3" m="49225" /><G97/><T113/><D113/><U132/><E132/><V80/><F133/><W3/><G3/><T93/><D5/><U63/><E71/><V125/><F1/><W46/><G104/><T33/><D105/><U114/><E68/><V117/><F4/><W77/><G55/><T126/><D102/><U106/><E106/><V85/><F117/><W134/><G134/><T82/><D126/><N who="2" m="48746" /><F85/><W119/><G119/><T23/><D76/><U8/><E8/><V28/><F17/><W41/><G54/><AGARI ba="0,0" hai="12,13,15,27,28,35,54,58,60,80,83" m="48746" machi="54" ten="30,2000,0" yaku="18,1,52,1" doraHai="57" who="2" fromWho="3" sc="216,0,343,0,235,20,206,-20" /><INIT seed="4,0,0,3,1,107" ten="216,343,255,186" oya="0" hai0="20,48,109,130,28,63,9,57,17,36,94,91,115" hai1="73,19,92,44,134,120,69,18,67,71,82,39,35" hai2="55,131,38,122,5,98,95,133,102,56,129,24,60" hai3="85,110,126,121,54,80,125,128,2,13,66,62,132"/><T25/><D36/><U105/><E105/><V15/><F122/><W79/><G110/><T49/><D109/><U34/><E120/><V23/><F133/><W112/><G2/><T89/><D115/><U0/><E92/><V12/><F38/><W68/><G121/><T84/><D130/><N who="2" m="49674" /><F5/><W7/><G128/><T4/><D28/><AGARI ba="0,0" hai="12,15,23,24,28,55,56,60,95,98,102" m="49674" machi="28" ten="30,1000,0" yaku="19,1" doraHai="107" who="2" fromWho="0" sc="216,-10,343,0,255,10,186,0" /><INIT seed="5,0,0,1,5,125" ten="206,343,265,186" oya="1" hai0="9,2,126,55,131,62,109,48,129,122,24,127,56" hai1="83,41,11,50,29,36,35,5,17,107,79,100,92" hai2="49,6,87,12,69,86,3,135,8,38,130,67,81" hai3="117,74,28,13,91,110,78,114,64,70,20,93,63"/><U99/><E36/><V37/><F135/><W132/><G110/><T119/><D109/><U96/><E17/><V128/><F3/><W57/><G132/><T95/><D119/><U33/><E29/><V0/><F0/><W45/><G117/><T98/><D122/><U10/><E10/><V23/><F23/><W112/><G45/><T46/><D24/><U85/><E50/><V102/><F102/><W84/><G70/><T101/><D9/><U31/><E31/><V58/><F69/><W60/><G60/><T21/><D21/><U71/><E41/><V52/><F67/><W51/><G51/><T82/><D82/><U47/><E47/><V121/><F121/><W15/><G78/><T106/><D106/><U19/><E19/><V16/><F6/><W123/><G74/><T61/><D2/><U26/><E26/><V4/><F4/><W118/><G123/><T34/><D34/><U80/><E80/><V116/><F116/><W113/><REACH who="3" step="1"/><G118/><REACH who="3" ten="206,343,265,176" step="2"/><T68/><D68/><U66/><E71/><V22/><F37/><W88/><G88/><T30/><D62/><U14/><E66/><V73/><F38/><W7/><G7/><T1/><D1/><U115/><E115/><V90/><F73/><W32/><G32/><T75/><D75/><U44/><E44/><V43/><F43/><W59/><G59/><T53/><REACH who="0" step="1"/><D30/><REACH who="0" ten="196,343,265,176" step="2"/><U103/><AGARI ba="0,2" hai="5,11,14,33,35,79,83,85,92,96,99,100,103,107" machi="103" ten="20,2100,0" yaku="0,1,7,1" doraHai="125" who="1" fromWho="1" sc="196,-7,343,41,265,-7,176,-7" /><INIT seed="5,1,0,2,0,110" ten="189,384,258,169" oya="1" hai0="88,38,89,28,134,67,63,120,130,127,22,44,78" hai1="25,91,85,90,24,115,20,56,62,95,59,71,48" hai2="8,123,27,53,126,128,117,40,107,0,114,79,21" hai3="11,13,125,96,57,6,109,118,87,39,18,65,84"/><U45/><E71/><V132/><F40/><W37/><G109/><T64/><D127/><U113/><E91/><V92/><F53/><W29/><G125/><T42/><D130/><U19/><E25/><V26/><F79/><W122/><G122/><T58/><D134/><U7/><E7/><N who="2" m="1127" /><F92/><W14/><G29/><T99/><D120/><U106/><E106/><V108/><F107/><W102/><G118/><T43/><D43/><U50/><E59/><V116/><F126/><W69/><G69/><T105/><D67/><U16/><E19/><N who="2" m="12607" /><F108/><W98/><G39/><T1/><D1/><U2/><E2/><V100/><F100/><W31/><G31/><T135/><D78/><U51/><REACH who="1" step="1"/><E45/><REACH who="1" ten="189,374,258,169" step="2"/><V30/><F123/><W3/><G3/><T86/><D105/><U34/><E34/><V82/><F117/><W101/><G101/><T10/><D58/><U111/><E111/><V41/><F116/><W75/><G57/><T131/><D44/><U80/><E80/><V133/><F82/><W93/><G65/><AGARI ba="1,1" hai="16,20,24,48,50,51,56,62,65,85,90,95,113,115" machi="65" ten="40,12000,1" yaku="1,1,52,2,54,1,53,0" doraHai="110" doraHaiUra="70" who="1" fromWho="3" sc="189,0,374,133,258,0,169,-123" /><INIT seed="5,2,0,3,4,61" ten="189,507,258,46" oya="1" hai0="32,86,65,68,63,45,72,16,49,78,4,97,116" hai1="94,0,126,95,125,10,39,43,92,36,122,44,135" hai2="111,80,112,8,118,22,70,5,113,26,93,81,15" hai3="101,132,131,60,57,64,38,79,12,28,48,29,6"/><U1/><E122/><V37/><F111/><W100/><G38/><T35/><D72/><U25/><E135/><V83/><F118/><W76/><G132/><T73/><D73/><U120/><E120/><V71/><F37/><W33/><G131/><T55/><D116/><U18/><E39/><V3/><F3/><W105/><G105/><T24/><D4/><U23/><REACH who="1" step="1"/><E10/><REACH who="1" ten="189,497,258,46" step="2"/><V27/><F8/><N who="3" m="4119" /><G33/><T13/><D35/><U134/><E134/><V56/><F112/><W50/><G101/><T42/><D32/><U58/><E58/><V90/><F56/><W47/><G100/><T121/><D68/><U77/><E77/><N who="3" m="29770" /><G50/><T104/><D78/><U75/><E75/><V89/><F113/><W19/><G19/><T46/><D16/><U62/><E62/><V20/><F70/><W123/><G123/><T98/><D63/><U108/><E108/><V52/><F71/><W133/><G133/><T129/><D49/><U115/><E115/><V119/><F119/><W31/><G31/><T124/><D121/><U130/><E130/><V14/><F5/><W88/><G88/><T59/><D129/><U107/><E107/><V11/><F90/><W87/><G29/><T21/><D104/><U66/><E66/><V69/><F69/><W74/><G28/><T54/><D65/><U96/><E96/><V53/><F89/><W85/><G74/><T67/><D98/><U9/><E9/><V82/><F11/><W17/><G17/><T114/><D97/><U99/><E99/><V41/><F22/><W34/><G34/><T91/><D21/><U110/><E110/><RYUUKYOKU ba="2,1" sc="189,-15,497,15,258,-15,46,15" hai1="0,1,18,23,25,36,43,44,92,94,95,125,126" hai3="47,48,57,60,64,85,87" /><INIT seed="5,3,1,0,5,10" ten="174,512,243,61" oya="1" hai0="13,6,22,36,14,70,83,77,64,4,25,105,86" hai1="92,40,121,50,87,81,32,52,15,62,68,91,41" hai2="26,16,88,37,17,106,67,132,100,30,101,122,103" hai3="118,66,111,48,63,84,3,35,59,123,80,19,39"/><U23/><E32/><V71/><F122/><W54/><G111/><T98/><D36/><U27/><E121/><V69/><F37/><W110/><G110/><T34/><D34/><U60/><E81/><V109/><F109/><W129/><G35/><T7/><D70/><U94/><E94/><V117/><F117/><W42/><G123/><T104/><D64/><U90/><E90/><V18/><F132/><W95/><G3/><T112/><D112/><U43/><E68/><V72/><F72/><W115/><G115/><T89/><D105/><U20/><E20/><V108/><F108/><W11/><G129/><T134/><D134/><U65/><E65/><V31/><F106/><W119/><G95/><N who="0" m="56687" /><D104/><U0/><E0/><V85/><F67/><W128/><G128/><T78/><D78/><U93/><E93/><V131/><F131/><W21/><G39/><T97/><D97/><U8/><E27/><V96/><F96/><W47/><G119/><T5/><N who="0" m="1024" /><DORA hai="58" /><T79/><D79/><U51/><E8/><V33/><F69/><W124/><G11/><T45/><D45/><N who="1" m="27759" /><E50/><V73/><F71/><W56/><G118/><T116/><D116/><U9/><E9/><V2/><F2/><W49/><G21/><T1/><D1/><U28/><E28/><AGARI ba="3,1" hai="13,14,22,25,28,77,83,86" m="1024,56687" machi="28" ten="40,5200,0" yaku="8,1,52,2" doraHai="10,58" who="0" fromWho="1" sc="174,71,512,-61,243,0,61,0" /><INIT seed="6,0,0,0,1,19" ten="245,451,243,61" oya="2" hai0="71,125,51,1,23,56,31,76,13,101,96,64,33" hai1="39,79,83,85,42,54,2,114,17,69,119,90,58" hai2="109,124,102,112,105,134,108,127,59,0,68,63,27" hai3="37,87,66,92,86,35,10,82,72,117,52,12,3"/><V44/><F0/><W97/><G117/><T53/><D125/><N who="2" m="48202" /><F112/><W8/><G35/><T93/><D1/><U103/><E2/><V122/><F122/><W62/><G37/><T100/><D76/><U14/><E114/><V20/><F68/><W135/><G135/><T123/><D123/><U50/><E69/><V41/><F134/><W116/><G116/><T6/><D33/><U78/><E119/><V74/><F74/><W84/><G3/><T43/><D43/><U55/><E103/><V5/><F5/><W15/><G72/><T38/><D38/><U28/><E28/><N who="2" m="17511" /><F102/><W110/><G110/><T88/><D71/><U4/><E4/><V21/><F21/><W25/><G66/><T77/><D77/><U49/><E78/><V61/><F105/><W94/><G25/><N who="0" m="16831" /><D64/><U107/><E79/><V7/><F7/><W133/><G133/><T75/><D75/><U131/><E107/><V91/><F91/><W24/><G24/><T16/><D6/><U32/><E90/><V45/><F45/><W120/><G120/><T95/><D95/><U128/><E32/><V73/><F73/><W115/><G115/><T65/><D65/><U36/><E58/><V48/><F59/><N who="3" m="35175" /><G82/><T129/><D129/><U46/><E128/><V29/><F29/><W99/><G94/><T11/><AGARI ba="0,0" hai="11,13,16,51,53,56,88,93,96,100,101" m="16831" machi="11" ten="30,7900,0" yaku="8,1,52,1,54,2" doraHai="19" who="0" fromWho="0" sc="245,79,451,-20,243,-39,61,-20" /><INIT seed="7,0,0,0,2,36" ten="324,431,204,41" oya="3" hai0="14,76,122,69,85,26,80,83,81,50,109,24,9" hai1="105,57,98,16,118,48,19,107,52,43,93,75,82" hai2="129,59,64,54,92,10,97,49,40,63,125,60,67" hai3="106,65,117,66,108,116,58,18,0,89,91,87,62"/><W72/><G72/><T34/><D34/><U95/><E118/><V73/><F10/><W11/><G106/><T38/><D69/><U47/><E107/><V70/><F92/><W127/><G127/><T74/><D38/><U29/><E105/><V44/><F97/><W112/><G112/><T3/><D3/><U23/><E75/><V46/><F73/><W51/><G108/><T56/><D109/><U33/><E33/><V78/><F78/><W71/><G66/><T84/><D122/><U5/><E5/><V41/><F125/><W114/><G114/><T53/><D85/><U15/><E82/><V39/><F129/><W102/><G102/><T128/><D128/><U7/><E29/><V120/><F120/><W35/><G35/><T94/><D94/><U113/><E113/><V119/><F119/><W17/><G117/><T96/><D96/><U1/><E98/><V134/><F134/><W61/><G116/><T100/><D100/><U32/><E32/><V135/><F135/><W6/><G62/><N who="2" m="23593" /><F70/><W131/><G131/><T2/><D2/><U123/><E123/><V68/><F68/><W111/><G111/><T55/><D55/><U4/><E1/><V130/><F130/><W90/><REACH who="3" step="1"/><G87/><REACH who="3" ten="324,431,204,31" step="2"/><T25/><D74/><U21/><E48/><AGARI ba="0,1" hai="39,40,41,44,46,48,49,54,59,64,67" m="23593" machi="48" ten="30,12000,2" yaku="35,5,52,2" doraHai="36" who="2" fromWho="1" sc="324,0,431,-120,204,130,31,0" owari="324,12.0,311,-9.0,334,44.0,31,-47.0" /></mjloggm>