<mjloggm ver="2.3"><GO type="169" lobby="0"/><UN n0="%E3%82%A2%E3%82%B9%E3%82%BF%E3%83%8A" n1="%E3%83%A9%E3%83%A0%E3%83%80%E3%81%95%E3%82%93" n2="%2E%E3%82%A4%E3%83%AA%E3%82%A2%E3%82%B9" n3="%53%48%45%45%50%32%30%30" dan="16,16,16,17" rate="2050.29,2128.70,2138.81,2182.71" sx="M,M,M,M"/><TAIKYOKU oya="0"/><INIT seed="0,0,0,3,3,93" ten="250,250,250,250" oya="0" hai0="72,20,114,47,54,68,78,112,97,27,66,92,34" hai1="56,99,69,55,18,81,95,119,132,91,105,106,28" hai2="26,134,49,135,101,23,60,35,10,122,4,113,5" hai3="6,109,75,12,117,43,125,30,80,86,16,79,90"/><T24/><D34/><U83/><E119/><V53/><F122/><W129/><G117/><T15/><D27/><U40/><E69/><V110/><F113/><W19/><G109/><T70/><D15/><U108/><E108/><V33/><F60/><W44/><G129/><T124/><D124/><U128/><E128/><V9/><F101/><W63/><G125/><T133/><D133/><N who="2" m="50698" /><F49/><W59/><G30/><T21/><D21/><U98/><E132/><V48/><F48/><W13/><G12/><T131/><D131/><U31/><E40/><V84/><F84/><W7/><G75/><T85/><D72/><U115/><E115/><V74/><F53/><W77/><G7/><N who="2" m="2633" /><F74/><W39/><G6/><T87/><D70/><U29/><E106/><V71/><F71/><W32/><G19/><T107/><D85/><U62/><REACH who="1" step="1"/><E18/><REACH who="1" ten="250,240,250,250" step="2"/><N who="2" m="12663" /><F110/><W52/><REACH who="3" step="1"/><G32/><AGARI ba="0,1" hai="9,10,32,33,35" m="12663,2633,50698" machi="32" ten="30,3900,0" yaku="20,1,34,2" doraHai="93" who="2" fromWho="3" sc="250,0,240,0,250,49,250,-39" /><INIT seed="1,0,0,3,1,84" ten="250,240,299,211" oya="1" hai0="29,93,120,18,26,47,60,127,52,115,101,100,2" hai1="16,80,66,76,17,85,98,23,67,56,83,112,0" hai2="99,7,44,119,129,73,39,87,97,86,122,94,32" hai3="118,59,105,63,113,20,64,36,10,30,116,62,92"/><U74/><E112/><V130/><F32/><W125/><G105/><T41/><D115/><U79/><E0/><V90/><F7/><W109/><G113/><T34/><D2/><U108/><E108/><V91/><F39/><W104/><G104/><T6/><D6/><U45/><E45/><V27/><F44/><W33/><G33/><T53/><D120/><U88/><E56/><V50/><F50/><W15/><G109/><T55/><D127/><U114/><E114/><V54/><F54/><W35/><G35/><T71/><D18/><U19/><REACH who="1" step="1"/><E23/><REACH who="1" ten="250,230,299,211" step="2"/><V38/><F122/><W4/><G125/><T135/><D47/><U131/><E131/><N who="2" m="50187" /><F119/><W48/><G118/><T72/><D34/><U133/><E133/><V102/><F38/><W95/><G36/><T70/><D135/><U8/><E8/><V11/><F11/><W69/><G116/><T21/><D21/><U103/><E103/><N who="2" m="60855" /><F27/><W9/><G9/><T75/><D26/><U43/><E43/><V14/><F14/><W49/><G20/><T123/><D41/><U111/><E111/><V58/><F58/><W121/><G121/><T25/><D123/><U40/><E40/><V51/><F51/><W82/><G49/><T128/><D25/><U46/><E46/><V89/><F73/><W110/><G48/><T57/><D128/><U134/><E134/><V124/><F124/><W42/><G110/><T126/><D126/><U12/><E12/><V96/><F102/><W22/><G15/><T117/><D101/><U31/><E31/><V13/><F13/><W106/><G22/><T5/><D117/><RYUUKYOKU ba="0,1" sc="250,-15,230,15,299,15,211,-15" hai1="16,17,19,66,67,74,76,79,80,83,85,88,98" hai2="86,87,89,90,91,96,99" /><INIT seed="1,1,1,2,3,123" ten="235,245,314,196" oya="1" hai0="91,61,41,70,23,127,37,128,77,83,49,103,24" hai1="28,86,88,69,134,8,38,74,39,33,115,55,54" hai2="111,35,104,93,14,124,79,84,122,2,20,11,45" hai3="67,116,46,117,113,10,15,63,73,129,119,97,26"/><U101/><E115/><V53/><F122/><W44/><G113/><T31/><D37/><U62/><E74/><V78/><F35/><W132/><G132/><T59/><D127/><U34/><E134/><V4/><F104/><W95/><G73/><T3/><D3/><U19/><E101/><V18/><F124/><W118/><G129/><T7/><D7/><U48/><E39/><V43/><F53/><W21/><G15/><T22/><D128/><U135/><E38/><V90/><F111/><W47/><G10/><T125/><D125/><U29/><E135/><V105/><REACH who="2" step="1"/><F105/><REACH who="2" ten="235,245,304,196" step="2"/><W9/><G119/><T30/><D41/><U68/><E34/><V42/><F42/><W80/><G118/><T100/><D61/><U102/><E33/><V126/><F126/><W106/><G117/><T25/><D91/><U133/><E62/><V112/><F112/><W50/><G106/><T72/><D70/><U76/><E133/><V87/><F87/><W12/><G116/><T5/><D5/><U57/><E69/><V81/><F81/><W99/><G80/><T66/><D66/><U92/><E68/><V96/><F96/><W6/><G99/><T27/><D83/><N who="1" m="47463" /><E102/><V40/><F40/><N who="3" m="24839" /><G63/><T107/><D107/><U121/><E121/><V110/><F110/><W108/><G67/><T16/><D72/><U64/><E64/><V131/><F131/><W130/><G108/><T32/><D77/><U13/><E55/><V0/><F0/><W1/><G1/><T36/><D32/><U109/><E109/><V85/><F85/><AGARI ba="1,2" hai="8,13,19,28,29,48,54,57,85,88,92" m="47463" machi="85" ten="30,2900,0" yaku="8,1,54,1" doraHai="123" who="1" fromWho="2" sc="235,0,245,52,304,-32,196,0" /><INIT seed="1,2,0,4,2,122" ten="235,297,272,196" oya="1" hai0="4,32,40,24,103,127,131,120,33,97,6,109,74" hai1="7,30,34,25,91,126,26,39,132,53,73,56,133" hai2="45,118,68,70,123,22,114,66,96,51,50,75,63" hai3="0,104,57,69,83,49,111,28,43,88,64,128,27"/><U48/><E39/><V89/><F75/><W38/><G104/><T46/><D120/><U117/><E117/><V100/><F123/><W15/><G0/><T2/><D127/><U19/><E73/><V95/><F118/><W129/><G69/><T59/><D74/><U116/><E116/><V81/><F114/><W99/><G15/><T67/><D131/><U11/><E126/><V23/><F70/><W77/><G77/><T94/><D2/><U54/><E91/><V115/><F115/><W12/><G12/><T124/><D124/><U31/><E19/><V130/><F130/><W93/><G83/><T87/><D87/><U78/><E78/><V108/><F108/><W35/><G111/><T102/><D109/><U16/><E16/><V14/><F14/><W110/><G110/><T71/><D71/><U92/><E92/><V106/><F81/><W125/><G125/><T72/><D72/><U107/><E107/><V41/><REACH who="2" step="1"/><F51/><REACH who="2" ten="235,297,262,196" step="2"/><W17/><G38/><T52/><D24/><U20/><E7/><V18/><F18/><W9/><G17/><T84/><D4/><U98/><E11/><V5/><F5/><W47/><REACH who="3" step="1"/><G9/><REACH who="3" ten="235,297,262,186" step="2"/><T58/><D6/><U21/><E31/><V113/><F113/><W134/><G134/><T36/><D36/><U60/><E30/><V121/><F121/><W119/><G119/><T1/><D1/><U8/><E8/><V90/><F90/><W86/><G86/><AGARI ba="2,2" hai="22,23,41,45,50,63,66,68,86,89,95,96,100,106" machi="86" ten="30,3900,0" yaku="1,1,7,1,53,1" doraHai="122" doraHaiUra="61" who="2" fromWho="3" sc="235,0,297,0,262,65,186,-45" /><INIT seed="2,0,0,5,4,61" ten="235,297,327,141" oya="2" hai0="37,82,77,45,7,49,34,131,36,11,24,92,90" hai1="6,79,118,115,28,19,123,104,99,128,62,1,41" hai2="106,130,58,120,74,100,121,71,78,10,129,51,95" hai3="110,86,112,89,57,68,8,50,84,59,56,83,105"/><V134/><F71/><W127/><G105/><T27/><D131/><N who="2" m="50186" /><F106/><W80/><G110/><T96/><D34/><U47/><E115/><V133/><F10/><W15/><G112/><T13/><D37/><U21/><E118/><V9/><F9/><W103/><G127/><T65/><D36/><U72/><E128/><V39/><F39/><W108/><G108/><T132/><D132/><N who="2" m="50794" /><F58/><W40/><G103/><T18/><D18/><U35/><E123/><V119/><F51/><W48/><G68/><T53/><D65/><U75/><E104/><V60/><F60/><W0/><G0/><T109/><D109/><U66/><E62/><V46/><F46/><W124/><G124/><T14/><REACH who="0" step="1"/><D13/><REACH who="0" ten="225,297,327,141" step="2"/><U32/><E66/><V69/><F119/><W117/><G117/><T122/><D122/><U101/><E1/><V97/><F69/><W30/><G30/><T111/><D111/><U22/><E28/><V70/><F70/><W42/><G42/><T125/><D125/><U52/><E41/><V126/><F126/><W4/><REACH who="3" step="1"/><G40/><REACH who="3" ten="225,297,327,131" step="2"/><T33/><D33/><U102/><E32/><V16/><F121/><W20/><G20/><T107/><D107/><U26/><E35/><V17/><F120/><W3/><G3/><T64/><D64/><U93/><E22/><V116/><F116/><W43/><G43/><T25/><D25/><U114/><E21/><V91/><F100/><W81/><G81/><AGARI ba="0,2" hai="16,17,74,78,81,91,95,97" m="50794,50186" machi="81" ten="30,5800,0" yaku="19,1,20,1,54,1" doraHai="61" who="2" fromWho="3" sc="225,0,297,0,327,78,131,-58" /><INIT seed="2,1,0,4,4,103" ten="225,297,405,73" oya="2" hai0="86,92,97,36,0,70,110,60,28,65,25,48,104" hai1="129,57,114,53,63,32,124,56,71,128,17,26,62" hai2="93,90,14,44,127,118,91,47,41,24,29,105,131" hai3="37,39,89,132,84,31,27,42,123,117,30,115,58"/><V1/><F105/><W4/><G123/><T120/><D120/><U130/><E114/><V98/><F1/><W94/><G117/><T135/><D36/><U80/><E71/><V45/><F118/><W68/><G68/><T69/><D135/><U13/><E124/><V79/><F127/><W96/><G132/><T113/><D70/><U87/><E26/><V85/><F131/><W7/><G115/><T33/><D113/><U6/><E6/><V121/><F121/><W102/><G58/><T23/><D110/><U74/><E74/><V116/><F116/><W67/><G67/><T21/><D0/><U88/><E32/><V2/><F2/><W66/><G66/><T76/><D48/><U51/><REACH who="1" step="1"/><E56/><REACH who="1" ten="225,287,405,73" step="2"/><V43/><F45/><W82/><G30/><T95/><D28/><U34/><E34/><V11/><F44/><W78/><G7/><T35/><D25/><U50/><E50/><V73/><F47/><W52/><G4/><T106/><D35/><U46/><E46/><V22/><F73/><W12/><G39/><T119/><D33/><U77/><E77/><V126/><F126/><W20/><G37/><T100/><D69/><U38/><E38/><V8/><F43/><W18/><G42/><T55/><D119/><U16/><E16/><N who="2" m="10519" /><F41/><W61/><G31/><T111/><D111/><U5/><E5/><V19/><F79/><W59/><REACH who="3" step="1"/><G27/><REACH who="3" ten="225,287,405,63" step="2"/><T54/><D65/><U134/><E134/><V9/><F29/><W10/><G10/><AGARI ba="1,2" hai="10,13,17,51,53,57,62,63,80,87,88,128,129,130" machi="10" ten="40,5200,0" yaku="1,1,19,1,54,1,53,0" doraHai="103" doraHaiUra="122" who="1" fromWho="3" sc="225,0,287,75,405,0,63,-55" /><INIT seed="3,0,0,0,0,30" ten="225,362,405,8" oya="3" hai0="120,11,94,9,0,41,71,43,27,83,80,47,99" hai1="1,32,111,3,24,125,128,51,53,82,54,35,12" hai2="10,90,131,98,74,135,114,64,107,89,7,22,126" hai3="95,33,46,38,57,67,28,39,92,103,45,13,56"/><W116/><G116/><T91/><D120/><U86/><E111/><V133/><F74/><W81/><G81/><N who="0" m="31307" /><D71/><U87/><E128/><V77/><F77/><W110/><G13/><T130/><D0/><U59/><E125/><V112/><F126/><W121/><G28/><T88/><D130/><U61/><E12/><V118/><F131/><W26/><G26/><T58/><D27/><U37/><E37/><V48/><F118/><W14/><G14/><T20/><D20/><U123/><E123/><V76/><F76/><W16/><G121/><T60/><D91/><N who="2" m="34826" /><F64/><W115/><G67/><N who="0" m="39319" /><D47/><U132/><E132/><N who="2" m="50763" /><F22/><W2/><G2/><T55/><D55/><U31/><E35/><V108/><F48/><W85/><G85/><T113/><D113/><U105/><E105/><V40/><F40/><AGARI ba="0,0" hai="9,11,40,41,43,88,94,99" m="39319,31307" machi="40" ten="30,2000,0" yaku="8,1,54,1" doraHai="30" who="0" fromWho="2" sc="225,20,362,0,405,-20,8,0" /><INIT seed="4,0,0,5,0,78" ten="245,362,385,8" oya="0" hai0="32,16,54,43,53,47,94,58,76,15,48,130,117" hai1="73,52,57,77,13,20,132,106,114,84,122,39,11" hai2="36,69,9,10,42,95,38,107,24,5,120,92,68" hai3="44,131,113,25,115,70,109,104,41,91,105,112,19"/><T27/><D117/><U110/><E110/><V98/><F120/><W56/><G70/><T81/><D130/><U29/><E122/><V93/><F24/><W100/><G131/><T0/><D0/><U45/><E106/><V72/><F72/><W127/><G109/><T33/><D94/><U21/><E73/><V125/><F125/><W7/><G127/><T59/><D27/><U102/><E132/><V26/><F26/><W121/><G121/><T87/><D58/><U82/><E114/><V134/><F134/><W6/><G91/><T108/><D108/><U118/><E118/><V128/><F128/><W111/><G111/><T4/><D4/><N who="3" m="1577" /><G100/><T80/><D80/><U116/><E116/><V96/><F107/><N who="3" m="41035" /><G56/><T22/><REACH who="0" step="1"/><D53/><REACH who="0" ten="235,362,385,8" step="2"/><U63/><E29/><V88/><F93/><W40/><G44/><T64/><D64/><U86/><E102/><V75/><F95/><W17/><G25/><T34/><D34/><U62/><E39/><AGARI ba="0,1" hai="15,16,22,32,33,39,43,47,48,54,59,76,81,87" machi="39" ten="30,12000,1" yaku="1,1,7,1,52,1,54,1,53,1" doraHai="78" doraHaiUra="79" who="0" fromWho="1" sc="235,130,362,-120,385,0,8,0" /><INIT seed="4,1,0,2,2,10" ten="365,242,385,8" oya="0" hai0="45,101,133,64,58,73,4,56,31,27,53,103,125" hai1="112,126,42,26,89,102,39,80,18,9,13,59,51" hai2="32,57,63,98,134,94,115,70,111,100,35,2,131" hai3="50,128,114,44,30,46,107,104,33,92,72,5,37"/><T47/><D73/><U132/><E132/><V1/><F111/><W8/><G33/><T34/><D133/><U24/><E126/><V69/><F134/><W16/><G30/><T105/><D125/><U49/><E39/><V124/><F124/><W85/><G16/><T75/><D75/><U106/><E106/><N who="2" m="63767" /><F57/><W3/><G92/><T52/><D4/><U121/><E121/><V60/><F94/><W93/><G93/><T55/><D64/><U48/><E112/><V99/><F99/><W76/><G114/><T40/><D47/><U20/><E102/><V74/><F115/><W79/><G85/><T113/><D113/><U19/><E42/><V123/><F123/><W88/><G88/><T14/><D14/><U6/><E59/><V54/><F54/><N who="3" m="30023" /><G79/><T86/><D103/><U135/><E135/><V82/><F63/><W65/><G65/><T95/><D105/><U122/><E122/><V0/><F131/><W25/><G25/><T23/><D34/><N who="2" m="12842" /><F60/><W81/><G128/><T96/><REACH who="0" step="1"/><D86/><REACH who="0" ten="355,242,385,8" step="2"/><N who="1" m="50375" /><E24/><V43/><F43/><AGARI ba="1,1" hai="3,5,8,37,43,46,72,76,81,104,107" m="30023" machi="43" ten="30,1000,0" yaku="25,1" doraHai="10" who="3" fromWho="2" sc="355,0,242,0,385,-13,8,23" /><INIT seed="5,0,0,4,3,96" ten="355,242,372,31" oya="1" hai0="116,64,75,6,4,128,36,58,115,26,43,129,15" hai1="49,54,47,77,21,109,18,104,95,7,100,28,78" hai2="85,32,45,125,37,38,34,60,62,39,41,126,83" hai3="98,3,14,131,113,40,52,112,25,80,84,0,87"/><U59/><E104/><V118/><F118/><W94/><G40/><T69/><D116/><U121/><E121/><V63/><F85/><W91/><G131/><N who="0" m="50251" /><D75/><U13/><E109/><V19/><F83/><W55/><G14/><T102/><D69/><U2/><E2/><V17/><F45/><W42/><G42/><T70/><D70/><U50/><E7/><V33/><F41/><W10/><G25/><T30/><D115/><N who="3" m="44105" /><G87/><T9/><D6/><U101/><E28/><V99/><F99/><W8/><G8/><T22/><D43/><N who="1" m="24831" /><E95/><V119/><F119/><W117/><G117/><T27/><D36/><U16/><E18/><AGARI ba="0,0" hai="17,18,19,32,33,34,37,38,39,60,62,63,125,126" machi="18" ten="60,8000,1" yaku="29,2,28,2" doraHai="96" who="2" fromWho="1" sc="355,0,242,-80,372,80,31,0" /><INIT seed="6,0,0,2,3,120" ten="355,162,452,31" oya="2" hai0="102,34,110,65,17,104,78,4,40,99,57,68,20" hai1="29,60,79,61,109,47,1,5,100,83,49,115,63" hai2="95,25,88,9,13,16,94,59,98,54,127,35,126" hai3="118,103,11,18,2,129,53,125,135,85,15,64,123"/><V62/><F35/><W46/><G123/><T33/><D78/><U96/><E115/><V50/><F25/><W105/><G118/><T117/><D117/><U131/><E131/><V10/><F10/><W66/><G129/><T70/><D4/><U6/><E29/><V74/><F74/><W30/><G135/><T27/><D40/><U116/><E116/><V81/><F81/><W43/><G125/><N who="2" m="47625" /><F94/><W124/><G124/><T45/><D45/><U22/><E1/><V14/><F14/><W48/><G30/><T41/><D41/><U111/><E22/><V133/><F133/><W71/><G71/><T91/><D91/><U130/><E130/><V134/><F134/><W19/><G2/><T122/><D122/><U107/><E6/><V113/><F113/><W21/><G85/><T0/><D0/><U108/><E5/><V3/><F3/><W37/><G103/><T86/><D86/><U7/><E7/><V87/><F87/><W114/><G105/><T72/><D72/><U93/><E107/><V106/><F106/><W75/><G75/><T44/><D44/><U132/><E132/><V101/><F62/><W56/><G114/><T112/><D112/><U31/><E31/><V82/><F82/><W26/><AGARI ba="0,0" hai="11,15,18,19,21,26,37,43,46,48,53,56,64,66" machi="26" ten="20,1500,0" yaku="0,1,7,1" doraHai="120" who="3" fromWho="3" sc="355,-4,162,-4,452,-7,31,15" /><INIT seed="7,0,0,2,2,79" ten="351,158,445,46" oya="3" hai0="60,94,21,55,106,34,0,115,27,14,132,12,31" hai1="110,20,49,75,122,28,99,22,46,108,52,57,6" hai2="69,33,96,119,2,40,73,133,95,86,68,54,116" hai3="81,58,64,135,98,107,59,84,93,103,37,67,90"/><W80/><G135/><T13/><D106/><U66/><E122/><V17/><F73/><W61/><G37/><T85/><D0/><U8/><E75/><V26/><F2/><W32/><G32/><T124/><D132/><U45/><E110/><V71/><F133/><W118/><G118/><T65/><D55/><U109/><E108/><V74/><F74/><W129/><G129/><T47/><D47/><U72/><E72/><V101/><F40/><W125/><G125/><T16/><D124/><U9/><E109/><V43/><F43/><W77/><G77/><T5/><D115/><U29/><E99/><V48/><F86/><W4/><G4/><T24/><D94/><U111/><E111/><V128/><F128/><W11/><G11/><N who="1" m="4170" /><E6/><V126/><F126/><W88/><G90/><T97/><D97/><U100/><E100/><V25/><F25/><W134/><G134/><T30/><D85/><U127/><E127/><V42/><F42/><W102/><G102/><T76/><D76/><U114/><E114/><V104/><F104/><W53/><G67/><T38/><D38/><U123/><E123/><V89/><F101/><W92/><G107/><T112/><D112/><U41/><E66/><V83/><F83/><W44/><G44/><N who="1" m="17002" /><E41/><V1/><F1/><W19/><G19/><T113/><D113/><U91/><E91/><V7/><F7/><W39/><G39/><T56/><REACH who="0" step="1"/><D5/><REACH who="0" ten="341,158,445,46" step="2"/><U36/><E36/><V105/><F105/><W78/><REACH who="3" step="1"/><G78/><REACH who="3" ten="341,158,445,36" step="2"/><T121/><D121/><U130/><E130/><V10/><F119/><W51/><AGARI ba="0,2" hai="51,53,58,59,61,64,80,81,84,88,92,93,98,103" machi="51" ten="20,24000,3" yaku="1,1,2,1,0,1,7,1,8,1,52,2,54,1,53,0" doraHai="79" doraHaiUra="18" who="3" fromWho="3" sc="341,-80,158,-80,445,-80,36,260" /><INIT seed="7,1,0,4,3,58" ten="261,78,365,296" oya="3" hai0="86,93,131,114,83,90,103,112,94,37,32,98,134" hai1="46,100,9,39,71,43,122,53,55,102,129,135,118" hai2="101,61,18,47,107,121,52,57,132,38,13,120,95" hai3="124,8,42,31,24,12,28,74,50,66,84,73,92"/><W115/><G115/><N who="0" m="44075" /><D37/><U6/><E102/><V27/><F107/><W104/><G104/><N who="0" m="63607" /><D32/><U41/><E100/><V97/><F27/><W16/><G124/><T10/><D10/><U21/><E21/><V36/><F132/><W25/><G66/><T99/><D134/><U40/><E9/><N who="2" m="6447" /><F47/><N who="3" m="25975" /><G73/><T19/><D19/><U108/><E6/><V77/><F77/><W2/><G2/><T22/><D22/><U44/><E108/><V29/><F29/><N who="3" m="11339" /><G74/><T4/><D4/><U23/><E23/><V3/><F3/><W87/><G92/><N who="0" m="56727" /><D131/><U60/><E129/><V20/><F20/><N who="3" m="13319" /><G25/><T35/><D35/><U75/><E75/><V56/><F56/><W82/><G82/><T49/><D49/><U91/><E91/><AGARI ba="1,0" hai="83,86,91,93,94" m="56727,63607,44075" machi="91" ten="30,7700,0" yaku="15,1,11,1,34,2" doraHai="58" who="0" fromWho="1" sc="261,80,78,-80,365,0,296,0" owari="341,14.0,-2,-50.0,365,46.0,296,-10.0" /></mjloggm>