<mjloggm ver="2.3"><GO type="169" lobby="0"/><UN n0="%E2%98%85%4C%55%43%4B" n1="%6D%69%6C%6C%72%65%65%66" n2="%E3%82%86%E3%81%BF%E2%98%86%E3%83%9F" n3="%E8%92%BC%E9%B4%89" dan="16,17,16,16" rate="2061.87,2173.00,2088.62,2113.20" sx="M,M,F,M"/><TAIKYOKU oya="0"/><INIT seed="0,0,0,2,4,118" ten="250,250,250,250" oya="0" hai0="25,18,27,7,43,127,46,51,86,2,135,63,97" hai1="23,39,49,62,121,15,57,61,130,5,94,111,89" hai2="99,22,21,69,114,91,96,29,3,92,123,41,4" hai3="53,101,74,98,20,44,56,0,40,84,70,128,9"/><T68/><D127/><U55/><E39/><V88/><F69/><W75/><G128/><T87/><D135/><U107/><E107/><V13/><F114/><W66/><G84/><T108/><D108/><U103/><E111/><V32/><F41/><W109/><G109/><T122/><D122/><U31/><E130/><V132/><F132/><W76/><G20/><T67/><D97/><U131/><E131/><V82/><F3/><W78/><G66/><T95/><D95/><U52/><E103/><V64/><F64/><W72/><G70/><T125/><D125/><U54/><E121/><V134/><F134/><W24/><G24/><T17/><D17/><N who="1" m="10687" /><E5/><V65/><F65/><W26/><G26/><T59/><D18/><U34/><E34/><V58/><F32/><W1/><G1/><T81/><D86/><N who="1" m="52535" /><E31/><V10/><F29/><W113/><G113/><T126/><D126/><U102/><E102/><V45/><F123/><W35/><G35/><T117/><D117/><U47/><E62/><V60/><F99/><W28/><G28/><T83/><D83/><U110/><E110/><V16/><F4/><W106/><G0/><T93/><D93/><U124/><E124/><V14/><F14/><W33/><G33/><T38/><D7/><U90/><E90/><V129/><F91/><W48/><REACH who="3" step="1"/><G9/><REACH who="3" ten="250,250,250,240" step="2"/><T37/><D2/><U112/><E112/><V50/><F129/><W12/><G12/><T120/><D120/><U6/><E6/><V8/><F10/><W79/><G79/><N who="0" m="46527" /><D68/><U116/><E116/><V85/><F8/><W30/><G30/><T105/><D105/><RYUUKYOKU ba="0,1" sc="250,10,250,10,250,-30,240,10" hai0="25,27,37,38,43,46,51,59,63,67" hai1="47,49,52,54,55,57,61" hai3="40,44,48,53,56,72,74,75,76,78,98,101,106" /><INIT seed="0,1,1,0,1,53" ten="260,260,220,250" oya="0" hai0="57,109,97,78,1,89,129,90,9,113,63,24,135" hai1="36,7,34,133,112,108,134,60,91,132,29,39,54" hai2="80,17,85,20,102,79,61,13,37,122,41,26,18" hai3="15,95,104,11,59,120,67,6,107,96,42,64,98"/><T93/><D113/><U92/><E7/><V32/><F122/><W115/><G120/><T62/><D135/><U35/><E112/><V43/><F37/><N who="1" m="14409" /><E29/><V101/><F32/><W52/><G115/><T44/><D129/><U65/><E54/><V27/><F27/><W28/><G107/><T70/><D70/><N who="1" m="42279" /><E108/><V22/><REACH who="2" step="1"/><F61/><REACH who="2" ten="260,260,210,250" step="2"/><W49/><G104/><T131/><D63/><U56/><E34/><V45/><F45/><W117/><G117/><T14/><D62/><U2/><E35/><V84/><F84/><W48/><G28/><T10/><D131/><U47/><E47/><V114/><F114/><W123/><G123/><T76/><D44/><U72/><E72/><V87/><F87/><W55/><G42/><AGARI ba="1,2" hai="13,17,18,20,22,26,41,42,43,79,80,85,101,102" machi="42" ten="40,8000,1" yaku="1,1,8,1,53,3" doraHai="53" doraHaiUra="38" who="2" fromWho="3" sc="260,0,260,0,210,103,250,-83" /><INIT seed="1,0,0,4,0,63" ten="260,260,313,167" oya="1" hai0="93,72,21,86,116,57,77,60,35,119,33,18,65" hai1="12,100,45,125,13,32,89,117,111,22,24,19,14" hai2="6,11,84,26,87,51,67,59,58,127,95,132,120" hai3="97,104,85,99,29,73,103,94,70,78,79,17,123"/><U121/><E117/><V108/><F120/><W42/><G123/><T107/><D107/><U110/><E121/><V9/><F108/><N who="1" m="41513" /><E100/><V88/><F132/><W39/><G70/><T37/><D37/><U61/><E45/><V80/><F127/><W69/><G69/><T5/><D72/><U3/><E125/><V90/><F26/><W25/><G17/><T54/><D5/><U98/><E3/><V109/><F109/><W50/><G39/><T122/><D122/><U40/><E40/><V102/><F102/><W4/><G4/><T23/><D23/><U71/><E32/><V49/><F58/><W53/><G42/><T134/><D134/><U8/><E98/><V118/><F118/><W113/><G85/><T82/><D93/><U81/><E89/><V129/><F129/><W74/><G113/><T66/><D119/><U31/><E81/><V92/><F80/><W38/><G38/><T101/><D101/><U28/><E28/><V2/><F11/><W34/><G74/><T135/><D135/><U44/><E44/><V20/><F20/><W1/><G73/><T48/><D116/><U10/><E10/><V36/><F36/><W91/><REACH who="3" step="1"/><G1/><REACH who="3" ten="260,260,313,157" step="2"/><T15/><REACH who="0" step="1"/><D65/><AGARI ba="0,1" hai="8,12,13,14,19,22,24,31,61,65,71" m="41513" machi="65" ten="30,5800,0" yaku="14,1,10,1,52,1" doraHai="63" who="1" fromWho="0" sc="260,-58,260,68,313,0,157,0" /><INIT seed="1,1,0,2,0,79" ten="202,328,313,157" oya="1" hai0="50,51,113,97,125,78,72,89,122,66,117,13,76" hai1="31,8,27,48,23,108,11,102,3,96,80,85,34" hai2="124,129,38,36,107,16,120,49,70,35,47,62,106" hai3="4,43,25,111,28,0,123,14,126,7,60,26,54"/><U127/><E127/><V45/><F35/><W93/><G123/><T116/><D113/><U112/><E112/><V59/><F120/><W86/><G126/><T15/><D122/><U133/><E133/><V42/><F124/><W20/><G111/><T21/><D125/><U56/><E34/><V92/><F129/><W90/><G0/><T134/><D66/><U73/><E73/><V64/><F92/><W55/><G43/><T44/><D134/><U101/><E108/><V105/><F47/><W100/><G100/><N who="1" m="38506" /><E96/><V5/><F5/><W41/><G41/><T91/><D50/><U9/><E3/><V94/><F94/><W103/><G103/><T109/><D109/><U63/><E48/><V99/><F99/><W37/><G37/><T83/><D78/><N who="1" m="46231" /><E8/><V75/><F75/><W71/><G71/><T135/><D135/><U115/><E115/><V77/><F77/><W65/><G65/><AGARI ba="1,0" hai="9,11,23,27,31,56,63,65" m="46231,38506" machi="65" ten="30,2900,0" yaku="8,1,52,1" doraHai="79" who="1" fromWho="3" sc="202,0,328,32,313,0,157,-32" /><INIT seed="1,2,0,0,3,93" ten="202,360,313,125" oya="1" hai0="108,79,85,77,122,75,78,6,10,24,0,110,76" hai1="89,66,1,73,52,5,83,95,58,22,56,21,72" hai2="23,86,98,59,112,90,15,47,45,82,50,64,7" hai3="111,14,29,12,105,121,68,103,27,46,26,30,91"/><U133/><E133/><V71/><F71/><W127/><G121/><T53/><D122/><U101/><E101/><V100/><F112/><W129/><G68/><T81/><D75/><U20/><E66/><V126/><F126/><W119/><G127/><T131/><D131/><U65/><E65/><V17/><F7/><W34/><G129/><T54/><REACH who="0" step="1"/><D24/><REACH who="0" ten="192,360,313,125" step="2"/><U106/><E73/><V11/><F64/><W2/><G119/><T70/><D70/><U69/><E69/><V18/><F59/><W125/><G27/><T92/><D92/><U49/><E106/><V9/><F50/><W132/><G105/><T135/><D135/><U84/><E58/><V16/><F47/><W37/><G46/><T25/><D25/><U48/><E48/><V61/><F61/><W31/><G26/><T67/><D67/><U117/><E117/><V55/><F45/><W57/><G132/><T128/><D128/><U62/><E62/><V102/><F55/><AGARI ba="2,1" hai="0,6,10,53,54,55,76,77,78,79,81,85,108,110" machi="55" ten="40,1300,0" yaku="1,1,53,0" doraHai="93" doraHaiUra="124" who="0" fromWho="2" sc="192,29,360,0,313,-19,125,0" /><INIT seed="2,0,0,1,4,20" ten="221,360,294,125" oya="2" hai0="4,130,25,60,63,10,95,57,37,40,98,107,0" hai1="131,2,80,127,32,12,113,91,84,135,129,102,97" hai2="30,66,89,71,43,31,9,14,87,13,22,44,74" hai3="42,54,65,49,64,111,106,11,117,79,46,48,51"/><V100/><F74/><W99/><G117/><T68/><D130/><N who="1" m="49675" /><E2/><V70/><F100/><W28/><G111/><T133/><D133/><U21/><E32/><V33/><F33/><W124/><G124/><T103/><D60/><U69/><E69/><V45/><F31/><W90/><G79/><T41/><D37/><U19/><E135/><V53/><F45/><W108/><G108/><T76/><D76/><U77/><E127/><V104/><F53/><W85/><G28/><T109/><D109/><U39/><E39/><V122/><F104/><W67/><G11/><T34/><D95/><N who="1" m="58687" /><E77/><V125/><F125/><W83/><G106/><T114/><D114/><AGARI ba="0,0" hai="12,19,21,80,84,91,113,114" m="58687,49675" machi="114" ten="30,1000,0" yaku="19,1" doraHai="20" who="1" fromWho="0" sc="221,-10,360,10,294,0,125,0" /><INIT seed="3,0,0,0,0,14" ten="211,370,294,125" oya="3" hai0="117,53,48,12,19,36,105,54,97,126,41,121,62" hai1="108,116,127,57,128,16,74,26,76,85,118,82,55" hai2="28,56,77,120,46,110,65,20,59,60,29,75,132" hai3="40,131,80,64,51,124,90,99,78,7,104,38,123"/><W23/><G123/><T24/><D121/><U58/><E108/><V0/><F110/><W83/><G124/><T52/><D117/><N who="1" m="45163" /><E127/><V11/><F120/><W25/><G131/><T122/><D126/><U86/><E128/><V33/><F132/><W111/><G111/><T4/><D122/><U42/><E42/><V18/><F56/><N who="1" m="21609" /><E55/><V1/><F46/><W30/><G38/><T61/><D36/><U47/><E47/><V45/><F45/><W92/><G104/><T21/><D41/><U15/><E26/><V96/><F33/><W73/><G64/><T115/><D115/><U9/><AGARI ba="0,0" hai="9,15,16,74,76,82,85,86" m="21609,45163" machi="9" ten="30,4000,0" yaku="12,1,52,1,54,1" doraHai="14" who="1" fromWho="1" sc="211,-10,370,40,294,-10,125,-20" /><INIT seed="4,0,0,4,2,9" ten="201,410,284,105" oya="0" hai0="70,94,120,33,113,75,44,23,131,104,72,10,108" hai1="43,124,92,16,106,134,17,8,7,64,109,80,46" hai2="5,89,24,114,135,28,96,32,90,4,82,111,130" hai3="128,102,21,25,26,41,95,13,105,39,116,129,47"/><T0/><RYUUKYOKU type="yao9" ba="0,0" sc="201,0,410,0,284,0,105,0" hai0="0,10,23,33,44,70,72,75,94,104,108,113,120,131" /><INIT seed="4,1,0,3,5,58" ten="201,410,284,105" oya="0" hai0="121,53,127,0,39,80,101,40,85,11,16,117,90" hai1="76,132,61,107,123,51,55,79,88,91,56,102,73" hai2="45,25,124,112,133,20,9,74,18,93,12,47,3" hai3="103,41,104,30,4,63,71,13,78,130,5,26,31"/><T69/><D121/><U67/><E123/><V99/><F74/><W22/><G130/><T111/><D117/><U34/><E34/><V54/><F112/><W64/><G78/><N who="1" m="29738" /><E107/><V96/><F124/><W2/><G2/><T6/><D127/><U105/><E105/><V33/><F133/><W72/><G72/><T114/><D114/><U59/><E73/><V68/><F68/><W24/><G41/><T8/><D111/><U115/><E115/><V75/><F75/><W109/><G13/><T100/><D69/><U113/><E113/><V134/><F99/><W57/><G109/><T42/><D53/><U28/><E102/><V81/><F81/><W122/><G57/><T126/><D126/><U97/><E97/><V49/><F33/><W62/><G122/><T89/><D89/><N who="1" m="34379" /><E132/><V119/><F3/><W131/><G131/><T116/><D116/><U1/><E1/><V27/><F119/><W7/><G71/><T84/><D84/><U128/><E128/><V37/><F37/><W65/><G103/><N who="0" m="39499" /><D39/><U44/><E28/><V77/><F77/><W43/><G104/><T23/><D23/><U135/><E135/><V82/><F134/><W10/><G43/><T21/><D21/><U106/><E106/><V32/><F32/><W94/><G10/><T129/><D129/><U66/><E66/><N who="3" m="25706" /><G94/><T46/><D11/><U52/><E55/><V19/><F54/><W118/><G118/><T95/><D95/><U29/><E29/><N who="3" m="10762" /><G22/><T50/><D42/><U110/><E110/><V14/><F93/><W15/><G15/><N who="0" m="7271" /><D0/><U108/><E108/><V125/><F125/><RYUUKYOKU ba="1,0" sc="201,10,410,10,284,-30,105,10" hai0="6,40,46,50,80,85,90" hai1="44,51,52,56,59,61,67" hai3="4,5,7,24,26,62,63" /><INIT seed="4,2,0,4,0,122" ten="211,420,254,115" oya="0" hai0="113,127,70,13,92,67,121,135,104,130,96,93,4" hai1="35,65,128,90,118,82,107,114,80,120,94,126,88" hai2="87,45,62,38,112,89,19,109,124,8,101,68,37" hai3="20,119,54,12,47,42,58,60,50,98,57,17,6"/><T86/><D121/><U132/><E35/><V53/><F124/><W36/><G119/><T111/><D127/><U71/><E120/><V2/><F101/><W99/><REACH who="3" step="1"/><G6/><REACH who="3" ten="211,420,254,105" step="2"/><T14/><D4/><U131/><E118/><V28/><F112/><W110/><G110/><T18/><D111/><U23/><E114/><V29/><F109/><W5/><G5/><T27/><D113/><U77/><E126/><V22/><F2/><W129/><G129/><T91/><D130/><U75/><E131/><V115/><F115/><W78/><G78/><T46/><D135/><U59/><E132/><V64/><F29/><W40/><G40/><T106/><D70/><U52/><E71/><V33/><F28/><W49/><G49/><T81/><D18/><U84/><E128/><V108/><F108/><W0/><G0/><T123/><D123/><U24/><E77/><V79/><F79/><W51/><G51/><T103/><D46/><U83/><E75/><V117/><F19/><W74/><G74/><T3/><D3/><U48/><E107/><V16/><F16/><W39/><G39/><T26/><D106/><U10/><E10/><V72/><F8/><W69/><G69/><T11/><D104/><U25/><E25/><V95/><F45/><W73/><G73/><T34/><D11/><U55/><E48/><V21/><F72/><W102/><G102/><T116/><D103/><U125/><E125/><V1/><F1/><W15/><G15/><T43/><D26/><U56/><E24/><V66/><F38/><W133/><G133/><T61/><D116/><U76/><E76/><RYUUKYOKU ba="2,1" sc="211,-10,420,-10,254,-10,105,30" hai3="12,17,20,36,42,47,50,54,57,58,60,98,99" /><INIT seed="5,3,1,0,1,67" ten="201,410,244,135" oya="1" hai0="54,125,132,33,10,8,37,66,119,100,42,53,1" hai1="90,87,92,55,17,107,109,70,61,41,73,88,96" hai2="130,21,49,13,4,45,62,19,72,121,50,15,114" hai3="84,127,47,6,110,2,58,89,106,64,9,123,46"/><U91/><E73/><V85/><F72/><W134/><G123/><T25/><D119/><U30/><E41/><V79/><F121/><W129/><G110/><T99/><D125/><U98/><E30/><V133/><F133/><W135/><G106/><T36/><D132/><N who="3" m="50729" /><G127/><T14/><D66/><U0/><E0/><V35/><F130/><W5/><G5/><T16/><D37/><U60/><E98/><V27/><F35/><W115/><G129/><T59/><D36/><U51/><E109/><V126/><F126/><W118/><G118/><T113/><D42/><U74/><E74/><V12/><F62/><N who="1" m="24169" /><E70/><V104/><F104/><W28/><G115/><T81/><D81/><N who="1" m="49263" /><E107/><V22/><F50/><W101/><G28/><T111/><D111/><U32/><E32/><V68/><F68/><W71/><G101/><T18/><D113/><U34/><E34/><V52/><F114/><W63/><G58/><T103/><D99/><U69/><E69/><V3/><F3/><W122/><G122/><T48/><D54/><U83/><E17/><N who="2" m="12751" /><F4/><W124/><G124/><T105/><D105/><U57/><E83/><AGARI ba="3,1" hai="12,13,15,19,21,45,49,52,79,83,85" m="12751" machi="83" ten="30,2000,0" yaku="8,1,54,1" doraHai="67" who="2" fromWho="1" sc="201,0,410,-29,244,39,135,0" /><AGARI ba="3,0" hai="2,6,9,46,47,63,64,71,83,84,89" m="50729" machi="83" ten="30,2000,0" yaku="20,1,52,1" doraHai="67" who="3" fromWho="1" sc="201,0,381,-20,283,0,135,20" /><INIT seed="6,0,0,4,1,115" ten="201,361,283,155" oya="2" hai0="13,31,105,103,110,80,50,32,39,34,52,15,117" hai1="4,131,5,126,72,83,19,42,12,51,94,41,26" hai2="66,107,7,27,35,99,55,79,29,73,74,70,43" hai3="82,118,97,9,133,40,37,36,89,10,48,47,134"/><V86/><F43/><W63/><G63/><T21/><D39/><N who="3" m="14921" /><G97/><T104/><D117/><U128/><E126/><V59/><F7/><N who="1" m="2633" /><E26/><V116/><F79/><W49/><G89/><T20/><D110/><U98/><E51/><N who="3" m="19530" /><G82/><T112/><D80/><U132/><E132/><N who="3" m="50794" /><G10/><T61/><D61/><U87/><E98/><V2/><F86/><W109/><G109/><T77/><D77/><N who="1" m="46575" /><E94/><V8/><F74/><W71/><G9/><T101/><D101/><U90/><E90/><V53/><F73/><W129/><G71/><T124/><D103/><U6/><E6/><V68/><F68/><W46/><G129/><N who="1" m="49738" /><E72/><V96/><F96/><W58/><G58/><T25/><D105/><U67/><E42/><V60/><F99/><W125/><G125/><T16/><D104/><U54/><E41/><V0/><F107/><W33/><G33/><T81/><D81/><U95/><E95/><V62/><F59/><W120/><G120/><T11/><D11/><U93/><E93/><V23/><F8/><W92/><G92/><T30/><D124/><U130/><E130/><V14/><F35/><W64/><G40/><T127/><D127/><U113/><E12/><V56/><F14/><W38/><G38/><T102/><D13/><U69/><E69/><V106/><F106/><W78/><G78/><T44/><D102/><U122/><E122/><V57/><F70/><W28/><G64/><T65/><D65/><U45/><E67/><V75/><F66/><W85/><G85/><T91/><D91/><U114/><E19/><V119/><F75/><W135/><N who="3" m="50802" /><W108/><DORA hai="100" /><G108/><RYUUKYOKU ba="0,0" sc="201,-15,361,15,283,15,155,-15" hai1="45,54,113,114" hai2="0,2,23,27,29,53,55,56,57,60,62,116,119" /><INIT seed="6,1,0,2,1,0" ten="186,376,298,140" oya="2" hai0="65,103,97,94,36,92,6,133,56,79,95,91,42" hai1="117,118,38,82,8,114,119,21,76,11,7,105,41" hai2="83,66,69,110,9,29,45,14,44,86,19,130,87" hai3="106,81,134,135,77,72,57,4,63,62,129,2,122"/><V32/><F110/><W24/><G122/><T51/><D133/><U98/><E114/><V120/><F120/><W88/><G129/><T10/><D36/><U49/><E21/><V74/><F130/><W102/><G24/><T78/><D92/><U55/><E11/><V54/><F74/><W96/><G88/><T128/><D128/><U3/><E55/><V53/><F69/><W48/><G48/><T125/><D125/><U22/><E22/><V30/><F66/><W43/><G43/><T68/><D68/><U75/><E49/><V20/><F32/><W109/><G109/><T116/><D116/><U28/><E28/><N who="2" m="10859" /><F20/><W113/><G113/><T93/><D93/><U46/><E119/><V131/><F87/><W50/><G50/><T101/><D101/><AGARI ba="1,0" hai="3,7,8,38,41,46,75,76,82,98,101,105,117,118" machi="101" ten="40,8000,1" yaku="25,2,23,2,52,1" doraHai="0" who="1" fromWho="0" sc="186,-83,376,83,298,0,140,0" /><INIT seed="7,0,0,1,1,39" ten="103,459,298,140" oya="3" hai0="19,122,112,71,86,72,121,113,124,12,60,9,67" hai1="44,54,31,26,47,84,55,61,87,48,40,51,36" hai2="93,49,133,131,97,83,2,68,21,52,70,18,34" hai3="120,50,88,69,127,108,17,0,116,76,103,114,6"/><W25/><G120/><T79/><D124/><U27/><E61/><V29/><F2/><W99/><G116/><T85/><D72/><U66/><E66/><V111/><F111/><W20/><G69/><T96/><D96/><U46/><E27/><V128/><F83/><W123/><G127/><T58/><D71/><U23/><AGARI ba="0,0" hai="23,26,31,36,40,44,46,47,48,51,54,55,84,87" machi="23" ten="20,5200,0" yaku="0,1,7,1,9,1,52,1" doraHai="39" who="1" fromWho="1" sc="103,-13,459,52,298,-13,140,-26" owari="90,-41.0,511,61.0,285,9.0,114,-29.0" /></mjloggm>