<mjloggm ver="2.3"><GO type="169" lobby="0"/><UN n0="%E3%81%94%E3%82%8D%E3%81%AB%E3%82%83%E3%83%BC" n1="%E3%83%AC%E3%83%87%E3%82%B9%E3%83%9E" n2="%6E%61%6E%6E%61%6E%79%61" n3="%6E%69%6A%69" dan="16,16,16,17" rate="2111.51,2056.09,2091.59,2187.15" sx="M,M,M,M"/><TAIKYOKU oya="0"/><INIT seed="0,0,0,1,5,128" ten="250,250,250,250" oya="0" hai0="111,51,32,88,68,5,48,64,97,37,100,112,63" hai1="20,55,80,79,54,83,121,46,73,126,38,131,30" hai2="28,13,78,116,53,66,115,62,82,8,52,43,67" hai3="42,124,81,11,110,108,130,132,114,36,133,59,7"/><T12/><D112/><U127/><E121/><V92/><F115/><W39/><G114/><T70/><D32/><U109/><E109/><N who="3" m="42090" /><G130/><T1/><D37/><N who="3" m="14409" /><G124/><N who="1" m="47658" /><E83/><V58/><F43/><W86/><G59/><T18/><D68/><U87/><E73/><V21/><F92/><W105/><G105/><T71/><D71/><U119/><E119/><V47/><F116/><W91/><G42/><T34/><D34/><U107/><E107/><V122/><F122/><W22/><G22/><T27/><D111/><U9/><E9/><V57/><F47/><W40/><G40/><T25/><D1/><AGARI ba="0,0" hai="1,7,11,81,86,91,132,133" m="14409,42090" machi="1" ten="30,3900,0" yaku="14,1,52,2" doraHai="128" who="3" fromWho="0" sc="250,-39,250,0,250,0,250,39" /><INIT seed="1,0,0,4,1,60" ten="211,250,250,289" oya="1" hai0="51,100,38,97,33,3,24,120,20,61,52,62,133" hai1="48,90,19,114,17,78,96,46,67,103,130,85,18" hai2="129,94,126,2,98,88,112,25,102,39,110,117,13" hai3="28,99,34,56,118,9,69,35,71,12,36,59,135"/><U109/><E114/><V122/><F2/><W44/><G135/><T134/><D38/><U93/><E130/><V32/><F129/><W86/><G99/><T4/><D33/><U22/><E109/><V108/><F39/><W104/><G104/><T37/><D37/><U89/><E67/><V49/><F112/><W15/><G86/><T84/><D84/><U14/><E78/><V5/><F117/><W66/><G36/><T21/><D120/><U121/><E121/><V127/><F122/><W74/><G9/><T75/><D75/><U80/><REACH who="1" step="1"/><E90/><REACH who="1" ten="211,240,250,289" step="2"/><V128/><F128/><W42/><G66/><T64/><D133/><U58/><E58/><V131/><F131/><W1/><G56/><T105/><D134/><U92/><E92/><V0/><F110/><W65/><G59/><T82/><D82/><U132/><E132/><V73/><F108/><W50/><G65/><T125/><D64/><U119/><E119/><V77/><F77/><W115/><G118/><T81/><D81/><U23/><E23/><V70/><F94/><W87/><G115/><T11/><D20/><U72/><E72/><V26/><F73/><W116/><G74/><T63/><D21/><U124/><E124/><V6/><F127/><W16/><G116/><T55/><D125/><U106/><E106/><V76/><F126/><W10/><G35/><T47/><REACH who="0" step="1"/><D24/><REACH who="0" ten="201,240,250,289" step="2"/><U41/><AGARI ba="0,2" hai="14,17,18,19,22,41,46,48,80,85,89,93,96,103" machi="41" ten="20,7800,0" yaku="1,1,0,1,7,1,8,1,53,0" doraHai="60" doraHaiUra="31" who="1" fromWho="1" sc="201,-26,240,98,250,-26,289,-26" /><INIT seed="1,1,0,2,4,97" ten="175,338,224,263" oya="1" hai0="56,126,94,99,86,129,67,114,7,108,77,130,116" hai1="88,63,106,110,74,40,17,37,25,125,79,46,23" hai2="124,135,100,52,90,76,2,72,133,53,34,73,82" hai3="68,104,32,95,30,128,12,131,45,41,112,58,65"/><U3/><E125/><V96/><F2/><W15/><G104/><T66/><D116/><U98/><E3/><V64/><F34/><W43/><G68/><T105/><D114/><U134/><E134/><N who="2" m="51211" /><F90/><W42/><G112/><T70/><D70/><U89/><E110/><V119/><F119/><W39/><G30/><T19/><D7/><U49/><E63/><V80/><F64/><W92/><G32/><T118/><D118/><U122/><E122/><V13/><F13/><W101/><G42/><T60/><D108/><U14/><E37/><V10/><F10/><W38/><G58/><T69/><D69/><U109/><E109/><V121/><F124/><W36/><G36/><T87/><D126/><U0/><E0/><V93/><F121/><W123/><G45/><T102/><D67/><U61/><E61/><V78/><AGARI ba="1,0" hai="52,53,72,73,76,78,80,82,93,96,100" m="51211" machi="78" ten="30,4000,0" yaku="20,1,52,1,54,1" doraHai="97" who="2" fromWho="2" sc="175,-11,338,-21,224,43,263,-11" /><INIT seed="2,0,0,1,3,106" ten="164,317,267,252" oya="2" hai0="132,9,119,4,104,22,92,44,115,35,1,73,15" hai1="90,99,65,55,101,112,97,67,81,69,108,21,30" hai2="64,62,75,0,3,18,33,46,20,84,120,125,77" hai3="123,96,89,82,76,28,24,49,7,8,124,94,39"/><V126/><F120/><W111/><G39/><T128/><D92/><U71/><E112/><V48/><F33/><W53/><G123/><T60/><D44/><U23/><E108/><V11/><F84/><W78/><G111/><T121/><D60/><U37/><E37/><V2/><F11/><W42/><G124/><T116/><D22/><U133/><E133/><V127/><F77/><W100/><G42/><T56/><D56/><U25/><E21/><V63/><F64/><W34/><G100/><T40/><D40/><U98/><E101/><V59/><F59/><W85/><G76/><T36/><D15/><U27/><E27/><V83/><F83/><W117/><G117/><T26/><D26/><U134/><E134/><V110/><F75/><W66/><G66/><T93/><D93/><U135/><E135/><V102/><F102/><W19/><G19/><T130/><D4/><U72/><E69/><V131/><F110/><W50/><REACH who="3" step="1"/><G53/><REACH who="3" ten="164,317,267,242" step="2"/><T31/><D119/><U122/><E122/><V29/><F18/><W5/><G5/><T17/><D17/><U41/><E41/><N who="2" m="24655" /><F131/><W54/><G54/><T61/><D31/><U47/><E71/><V91/><F29/><W43/><G43/><T74/><D128/><U16/><E30/><V38/><F38/><W113/><G113/><T103/><D103/><U6/><E6/><V32/><F126/><W105/><G105/><T109/><D9/><U13/><E67/><V14/><F91/><W80/><G80/><T114/><D114/><U79/><E90/><V129/><F129/><W88/><G88/><T70/><D115/><RYUUKYOKU ba="0,1" sc="164,-10,317,-10,267,-10,242,30" hai3="7,8,24,28,34,49,50,78,82,85,89,94,96" /><INIT seed="3,1,1,4,0,60" ten="154,307,257,272" oya="3" hai0="39,124,115,11,102,89,35,28,55,5,75,32,69" hai1="18,36,87,77,97,72,12,100,95,71,63,68,104" hai2="126,122,114,51,7,42,76,118,41,127,110,64,133" hai3="92,123,31,56,108,62,103,40,79,81,9,61,80"/><W21/><G123/><T17/><D75/><U2/><E2/><V49/><F76/><W112/><G112/><T121/><D121/><U83/><E36/><V120/><F7/><W25/><G108/><T135/><D39/><U105/><E105/><V26/><F26/><W24/><G40/><T57/><D115/><U125/><E125/><V3/><F3/><W58/><G9/><T107/><D124/><U111/><E111/><V1/><F1/><W0/><G0/><T84/><D135/><U37/><E37/><V50/><F50/><W94/><G79/><T16/><D69/><U86/><E86/><V93/><F93/><W73/><G73/><T132/><D132/><U33/><E33/><V119/><F133/><W116/><G116/><T70/><D70/><U54/><E54/><V74/><F74/><W101/><G21/><T106/><D35/><U46/><E46/><V45/><F114/><W27/><G27/><T34/><D34/><U19/><E19/><V8/><F8/><W82/><G82/><T134/><D134/><U22/><E63/><V130/><F110/><W6/><G6/><T59/><D107/><U99/><E72/><V53/><F45/><W15/><G15/><T43/><D32/><U91/><AGARI ba="1,1" hai="12,18,22,68,71,77,83,87,91,95,97,99,100,104" machi="91" ten="20,1500,0" yaku="0,1,7,1" doraHai="60" who="1" fromWho="1" sc="154,-5,307,28,257,-5,272,-8" /><INIT seed="4,0,0,4,3,79" ten="149,335,252,264" oya="0" hai0="60,25,132,63,52,1,8,88,27,49,99,31,54" hai1="101,19,47,118,82,103,65,61,4,72,112,9,123" hai2="130,98,94,85,131,41,16,95,135,15,110,62,69" hai3="11,71,86,39,53,56,116,76,35,90,14,121,5"/><T64/><D132/><U18/><E118/><V126/><F135/><W36/><G35/><T84/><D99/><U33/><E33/><V45/><F110/><W3/><G71/><T100/><D100/><U51/><E123/><V75/><F75/><W0/><G76/><T43/><D1/><U70/><E112/><V92/><F126/><W119/><G121/><T91/><D91/><U13/><E103/><V104/><F62/><N who="0" m="23594" /><D64/><U29/><E29/><V12/><F69/><W2/><G116/><T80/><D8/><U30/><E30/><V24/><F104/><W57/><G119/><T127/><D127/><U133/><E101/><V42/><F98/><W22/><G22/><N who="0" m="15799" /><D27/><U87/><E72/><V96/><F96/><W122/><G122/><T115/><D115/><U120/><E133/><V93/><F24/><W6/><G6/><T102/><D102/><U113/><E113/><V81/><F12/><W105/><G105/><T67/><D67/><U46/><E120/><V20/><N who="2" m="23552" /><DORA hai="89" /><V58/><F58/><W128/><G56/><T37/><D37/><U108/><E47/><AGARI ba="0,0" hai="43,47,49,52,54,80,84,88" m="15799,23594" machi="47" ten="30,11600,0" yaku="8,1,52,1,54,2" doraHai="79,89" who="0" fromWho="1" sc="149,116,335,-116,252,0,264,0" /><INIT seed="4,1,0,3,0,54" ten="265,219,252,264" oya="0" hai0="82,23,99,38,132,11,123,39,83,36,68,17,86" hai1="59,19,25,95,49,133,75,113,73,114,81,22,117" hai2="98,78,52,30,90,34,120,2,70,102,58,80,92" hai3="20,121,50,97,1,87,88,63,122,16,76,35,109"/><T7/><D123/><N who="3" m="47113" /><G35/><T47/><D68/><U27/><E117/><V60/><F2/><W124/><G1/><T9/><D132/><U131/><E133/><V12/><F120/><W4/><G4/><T46/><D99/><U33/><E131/><V96/><F70/><W28/><G28/><T21/><D82/><U43/><E95/><V67/><F34/><W41/><G76/><T18/><D7/><U105/><E105/><V101/><F30/><W108/><G97/><T106/><D106/><U44/><E33/><V45/><F12/><N who="3" m="9223" /><G124/><T61/><D61/><U126/><E126/><V15/><F15/><W125/><G63/><T107/><D107/><U8/><E8/><V111/><F111/><W42/><G125/><T110/><D110/><N who="3" m="42601" /><G50/><T55/><D9/><U94/><E27/><V69/><F98/><W77/><G77/><T64/><D11/><U48/><E94/><AGARI ba="1,0" hai="41,42,87,88,94" m="42601,9223,47113" machi="94" ten="30,3900,0" yaku="13,1,54,2" doraHai="54" who="3" fromWho="1" sc="265,0,219,-42,252,0,264,42" /><INIT seed="5,0,0,4,5,54" ten="265,177,252,306" oya="1" hai0="88,1,66,48,83,72,129,117,6,135,25,22,13" hai1="69,9,86,51,95,26,47,112,131,122,104,92,39" hai2="55,4,0,103,124,28,127,27,12,7,96,90,43" hai3="56,123,36,130,64,128,17,45,97,18,80,62,19"/><U50/><E122/><V74/><F74/><W21/><G123/><T61/><D117/><U76/><E104/><V5/><F0/><W33/><G33/><T105/><D1/><U35/><E69/><V57/><F43/><N who="3" m="22759" /><G97/><T126/><D105/><U115/><E131/><N who="3" m="50218" /><G80/><T31/><D129/><U52/><E39/><V73/><F73/><W40/><G40/><T94/><D135/><U46/><E9/><V10/><F90/><W110/><G110/><T63/><D126/><N who="2" m="48170" /><F96/><W65/><G65/><T85/><D48/><U93/><E76/><V44/><F103/><W118/><G118/><T78/><REACH who="0" step="1"/><D66/><REACH who="0" ten="255,177,252,306" step="2"/><U59/><E86/><V32/><F44/><W108/><G108/><T71/><D71/><U75/><E75/><V91/><F91/><W58/><G21/><T42/><D42/><U24/><E35/><V121/><F121/><W23/><G23/><T125/><D125/><U41/><REACH who="1" step="1"/><E46/><REACH who="1" ten="255,167,252,306" step="2"/><V102/><F32/><W101/><G101/><T34/><D34/><U37/><E37/><V2/><F102/><W60/><G64/><T82/><D82/><U3/><E3/><V16/><F2/><W98/><G98/><T29/><D29/><U79/><E79/><V100/><F100/><W99/><G99/><T38/><D38/><U30/><E30/><V15/><F28/><W84/><G84/><T120/><D120/><U106/><E106/><V67/><F67/><W116/><G116/><T81/><D81/><U20/><E20/><N who="2" m="13703" /><F10/><AGARI ba="0,2" hai="6,10,13,22,25,31,61,63,72,78,83,85,88,94" machi="10" ten="40,5200,0" yaku="1,1,54,1,53,1" doraHai="54" doraHaiUra="8" who="0" fromWho="2" sc="255,72,167,0,252,-52,306,0" /><INIT seed="6,0,0,2,0,40" ten="327,167,200,306" oya="2" hai0="103,26,29,75,128,36,70,38,110,109,114,53,21" hai1="76,74,58,61,85,27,84,0,44,2,77,88,17" hai2="32,93,48,134,43,127,18,108,100,56,50,112,35" hai3="47,107,83,16,13,82,25,39,30,42,80,22,118"/><V126/><F112/><W119/><REACH who="3" step="1"/><G107/><REACH who="3" ten="327,167,200,296" step="2"/><T68/><D114/><U20/><E74/><V57/><F126/><W4/><G4/><T8/><D128/><U104/><E104/><V49/><F127/><W67/><G67/><T15/><D75/><U62/><E84/><V14/><F108/><W46/><G46/><T65/><D110/><U111/><E111/><V102/><F134/><W37/><G37/><T1/><D109/><U60/><E44/><V81/><F43/><W121/><G121/><T71/><D65/><U86/><E86/><V115/><F115/><W55/><G55/><T6/><D103/><U3/><REACH who="1" step="1"/><E58/><REACH who="1" ten="327,157,200,296" step="2"/><V66/><F57/><W94/><G94/><AGARI ba="0,2" hai="0,2,3,17,20,27,60,61,62,76,77,85,88,94" machi="94" ten="50,6400,0" yaku="1,1,2,1,54,1,53,0" doraHai="40" doraHaiUra="129" who="1" fromWho="3" sc="327,0,157,84,200,0,296,-64" /><INIT seed="7,0,0,2,0,113" ten="327,241,200,232" oya="3" hai0="116,103,120,130,40,10,119,21,2,109,32,34,114" hai1="55,6,104,3,42,95,123,102,101,93,92,61,24" hai2="118,13,129,121,41,99,16,35,89,100,4,27,12" hai3="68,44,112,135,39,17,28,88,9,8,56,38,133"/><W85/><G68/><T36/><D109/><U105/><E42/><V124/><F129/><W107/><G107/><T54/><D120/><U58/><E24/><V53/><F121/><W98/><G98/><T86/><D130/><U22/><E22/><V5/><F89/><W59/><G28/><T90/><D103/><U81/><E81/><V72/><F72/><W91/><G112/><T82/><D114/><U51/><E123/><V52/><F41/><W43/><G17/><T87/><D40/><U117/><E117/><V106/><F118/><W115/><G115/><T67/><D36/><U62/><E105/><V80/><F80/><W75/><G75/><T57/><D67/><U29/><E29/><V74/><F74/><W110/><G110/><T94/><D21/><U125/><E125/><V50/><F53/><W111/><G111/><T33/><D10/><N who="3" m="4201" /><G91/><T48/><REACH who="0" step="1"/><D2/><REACH who="0" ten="317,241,200,232" step="2"/><U64/><E3/><V83/><F124/><W132/><G38/><T131/><D131/><U14/><E102/><V31/><F83/><AGARI ba="0,1" hai="39,43,44,56,59,83,85,88,132,133,135" m="4201" machi="83" ten="30,2900,0" yaku="20,1,54,1" doraHai="113" who="3" fromWho="2" sc="317,0,241,0,200,-29,232,39" /><INIT seed="7,1,0,1,3,9" ten="317,241,171,271" oya="3" hai0="8,85,48,11,89,90,54,36,18,122,12,46,88" hai1="60,57,47,120,135,34,115,83,21,7,126,56,82" hai2="86,33,79,129,80,44,130,81,52,61,35,111,95" hai3="4,116,113,5,133,39,32,0,1,72,28,109,50"/><W106/><RYUUKYOKU type="yao9" ba="1,0" sc="317,0,241,0,171,0,271,0" hai3="0,1,4,5,28,32,39,50,72,106,109,113,116,133" /><INIT seed="7,2,0,2,1,39" ten="317,241,171,271" oya="3" hai0="65,35,22,120,116,9,63,61,105,81,50,56,102" hai1="83,77,6,80,129,110,126,52,117,111,26,135,87" hai2="4,5,93,59,36,33,2,11,91,95,119,72,3" hai3="69,60,32,0,20,128,21,29,54,75,89,90,64"/><W43/><G75/><T85/><D35/><U132/><E117/><V55/><F72/><W49/><G0/><T121/><D116/><U134/><E126/><V123/><F119/><W113/><G113/><T45/><D63/><U127/><E127/><V40/><F33/><W88/><G128/><T53/><D22/><U62/><E129/><V25/><F25/><W124/><G124/><T68/><D68/><U79/><E6/><V78/><F78/><W30/><G43/><T57/><D57/><N who="1" m="35111" /><E26/><V17/><F123/><W24/><REACH who="3" step="1"/><G29/><REACH who="3" ten="317,241,171,261" step="2"/><T47/><D120/><U106/><E111/><V131/><F131/><W34/><G34/><T108/><D121/><U51/><E110/><V103/><F40/><W76/><G76/><T70/><D108/><U15/><E79/><V23/><F36/><W130/><G130/><T42/><D42/><U86/><E77/><V97/><F2/><W101/><G101/><T112/><D112/><U100/><E100/><V44/><F3/><W71/><G71/><T16/><D102/><U27/><E134/><V41/><F103/><W8/><G8/><T37/><D105/><U133/><E106/><V109/><F11/><W7/><G7/><T18/><D37/><U31/><E135/><V84/><F109/><W14/><G14/><N who="0" m="7247" /><D18/><U98/><E133/><V115/><F115/><W122/><G122/><T13/><D13/><U99/><E132/><V82/><F17/><W10/><G10/><T92/><D70/><U66/><E15/><V74/><F41/><W96/><G96/><T118/><D118/><U48/><E99/><V94/><F97/><RYUUKYOKU ba="2,1" sc="317,-10,241,-10,171,-10,261,30" hai3="20,21,24,30,32,49,54,60,64,69,88,89,90" /><INIT seed="7,3,1,1,2,47" ten="307,231,161,291" oya="3" hai0="65,107,130,125,16,34,117,112,61,48,89,32,0" hai1="132,122,28,4,103,84,51,52,6,124,110,7,20" hai2="128,74,12,18,102,27,118,75,80,17,62,88,108" hai3="41,15,24,23,35,39,115,92,26,54,69,13,42"/><W135/><G69/><T123/><D123/><U55/><E122/><V19/><F108/><W59/><G115/><T87/><D117/><U95/><E110/><V100/><F118/><W36/><G135/><T81/><D107/><U53/><E132/><V82/><F128/><W119/><G119/><T94/><D0/><U43/><E124/><V10/><F62/><N who="3" m="36215" /><G35/><T101/><D125/><U33/><E33/><V30/><F75/><W73/><G36/><T5/><D5/><U44/><E28/><V40/><F74/><W91/><G39/><T77/><D101/><U134/><E134/><V83/><F40/><N who="3" m="15467" /><G73/><T11/><D130/><U113/><E113/><V31/><F88/><W49/><G49/><T58/><D48/><U14/><E20/><V105/><F105/><W96/><G24/><T46/><D112/><U99/><E84/><V9/><F27/><W76/><G76/><T114/><D114/><U86/><E86/><V21/><F21/><W71/><G71/><T90/><D77/><U64/><E64/><V93/><F93/><W70/><G70/><T25/><D25/><U72/><E72/><V60/><F60/><W78/><G78/><T8/><D46/><U2/><E2/><V120/><F120/><W104/><G104/><T121/><D121/><U45/><E44/><V131/><F131/><W109/><G109/><T3/><D3/><U126/><E126/><V63/><F63/><W85/><G85/><N who="0" m="52559" /><D8/><AGARI ba="3,1" hai="4,6,7,8,14,43,45,51,52,53,55,95,99,103" machi="8" ten="40,5200,0" yaku="8,1,52,1,54,1" doraHai="47" who="1" fromWho="0" sc="307,-61,231,71,161,0,291,0" owari="246,-15.0,302,40.0,161,-34.0,291,9.0" /></mjloggm>