<mjloggm ver="2.3"><GO type="169" lobby="0"/><UN n0="%2D%E6%85%B6%E6%AC%A1%2D" n1="%E3%83%94%E3%83%A7%E3%83%B3%E5%90%89" n2="%70%69%2D%70%6F" n3="%E3%83%88%E3%82%B5%E3%81%91%E3%82%93" dan="17,17,16,16" rate="2167.88,2144.25,2133.06,2111.01" sx="M,F,M,M"/><TAIKYOKU oya="0"/><INIT seed="0,0,0,4,3,65" ten="250,250,250,250" oya="0" hai0="46,123,16,38,56,68,62,119,31,91,111,83,29" hai1="36,88,20,52,71,28,12,7,98,78,77,99,104" hai2="108,89,133,103,39,116,93,87,55,13,84,11,72" hai3="92,74,117,127,25,22,85,118,120,109,6,32,107"/><T8/><D119/><U61/><E36/><V110/><F116/><W1/><G85/><T33/><D123/><U130/><E130/><V113/><F72/><W54/><G54/><T95/><D111/><N who="2" m="42538" /><F113/><W37/><G92/><T19/><D83/><U105/><E105/><V2/><F133/><W53/><G53/><T44/><D38/><U122/><E122/><V134/><F134/><W81/><G81/><T24/><D68/><U70/><E104/><V86/><F103/><W129/><G22/><T66/><D31/><U50/><E28/><V135/><F135/><W100/><G100/><T49/><D8/><U27/><E27/><V21/><F39/><W3/><G6/><T124/><D124/><U63/><E7/><N who="2" m="1527" /><F55/><W126/><G25/><T114/><D114/><U59/><E12/><V34/><F34/><W48/><G118/><T14/><D14/><U79/><E20/><V0/><F0/><W15/><G15/><T51/><D46/><U57/><E50/><V102/><F102/><W18/><G126/><T96/><REACH who="0" step="1"/><D51/><REACH who="0" ten="240,250,250,250" step="2"/><U60/><E60/><V80/><F80/><W121/><G48/><T23/><D23/><U30/><E30/><V82/><F82/><W42/><G1/><T75/><D75/><U43/><E61/><V41/><F13/><W101/><G109/><T106/><D106/><U58/><E63/><V47/><F21/><W35/><G117/><T115/><D115/><U40/><E59/><V64/><F47/><W9/><G35/><T76/><D76/><U94/><E58/><V10/><F10/><W90/><G9/><T112/><D112/><RYUUKYOKU ba="0,1" sc="240,30,250,-10,250,-10,250,-10" hai0="16,19,24,29,33,44,49,56,62,66,91,95,96" /><INIT seed="0,1,1,5,4,13" ten="270,240,240,240" oya="0" hai0="12,127,107,91,131,7,59,102,62,88,104,78,95" hai1="8,49,61,17,26,45,121,27,101,36,72,46,100" hai2="47,86,55,130,23,119,122,53,118,76,44,64,22" hai3="73,84,125,89,38,133,42,106,87,115,124,35,99"/><T31/><D131/><U29/><E72/><V109/><F122/><W117/><G35/><T14/><D127/><N who="3" m="48713" /><G38/><T80/><D31/><U50/><E36/><V25/><F130/><W40/><G40/><T33/><D33/><U32/><E61/><V30/><F64/><W60/><G60/><T135/><D135/><U105/><E121/><V24/><F109/><W134/><G42/><T20/><D102/><U39/><E39/><V41/><F41/><W79/><G115/><T11/><D20/><U90/><E90/><V108/><F108/><W123/><G117/><N who="2" m="44553" /><F47/><W3/><G3/><T68/><D14/><U52/><E105/><V92/><F44/><W96/><G123/><T56/><D91/><U120/><E120/><V128/><F128/><W67/><G67/><T82/><D82/><U16/><E8/><V37/><F37/><W114/><G114/><T63/><D56/><U69/><E69/><V111/><F111/><W58/><G58/><T34/><D34/><U97/><E97/><N who="3" m="37450" /><G106/><T66/><D63/><U48/><E48/><V112/><F112/><W98/><G98/><N who="0" m="57703" /><D68/><U129/><E129/><V70/><F70/><W10/><G10/><T19/><D107/><U126/><E126/><V85/><F23/><W54/><G89/><T28/><D104/><U4/><E4/><V103/><F24/><N who="1" m="9257" /><E32/><V6/><F6/><W83/><G54/><T113/><D113/><U110/><E110/><V132/><F53/><W94/><G94/><T65/><D7/><U2/><E2/><V9/><F22/><W74/><G74/><N who="0" m="43095" /><D66/><U77/><E101/><V15/><F103/><RYUUKYOKU ba="1,1" sc="270,15,240,-15,240,-15,240,15" hai0="11,12,19,28,59,62,65" hai3="73,79,83,84,87,133,134" /><INIT seed="0,2,1,1,4,108" ten="285,225,225,255" oya="0" hai0="106,72,66,128,54,29,105,129,64,74,125,55,51" hai1="17,126,116,104,49,95,24,46,10,132,50,25,135" hai2="42,117,35,34,1,60,40,70,111,13,89,133,45" hai3="124,122,44,68,2,5,39,102,7,127,93,96,32"/><T86/><D86/><U12/><E104/><N who="0" m="40041" /><D29/><U31/><E116/><V67/><F1/><W23/><G32/><T121/><D121/><U73/><E73/><N who="0" m="28265" /><D125/><N who="3" m="48201" /><G68/><T76/><D76/><U85/><E126/><V11/><F89/><W37/><G2/><T6/><D6/><U113/><E113/><V4/><F117/><W56/><G56/><T114/><D51/><N who="1" m="19467" /><E31/><V101/><F4/><W110/><G110/><T75/><N who="0" m="28273" /><T62/><DORA hai="69" /><D62/><U112/><E112/><V18/><F60/><W81/><G122/><T21/><D21/><U28/><E28/><V65/><F111/><W20/><G81/><T38/><D114/><U52/><E85/><V130/><F70/><W61/><G61/><T97/><D97/><U53/><E24/><V47/><F34/><W87/><G87/><T94/><D94/><U43/><E95/><V26/><F35/><W33/><G33/><T19/><D19/><U59/><E25/><V82/><F18/><W84/><G84/><T88/><D88/><U120/><E120/><V30/><F26/><W48/><G7/><T92/><D92/><U123/><E123/><V79/><F30/><W90/><G5/><T119/><D119/><U134/><E59/><V27/><F27/><W118/><G118/><T0/><D0/><U63/><E63/><V103/><F79/><W115/><G115/><T36/><D55/><U3/><E3/><V15/><F82/><W83/><G83/><T99/><D54/><U71/><E71/><V109/><F109/><W107/><G93/><T131/><D99/><U22/><E22/><N who="3" m="8234" /><G90/><T8/><D8/><RYUUKYOKU ba="2,1" sc="285,10,225,10,225,-30,255,10" hai0="36,38,64,66,128,129,131" hai1="10,12,17,43,46,52,53,132,134,135" hai3="37,39,44,48,96,102,107" /><INIT seed="0,3,1,0,1,119" ten="295,235,195,265" oya="0" hai0="46,24,54,58,57,95,112,82,134,123,48,109,81" hai1="114,26,35,133,83,79,78,76,128,53,38,121,68" hai2="105,118,17,73,71,85,1,90,94,100,104,126,15" hai3="64,2,117,7,16,41,115,34,132,93,45,61,49"/><T19/><D112/><U99/><E38/><V91/><F1/><W0/><G117/><T29/><D109/><U62/><E114/><V107/><F118/><W60/><G115/><T28/><D134/><U51/><E133/><V110/><F110/><W80/><G34/><T12/><D123/><U101/><E121/><V69/><F100/><W74/><G132/><T50/><D95/><U103/><E128/><V92/><F73/><W98/><G61/><T32/><D29/><U89/><E35/><V67/><F126/><W125/><G125/><T102/><D102/><U9/><E26/><V25/><F25/><W59/><G7/><T122/><D122/><U120/><E120/><V56/><F56/><W43/><G43/><T108/><D108/><U40/><E40/><V111/><F67/><W70/><G70/><T106/><D106/><U77/><E9/><V5/><F5/><W66/><G66/><T33/><D33/><U130/><E130/><V36/><F36/><W39/><G39/><T14/><D14/><U127/><E62/><V131/><F131/><W135/><G135/><T21/><D58/><N who="1" m="33087" /><E68/><V3/><F3/><W18/><G0/><T72/><D72/><U11/><E11/><V10/><REACH who="2" step="1"/><F111/><REACH who="2" ten="295,235,185,265" step="2"/><W52/><G64/><T65/><D65/><U124/><E124/><V75/><F75/><W86/><G74/><T30/><D28/><U97/><E127/><V129/><F129/><W27/><G27/><T55/><AGARI ba="3,2" hai="12,19,21,24,30,32,46,48,50,54,55,57,81,82" machi="55" ten="20,2100,0" yaku="0,1,7,1" doraHai="119" who="0" fromWho="0" sc="295,50,235,-10,185,-10,265,-10" /><INIT seed="0,4,0,5,0,4" ten="345,225,175,255" oya="0" hai0="126,68,102,73,40,85,118,133,5,12,58,20,108" hai1="2,30,48,131,110,8,106,115,99,32,132,72,42" hai2="22,56,119,97,83,62,37,6,100,19,70,122,7" hai3="135,86,15,17,57,117,82,90,41,45,11,71,13"/><T14/><D118/><U69/><RYUUKYOKU type="yao9" ba="4,0" sc="345,0,225,0,175,0,255,0" hai1="2,8,30,32,42,48,69,72,99,106,110,115,131,132" /><INIT seed="0,5,0,4,0,86" ten="345,225,175,255" oya="0" hai0="21,13,5,83,101,73,92,126,115,74,22,88,24" hai1="28,109,32,106,43,33,23,49,40,112,64,122,42" hai2="75,69,51,54,78,76,85,118,18,119,63,45,129" hai3="59,82,11,103,55,123,50,67,10,8,66,0,71"/><T15/><D115/><U89/><E106/><V60/><F75/><W133/><G133/><T70/><D70/><U25/><E122/><V132/><F132/><W17/><G123/><T77/><D126/><U111/><E112/><V79/><F129/><W120/><G120/><T34/><D74/><U6/><E64/><N who="3" m="24618" /><G71/><T41/><D101/><U134/><E134/><V108/><F108/><N who="1" m="41545" /><E6/><V48/><F69/><W3/><G3/><T131/><D131/><U90/><E49/><V98/><F98/><W62/><G0/><T100/><D100/><U35/><AGARI ba="5,0" hai="23,25,28,32,33,35,40,42,43,89,90" m="41545" machi="35" ten="40,5200,0" yaku="14,1,52,2" doraHai="86" who="1" fromWho="1" sc="345,-31,225,67,175,-18,255,-18" /><INIT seed="1,0,0,4,5,101" ten="314,292,157,237" oya="1" hai0="67,111,4,38,69,130,64,105,55,128,120,50,78" hai1="27,115,117,28,82,33,2,87,118,65,99,98,51" hai2="5,53,85,0,12,89,122,76,15,19,103,119,21" hai3="84,70,39,135,114,10,100,102,48,46,26,34,77"/><U16/><E115/><V52/><F122/><W59/><G70/><T104/><D120/><U66/><E2/><V31/><F119/><W63/><G39/><T109/><D38/><U131/><E131/><N who="0" m="50217" /><D4/><U75/><E75/><V54/><F76/><W7/><G135/><T108/><D78/><U43/><E118/><V18/><F31/><W61/><G26/><T8/><D8/><U20/><E117/><V42/><F42/><W17/><G17/><T14/><D14/><U29/><E51/><V73/><F73/><W94/><G34/><T121/><D121/><U30/><E43/><V9/><F103/><N who="3" m="39467" /><G59/><N who="0" m="33271" /><D69/><U60/><E33/><V83/><REACH who="2" step="1"/><F54/><REACH who="2" ten="314,292,147,237" step="2"/><W124/><G77/><T125/><D125/><U132/><E132/><V41/><F41/><W91/><G124/><T45/><D111/><U44/><E30/><V116/><F116/><W36/><G114/><T106/><D109/><U90/><E29/><V68/><F68/><W35/><G35/><T13/><D108/><U86/><E28/><V134/><F134/><W1/><G36/><T126/><D126/><U47/><E66/><V72/><F72/><W71/><G71/><T56/><D67/><U32/><E32/><V3/><F3/><W110/><G110/><T112/><D112/><U88/><E65/><V49/><F49/><W80/><G61/><N who="0" m="37927" /><D106/><U11/><E60/><V133/><F133/><W6/><G63/><T62/><D62/><U22/><E90/><V107/><F107/><W79/><G91/><T24/><D105/><U23/><E88/><V58/><F58/><W97/><G79/><T123/><D104/><RYUUKYOKU ba="0,1" sc="314,-10,292,-10,147,30,237,-10" hai2="0,5,9,12,15,18,19,21,52,53,83,85,89" /><INIT seed="2,1,1,0,3,30" ten="304,282,177,227" oya="2" hai0="122,82,124,60,133,73,9,32,50,62,11,108,93" hai1="15,5,83,49,70,125,131,115,109,129,74,44,75" hai2="107,38,47,99,48,20,81,91,41,4,79,118,120" hai3="25,92,61,29,67,80,89,69,117,106,17,68,6"/><V52/><F118/><W22/><G106/><T18/><D122/><U126/><E109/><V111/><F120/><W19/><G117/><T123/><D123/><U127/><E70/><V94/><F111/><W78/><G68/><T54/><D108/><U1/><E1/><V85/><F4/><W104/><G104/><T113/><D113/><U63/><E63/><V90/><F107/><W100/><G6/><T110/><D93/><U57/><E57/><V88/><REACH who="2" step="1"/><F20/><REACH who="2" ten="304,282,167,227" step="2"/><W53/><G100/><T86/><D110/><U42/><E115/><V14/><F14/><W105/><G105/><T7/><D7/><U40/><E5/><V34/><F34/><W55/><G22/><T2/><D32/><U26/><E15/><V135/><F135/><W12/><G12/><T45/><D133/><U28/><E127/><V87/><F87/><W121/><G121/><T51/><D86/><U36/><E126/><V33/><F33/><W65/><G25/><T84/><D84/><U58/><E125/><V95/><F95/><W130/><G92/><T31/><D124/><U24/><E75/><V96/><F96/><W10/><G10/><T16/><D73/><U0/><E24/><V64/><F64/><W8/><G65/><T77/><D11/><U132/><E132/><V116/><F116/><W71/><G67/><T13/><D13/><U35/><E74/><V23/><F23/><W101/><G8/><T59/><D9/><U98/><E98/><V102/><F102/><W76/><G101/><T66/><D66/><U114/><E114/><V43/><F43/><W103/><G103/><RYUUKYOKU ba="1,2" sc="304,-10,282,-10,167,30,227,-10" hai2="38,41,47,48,52,79,81,85,88,90,91,94,99" /><INIT seed="2,2,2,1,4,75" ten="294,272,197,217" oya="2" hai0="98,59,103,43,54,35,126,4,73,20,18,95,66" hai1="125,128,102,45,133,19,8,132,34,85,55,60,88" hai2="101,116,13,41,131,22,69,130,56,114,89,30,57" hai3="100,123,68,5,0,92,15,63,122,77,33,42,27"/><V120/><F114/><W82/><G15/><T83/><D126/><U31/><E125/><V58/><F120/><W93/><G42/><T1/><D35/><U46/><E102/><V38/><F116/><W3/><G93/><T74/><D66/><U51/><E128/><N who="2" m="49195" /><F69/><W106/><G92/><T70/><D70/><U14/><E45/><N who="2" m="23735" /><F101/><W86/><G27/><T9/><D43/><U29/><E60/><V81/><F30/><N who="1" m="11273" /><E34/><V96/><F96/><N who="3" m="61703" /><G33/><T91/><D103/><U84/><E84/><N who="2" m="50319" /><F13/><W23/><G0/><T71/><D71/><U129/><E129/><V135/><F22/><W118/><G23/><T111/><D111/><U6/><E6/><V53/><F135/><W49/><G118/><T17/><D17/><U16/><E19/><V26/><F26/><W113/><G113/><T47/><D47/><U28/><N who="1" m="11281" /><U79/><DORA hai="10" /><E79/><V109/><F109/><W78/><G78/><N who="0" m="44495" /><D74/><U52/><E55/><AGARI ba="2,2" hai="53,55,56,57,58" m="50319,23735,49195" machi="55" ten="30,1500,0" yaku="19,1" doraHai="75,10" who="2" fromWho="1" sc="294,0,272,-21,197,41,217,0" /><INIT seed="2,3,0,1,5,85" ten="294,251,238,217" oya="2" hai0="94,15,4,43,114,25,123,60,117,14,58,51,67" hai1="30,68,48,74,113,83,11,93,59,103,78,3,89" hai2="41,119,16,80,86,31,0,61,82,27,104,32,63" hai3="52,8,97,121,107,44,5,22,124,55,98,46,50"/><V35/><F119/><W49/><G121/><T81/><D123/><U76/><E68/><V12/><F32/><W130/><G130/><T87/><D114/><U115/><E78/><V79/><F0/><W62/><G124/><T33/><D117/><U131/><E131/><V110/><F110/><W36/><G36/><T45/><D4/><U88/><E30/><V20/><F104/><W39/><G39/><T108/><D108/><U17/><E103/><V134/><F134/><W37/><G37/><T21/><D33/><U28/><E28/><V26/><F41/><W109/><G109/><T125/><D94/><U100/><E100/><V111/><F111/><W133/><G133/><T70/><D70/><U23/><E11/><V19/><REACH who="2" step="1"/><F80/><REACH who="2" ten="294,251,228,217" step="2"/><W84/><G107/><T56/><D43/><U118/><E3/><V112/><F112/><W132/><G132/><T126/><D126/><U29/><E115/><V38/><F38/><W10/><G22/><AGARI ba="3,1" hai="12,16,19,20,22,26,27,31,35,61,63,79,82,86" machi="22" ten="30,5800,0" yaku="1,1,7,1,54,1,53,0" doraHai="85" doraHaiUra="66" who="2" fromWho="3" sc="294,0,251,0,228,77,217,-67" /><INIT seed="2,4,0,4,3,34" ten="294,251,305,150" oya="2" hai0="27,48,15,42,106,11,2,14,109,133,91,65,30" hai1="81,101,79,63,26,87,128,110,123,82,100,53,29" hai2="86,113,95,80,18,96,13,104,9,12,122,92,112" hai3="61,134,135,3,129,118,77,111,33,103,90,66,22"/><V62/><F122/><W132/><G33/><T36/><D36/><U108/><E123/><V41/><F104/><W60/><G118/><T120/><D106/><U89/><E63/><V85/><F41/><W68/><G111/><N who="1" m="42538" /><E53/><V45/><F45/><W24/><G129/><T21/><D91/><U119/><E119/><V38/><F38/><W127/><G127/><T6/><D65/><U43/><E43/><V57/><F112/><W107/><G77/><T31/><D120/><U125/><E125/><V130/><F113/><W39/><G39/><T83/><D83/><U0/><E0/><V117/><F130/><W105/><G90/><T102/><D102/><U10/><E10/><N who="2" m="6423" /><F117/><W54/><G103/><T98/><D109/><U49/><E49/><V69/><F69/><W23/><G3/><T73/><D48/><U20/><E128/><V28/><F28/><N who="3" m="17431" /><G23/><T17/><D42/><U75/><AGARI ba="4,0" hai="20,26,29,75,79,81,82,87,89,100,101" m="42538" machi="75" ten="30,1100,0" yaku="14,1" doraHai="34" who="1" fromWho="1" sc="294,-7,251,23,305,-9,150,-7" /><INIT seed="3,0,0,5,3,41" ten="287,274,296,143" oya="3" hai0="73,74,111,15,8,36,24,82,122,46,31,126,70" hai1="62,4,13,40,38,87,50,71,72,5,103,0,76" hai2="12,110,116,57,96,43,104,83,17,81,25,94,22" hai3="66,58,100,48,52,134,21,54,113,114,124,6,75"/><W80/><G6/><T14/><D122/><U7/><E87/><V92/><F116/><W102/><G75/><T33/><D111/><U77/><E50/><V16/><F110/><W68/><G80/><N who="2" m="30793" /><F104/><W42/><G100/><T2/><D126/><U132/><E13/><V61/><F43/><W9/><G9/><T127/><D127/><U26/><E26/><V19/><F96/><W106/><G21/><T37/><D70/><U28/><E28/><N who="2" m="17463" /><F12/><W89/><G89/><T32/><D82/><U133/><E103/><V115/><F115/><N who="3" m="44043" /><G102/><T135/><D24/><U95/><E95/><V101/><F101/><W11/><G11/><T3/><D8/><U1/><E72/><V93/><F93/><W99/><G99/><T23/><D23/><U63/><E71/><V10/><F10/><W109/><G106/><T97/><D97/><U56/><E40/><V84/><F84/><W123/><G124/><T45/><D135/><U35/><E35/><V69/><F69/><W120/><G109/><T129/><D129/><U98/><E98/><V128/><F128/><W64/><G134/><T91/><D91/><U105/><E105/><V117/><F117/><W55/><G68/><T90/><D90/><U20/><E20/><V65/><AGARI ba="0,0" hai="16,17,19,57,61,65,92,94" m="17463,30793" machi="65" ten="30,2000,0" yaku="8,1,54,1" doraHai="41" who="2" fromWho="2" sc="287,-5,274,-5,296,20,143,-10" /><INIT seed="4,0,0,5,3,73" ten="282,269,316,133" oya="0" hai0="112,131,133,28,67,44,57,50,125,30,120,75,71" hai1="35,32,130,105,26,97,39,55,84,66,64,59,100" hai2="11,129,53,42,93,46,38,79,45,90,123,60,135" hai3="124,101,52,20,37,17,31,14,92,110,40,16,96"/><T99/><D120/><U108/><E108/><V76/><F123/><W80/><G110/><T114/><D71/><U122/><E122/><V33/><F33/><W87/><G124/><T63/><D125/><U91/><E39/><V81/><F129/><W0/><G0/><T9/><D131/><U43/><E43/><V61/><F135/><W106/><G31/><T23/><D133/><U4/><E4/><V82/><F11/><W68/><G68/><T86/><D75/><U51/><E130/><V72/><F46/><W69/><G69/><T24/><D9/><U5/><E5/><V134/><F53/><W12/><G106/><T74/><D74/><U77/><E77/><V19/><F19/><W58/><G37/><T21/><D86/><U104/><E104/><V15/><F15/><N who="3" m="5675" /><G20/><T2/><D2/><U18/><E32/><V98/><F134/><W117/><G40/><N who="0" m="24839" /><D23/><U54/><E18/><V88/><F90/><N who="3" m="51559" /><G117/><T8/><D8/><U94/><E35/><V111/><F111/><W118/><G118/><T3/><D3/><U27/><E55/><V25/><F25/><W70/><G70/><T49/><D30/><U1/><E1/><V83/><F83/><W41/><G41/><T78/><D28/><U36/><E36/><V13/><F13/><W6/><G6/><T48/><D21/><U115/><E26/><V22/><F22/><W127/><G127/><T107/><D24/><U7/><E7/><V128/><F128/><W85/><G85/><AGARI ba="0,0" hai="38,42,45,60,61,72,76,79,81,82,85,88,93,98" machi="85" ten="30,7700,0" yaku="7,1,52,2,54,1" doraHai="73" who="2" fromWho="3" sc="282,0,269,0,316,77,133,-77" /><INIT seed="5,0,0,1,1,93" ten="282,269,393,56" oya="1" hai0="6,118,87,23,109,92,133,43,59,53,122,24,10" hai1="96,3,41,102,121,120,29,117,107,75,8,12,112" hai2="64,9,70,26,94,135,72,99,55,21,71,113,15" hai3="105,85,89,16,57,123,38,114,45,106,115,131,124"/><U69/><E117/><V25/><F72/><W103/><G123/><T44/><D118/><U91/><E112/><N who="3" m="43050" /><G131/><T58/><D109/><U35/><E91/><V127/><F113/><W119/><G119/><T129/><D133/><U60/><E41/><V36/><F55/><W63/><G124/><T84/><D129/><U97/><E75/><V2/><F2/><W19/><G45/><T101/><D122/><U90/><E12/><V88/><F36/><W37/><G37/><T134/><D134/><U0/><E90/><V28/><F135/><W32/><G32/><T95/><D10/><U125/><E96/><V62/><F127/><W61/><G38/><T7/><D101/><U40/><E40/><V20/><F70/><W52/><G63/><T65/><D24/><N who="1" m="18855" /><E125/><V39/><F39/><W79/><G79/><T48/><D43/><U1/><E8/><V5/><F25/><W81/><G106/><T104/><D104/><U56/><E56/><V83/><F83/><W49/><G61/><T22/><D44/><U100/><E100/><V132/><F132/><W108/><G108/><T110/><D110/><U74/><E74/><V68/><F71/><W18/><G18/><T54/><D48/><U78/><E78/><V11/><F9/><W86/><G85/><T76/><D76/><U30/><E30/><V128/><F128/><W116/><G116/><T73/><D73/><U13/><E13/><V34/><AGARI ba="0,0" hai="5,11,15,20,21,26,28,34,62,64,68,88,94,99" machi="34" ten="20,5200,0" yaku="0,1,7,1,52,1,54,1" doraHai="93" who="2" fromWho="2" sc="282,-13,269,-26,393,52,56,-13" /><INIT seed="6,0,0,5,5,35" ten="269,243,445,43" oya="2" hai0="78,79,98,109,93,124,134,27,135,131,67,99,91" hai1="25,4,36,28,45,88,33,89,120,129,8,104,38" hai2="29,130,34,64,15,108,100,83,31,106,96,43,125" hai3="11,63,97,23,123,95,21,13,110,19,126,49,80"/><V105/><F105/><W81/><G110/><T132/><D109/><U46/><E104/><V61/><F108/><W113/><G123/><T102/><D131/><U60/><E120/><V62/><F43/><W37/><G37/><T133/><D124/><U5/><E129/><V85/><F125/><W84/><G126/><T58/><D135/><U48/><E60/><N who="2" m="23147" /><F64/><W118/><G118/><T127/><D127/><U73/><E4/><V82/><F15/><W3/><G113/><T122/><D122/><U117/><E73/><V7/><F7/><W92/><G63/><N who="0" m="38391" /><D27/><U77/><E77/><V87/><F31/><W40/><G80/><T10/><D10/><U56/><E56/><V20/><F20/><W18/><G3/><T71/><D71/><U76/><E76/><V26/><F130/><W17/><G40/><T41/><D41/><U68/><E68/><V111/><F111/><W103/><G49/><T66/><D66/><U52/><E117/><V54/><F54/><W22/><REACH who="3" step="1"/><G95/><AGARI ba="0,0" hai="78,79,91,93,95,98,99,102,132,133,134" m="38391" machi="95" ten="30,1000,0" yaku="20,1" doraHai="35" who="0" fromWho="3" sc="269,10,243,0,445,0,43,-10" /><INIT seed="7,0,0,1,4,20" ten="279,243,445,33" oya="3" hai0="61,118,8,72,88,74,51,78,30,104,56,92,57" hai1="23,102,121,113,67,41,81,107,93,52,0,5,68" hai2="114,29,33,43,1,49,45,130,13,17,95,32,132" hai3="134,62,46,77,98,99,9,24,12,115,126,122,65"/><W27/><G122/><T112/><D118/><U3/><E107/><V16/><F1/><W133/><G115/><T53/><D104/><U110/><E121/><V70/><F114/><W131/><G77/><T79/><D112/><U19/><E41/><V100/><F70/><W6/><G126/><T90/><D30/><U7/><E110/><V14/><F29/><W135/><G46/><T117/><D117/><U129/><E68/><V89/><F100/><W120/><G131/><T85/><D8/><U116/><E67/><V111/><F111/><W63/><G120/><T84/><D74/><U103/><E129/><V66/><F132/><W119/><G119/><T39/><D39/><U11/><E81/><V80/><F80/><W38/><G38/><T106/><D106/><U101/><E113/><V44/><F66/><W36/><G36/><T82/><D72/><U71/><E71/><V40/><F130/><W97/><REACH who="3" step="1"/><G63/><REACH who="3" ten="279,243,445,23" step="2"/><T128/><D128/><U124/><E116/><V59/><F44/><W48/><G48/><T37/><D37/><U87/><E124/><V108/><F49/><W86/><G86/><T105/><D79/><U18/><E87/><V91/><F45/><W25/><G25/><T83/><D78/><U55/><E0/><V60/><F60/><W4/><G4/><T26/><D26/><U28/><E3/><V73/><F73/><W69/><AGARI ba="0,1" hai="6,9,12,24,27,62,65,69,97,98,99,133,134,135" machi="69" ten="40,12000,1" yaku="1,1,0,1,20,1,52,2,53,0" doraHai="20" doraHaiUra="35" who="3" fromWho="3" sc="279,-40,243,-40,445,-40,23,130" /><INIT seed="7,1,0,0,0,91" ten="239,203,405,153" oya="3" hai0="79,42,131,81,9,48,44,53,19,5,40,51,99" hai1="25,33,52,122,35,23,82,37,101,133,70,76,114" hai2="110,46,93,57,4,105,14,49,10,55,12,118,13" hai3="61,115,107,108,103,90,97,94,72,120,126,63,102"/><W22/><G120/><T16/><D131/><U27/><E122/><V64/><F110/><W129/><G108/><T60/><D60/><U78/><E70/><V71/><F105/><W65/><G129/><T56/><D42/><U109/><E37/><V45/><F118/><W62/><G72/><T31/><D31/><U17/><E101/><V11/><F71/><W124/><G115/><T26/><D99/><U54/><E109/><V34/><F34/><W116/><G116/><T66/><D66/><U30/><E114/><V100/><F64/><W128/><G128/><T86/><D26/><U96/><E133/><V84/><F84/><N who="3" m="52551" /><G103/><T2/><AGARI ba="1,0" hai="2,5,9,16,19,40,44,48,51,53,56,79,81,86" machi="2" ten="20,2700,0" yaku="0,1,7,1,54,1" doraHai="91" who="0" fromWho="0" sc="239,30,203,-8,405,-8,153,-14" owari="269,7.0,195,-20.0,397,49.0,139,-36.0" /></mjloggm>