<mjloggm ver="2.3"><GO type="169" lobby="0"/><UN n0="%6E%69%6A%69" n1="%33%33%62%6C%61%63%6B" n2="%E7%B7%9A%E5%BD%A2%E8%A8%88%E7%94%BB%E6%B3%95" n3="%E9%8A%80%E3%81%B0%E3%81%95%E3%81%BF" dan="17,16,16,19" rate="2178.85,2078.62,2124.53,2318.62" sx="M,M,M,M"/><TAIKYOKU oya="0"/><INIT seed="0,0,0,2,0,132" ten="250,250,250,250" oya="0" hai0="8,45,101,111,127,91,108,10,131,50,107,55,17" hai1="20,7,65,2,135,6,112,24,56,68,52,120,113" hai2="60,42,30,71,40,87,124,63,27,37,38,19,34" hai3="26,88,16,97,103,82,93,105,22,31,36,133,104"/><T43/><D131/><U109/><E120/><V75/><F75/><W11/><G133/><T62/><D101/><U85/><E135/><V122/><F122/><W100/><G36/><T90/><D107/><U96/><E96/><V61/><F71/><W29/><G104/><T13/><D8/><U51/><E85/><V57/><F57/><W119/><G119/><T110/><D127/><U126/><E126/><V79/><F124/><W49/><G105/><T69/><REACH who="0" step="1"/><D55/><REACH who="0" ten="240,250,250,250" step="2"/><U114/><E2/><V98/><F37/><W117/><G117/><T47/><D47/><U5/><E109/><V54/><F38/><W46/><G11/><T41/><D41/><U70/><REACH who="1" step="1"/><E65/><AGARI ba="0,1" hai="10,13,17,43,45,50,62,65,69,90,91,108,110,111" machi="65" ten="40,7700,0" yaku="1,1,14,1,10,1,53,0" doraHai="132" doraHaiUra="99" who="0" fromWho="1" sc="240,87,250,-77,250,0,250,0" /><INIT seed="0,1,0,3,3,87" ten="327,173,250,250" oya="0" hai0="117,80,100,12,106,51,35,122,72,46,3,56,49" hai1="116,36,135,20,133,32,16,1,39,76,5,118,128" hai2="114,134,119,70,94,71,123,84,124,17,52,132,26" hai3="43,54,21,47,126,68,19,73,63,110,45,107,113"/><T2/><D35/><U86/><E32/><V103/><F114/><W57/><G107/><T97/><D117/><U44/><E1/><V8/><F123/><W40/><G73/><T67/><D122/><U83/><E5/><V28/><F124/><W50/><G113/><T27/><D27/><U98/><E128/><V129/><F129/><W120/><G120/><T33/><D33/><U23/><E98/><V59/><F119/><W34/><G34/><T90/><D12/><U74/><E74/><V131/><F17/><W125/><G110/><T79/><D51/><U101/><E101/><V65/><F65/><N who="3" m="41023" /><G21/><T75/><D75/><U91/><E76/><V92/><F8/><W4/><G19/><T0/><D67/><U58/><E23/><V22/><F94/><W89/><G89/><T127/><D56/><U37/><E58/><V64/><F64/><W81/><G81/><T105/><D105/><U10/><E10/><V88/><F103/><W111/><G4/><T38/><D38/><U48/><E118/><V85/><F85/><W25/><G25/><T112/><D127/><N who="3" m="48649" /><G111/><T53/><D112/><U99/><E99/><V82/><F82/><W104/><G104/><T66/><D66/><U15/><REACH who="1" step="1"/><E116/><REACH who="1" ten="327,163,250,250" step="2"/><V41/><F131/><W108/><G108/><T31/><D31/><U18/><E18/><V96/><F96/><W11/><G11/><T77/><D77/><U130/><E130/><V95/><F28/><W7/><G7/><T29/><D29/><U109/><E109/><V115/><F115/><W30/><G30/><T60/><D0/><U78/><E78/><RYUUKYOKU ba="1,1" sc="327,-15,163,15,250,-15,250,15" hai1="15,16,20,36,37,39,44,48,83,86,91,133,135" hai3="40,43,45,47,50,54,57" /><INIT seed="1,2,1,1,5,67" ten="312,178,235,265" oya="1" hai0="93,64,19,55,4,78,81,105,41,9,94,75,69" hai1="92,90,74,96,6,123,0,104,22,34,12,113,130" hai2="37,95,65,58,25,70,7,28,98,116,21,15,114" hai3="110,126,85,101,43,35,8,56,61,112,48,79,102"/><U59/><E113/><V39/><F116/><W17/><G35/><T80/><D105/><U115/><E115/><V72/><F72/><W38/><G38/><T134/><D41/><U16/><E123/><V57/><F70/><W103/><G112/><T76/><D19/><U11/><E74/><V84/><F84/><W82/><G110/><T86/><D134/><U111/><E111/><V44/><F58/><W47/><G126/><T20/><D20/><U87/><E130/><V36/><F15/><N who="3" m="7399" /><G101/><T54/><D54/><AGARI ba="2,1" hai="43,47,48,54,56,61,79,82,85,102,103" m="7399" machi="54" ten="30,1000,0" yaku="8,1" doraHai="67" who="3" fromWho="0" sc="312,-16,178,0,235,0,265,26" /><INIT seed="2,0,0,5,2,37" ten="296,178,235,291" oya="2" hai0="132,30,103,48,86,45,62,53,50,98,4,31,107" hai1="119,74,68,83,85,131,60,46,57,40,22,101,66" hai2="133,27,0,87,105,16,118,70,72,122,125,29,8" hai3="81,34,99,102,100,15,38,88,69,134,47,120,11"/><V128/><RYUUKYOKU type="yao9" ba="0,0" sc="296,0,178,0,235,0,291,0" hai2="0,8,16,27,29,70,72,87,105,118,122,125,128,133" /><INIT seed="2,1,0,3,1,88" ten="296,178,235,291" oya="2" hai0="116,64,120,19,17,3,24,77,26,130,133,20,131" hai1="93,8,1,102,111,23,25,105,61,69,65,36,103" hai2="22,53,119,2,52,32,78,104,58,70,122,110,10" hai3="7,128,50,27,106,6,99,48,80,84,87,112,72"/><V38/><F32/><W44/><G72/><T59/><D3/><U5/><E36/><V114/><F119/><W121/><G121/><T68/><D68/><U51/><E111/><V67/><F70/><W57/><G128/><T45/><D77/><U35/><E105/><V28/><F38/><W13/><G112/><T74/><D74/><U123/><E123/><V41/><F41/><W47/><G57/><T42/><D120/><U108/><E108/><V91/><F78/><W117/><G27/><T4/><D4/><U97/><E35/><V29/><F104/><W76/><G117/><T89/><D133/><U75/><E51/><V124/><F124/><W18/><G87/><T135/><D135/><U113/><E75/><V37/><F37/><W92/><G106/><T100/><D100/><U83/><E83/><V40/><F40/><N who="3" m="24583" /><G50/><T33/><D116/><U98/><E113/><V12/><F2/><W109/><G47/><T96/><D45/><U73/><E73/><V11/><F58/><W118/><G109/><T14/><D42/><U79/><E79/><V126/><F126/><W9/><G118/><T81/><D59/><U85/><E85/><V71/><F71/><W34/><G34/><T129/><D64/><U15/><E1/><V134/><F134/><W21/><G9/><N who="0" m="6351" /><D33/><U54/><E54/><V125/><F125/><W16/><G18/><T39/><D39/><U30/><REACH who="1" step="1"/><E98/><REACH who="1" ten="296,168,235,291" step="2"/><V90/><F110/><W115/><G115/><T86/><D96/><U101/><AGARI ba="1,1" hai="5,8,15,23,25,30,61,65,69,93,97,101,102,103" machi="101" ten="20,8000,1" yaku="1,1,2,1,0,1,7,1,52,1,53,0" doraHai="88" doraHaiUra="31" who="1" fromWho="1" sc="296,-21,168,93,235,-41,291,-21" /><INIT seed="3,0,0,5,0,21" ten="275,261,194,270" oya="3" hai0="98,80,112,111,114,37,41,119,92,43,45,53,18" hai1="55,125,15,94,70,74,50,5,108,27,46,0,25" hai2="13,58,67,14,77,40,23,36,59,79,96,123,33" hai3="135,19,38,24,117,49,84,3,120,128,109,81,106"/><W11/><G38/><T124/><D119/><U113/><E74/><V89/><F33/><W7/><G117/><T1/><D1/><U126/><E113/><N who="0" m="43625" /><D111/><U39/><E108/><V17/><F123/><W131/><G109/><T91/><D124/><N who="1" m="47723" /><E70/><V32/><F32/><W105/><G120/><T115/><D115/><U116/><E116/><V121/><F121/><W54/><G135/><T6/><D6/><U78/><E78/><V48/><F36/><W26/><G105/><T52/><D41/><N who="1" m="22847" /><E94/><V66/><F89/><N who="3" m="51343" /><G19/><T90/><D18/><U44/><E0/><V62/><F96/><W86/><G86/><AGARI ba="0,0" hai="37,43,45,52,53,80,86,90,91,92,98" m="43625" machi="86" ten="30,2000,0" yaku="11,1,54,1" doraHai="21" who="0" fromWho="3" sc="275,20,261,0,194,0,270,-20" /><INIT seed="4,0,0,1,0,132" ten="295,261,194,250" oya="0" hai0="112,65,25,97,94,22,129,41,104,30,76,33,38" hai1="32,91,124,86,90,58,93,92,115,4,73,64,20" hai2="96,127,27,82,85,11,59,62,50,69,125,21,44" hai3="116,135,52,10,119,84,131,54,47,120,117,72,79"/><T31/><D104/><U35/><E73/><V109/><F69/><W102/><G135/><T7/><D112/><U6/><E115/><V9/><F96/><W15/><G72/><T49/><D38/><U130/><E130/><V71/><F71/><W75/><G75/><T95/><D76/><U78/><E78/><V81/><F109/><W105/><G131/><T56/><D7/><U113/><E113/><V98/><F98/><W16/><G120/><T43/><D129/><U122/><E122/><V23/><F9/><W66/><G66/><T88/><D31/><U101/><E101/><V26/><F11/><W77/><G77/><T18/><D94/><U24/><E64/><V12/><F12/><W55/><G102/><T87/><D97/><U80/><E58/><V111/><F111/><W60/><G105/><T110/><D110/><U3/><E3/><V126/><F23/><W19/><G60/><T0/><D0/><U29/><E80/><N who="2" m="30827" /><F21/><W89/><G79/><T36/><D36/><U83/><E83/><V34/><F85/><W128/><G128/><T40/><D65/><U118/><E86/><V103/><F34/><W48/><REACH who="3" step="1"/><G19/><REACH who="3" ten="295,261,194,240" step="2"/><T53/><D18/><U63/><E63/><V100/><F103/><W51/><G51/><T61/><D49/><U106/><E106/><V5/><F100/><W8/><G8/><T123/><D123/><U74/><E74/><V57/><F62/><W45/><G45/><T99/><D87/><U121/><E121/><V1/><F44/><W67/><G67/><T107/><D107/><U134/><E134/><V46/><F46/><RYUUKYOKU ba="0,1" sc="295,15,261,-15,194,-15,240,15" hai0="22,25,30,33,40,41,43,53,56,61,88,95,99" hai3="10,15,16,47,48,52,54,55,84,89,116,117,119" /><INIT seed="4,1,1,3,4,133" ten="310,246,179,255" oya="0" hai0="107,67,108,2,33,113,80,100,74,42,32,109,87" hai1="57,48,3,75,20,91,73,7,112,116,36,19,65" hai2="11,78,5,102,9,88,71,129,47,101,35,72,64" hai3="12,14,84,15,131,24,6,25,125,68,26,96,34"/><T61/><D2/><U37/><E116/><V85/><F35/><W53/><G68/><T10/><D10/><U54/><E65/><V120/><F120/><W94/><G34/><T27/><D42/><U59/><E59/><V97/><F129/><W118/><G118/><T123/><D123/><U17/><E112/><V29/><F29/><W46/><G131/><T92/><D92/><U99/><E19/><V23/><F23/><W39/><G84/><T86/><D74/><U83/><E73/><V31/><F31/><W104/><G104/><T117/><D86/><U49/><E49/><V50/><F78/><W43/><G53/><T124/><D113/><U63/><E48/><V130/><F72/><W21/><G6/><T95/><D95/><U4/><E75/><V62/><F130/><W82/><G82/><T30/><D33/><U16/><E17/><V56/><F71/><W103/><REACH who="3" step="1"/><G125/><REACH who="3" ten="310,246,179,245" step="2"/><T52/><D124/><U132/><E83/><V1/><F97/><W115/><G115/><T45/><D117/><U114/><E114/><V51/><F5/><W90/><G90/><T41/><D87/><U22/><E4/><V135/><F88/><W79/><G79/><T18/><D52/><U0/><E54/><V128/><F85/><W110/><G110/><T98/><D80/><U58/><E7/><V119/><F128/><W105/><G105/><T8/><D109/><U69/><E69/><V76/><F119/><W127/><G127/><T40/><D108/><U81/><E91/><V66/><F76/><W28/><AGARI ba="1,2" hai="12,14,15,21,24,25,26,28,39,43,46,94,96,103" machi="28" ten="30,4000,0" yaku="1,1,0,1,53,1" doraHai="133" doraHaiUra="89" who="3" fromWho="3" sc="310,-21,246,-11,179,-11,245,63" /><INIT seed="5,0,0,1,0,13" ten="289,235,168,308" oya="1" hai0="133,21,73,55,10,19,80,84,0,11,23,50,14" hai1="109,124,32,76,107,78,40,106,39,61,135,63,94" hai2="29,71,91,95,81,115,20,5,99,31,113,72,53" hai3="77,58,104,2,64,111,74,114,130,12,28,125,34"/><U90/><E32/><V70/><F5/><W67/><G2/><T1/><D73/><U108/><E135/><V30/><F53/><W25/><G104/><T93/><D133/><U6/><E6/><V121/><F121/><W116/><G111/><N who="1" m="42570" /><E124/><V44/><F44/><W54/><G114/><N who="2" m="43529" /><F72/><W117/><G130/><T33/><D33/><U65/><E39/><V75/><F75/><W105/><G125/><T9/><D93/><U134/><E40/><V68/><F81/><W46/><G105/><N who="1" m="39946" /><E134/><V79/><F79/><N who="1" m="30249" /><E65/><V88/><F20/><W47/><G67/><T83/><D21/><U59/><E59/><V48/><F48/><W24/><G64/><T16/><D0/><U118/><E118/><V52/><F52/><W27/><G54/><T96/><D1/><U43/><E43/><V127/><F127/><W38/><G58/><T122/><D55/><U57/><E57/><V132/><F132/><W129/><G38/><T92/><D50/><U128/><E128/><V15/><F15/><W7/><G129/><T103/><D14/><U98/><AGARI ba="0,0" hai="61,63,90,94,98" m="30249,39946,42570" machi="98" ten="40,2100,0" yaku="10,1" doraHai="13" who="1" fromWho="1" sc="289,-7,235,21,168,-7,308,-7" /><INIT seed="5,1,0,3,0,64" ten="282,256,161,301" oya="1" hai0="62,46,112,56,109,17,119,10,99,72,80,7,18" hai1="23,2,67,84,93,12,66,114,21,105,37,97,61" hai2="89,78,53,108,134,49,50,85,133,29,110,40,1" hai3="22,30,111,54,128,106,98,28,41,8,76,92,107"/><U77/><E2/><V48/><F1/><W129/><G111/><N who="2" m="42537" /><F78/><W60/><G76/><T88/><D119/><U27/><E105/><V4/><F4/><W94/><G41/><T121/><D72/><U100/><E37/><V102/><F29/><W73/><G73/><T11/><D121/><U132/><E132/><N who="2" m="50795" /><F89/><W3/><G3/><T135/><D46/><U33/><E33/><V87/><F102/><W9/><G22/><T117/><D117/><U103/><E103/><V58/><F87/><W91/><G91/><T74/><D74/><U14/><E114/><V68/><F85/><W42/><G42/><T126/><D112/><U69/><E67/><V130/><F130/><W75/><G75/><T35/><D35/><U127/><E127/><V16/><F16/><W6/><G6/><T57/><D126/><U52/><E52/><V96/><F96/><W45/><G54/><T39/><D99/><U95/><E23/><V0/><F0/><W118/><G98/><T70/><D109/><U15/><E95/><V47/><F68/><W101/><G101/><T104/><D104/><U65/><E65/><V59/><F59/><W71/><G71/><T113/><D135/><U120/><E120/><V125/><F125/><W63/><G118/><T116/><D116/><U13/><N who="1" m="3072" /><DORA hai="5" /><U38/><E84/><V26/><F26/><W19/><G19/><T36/><D17/><N who="1" m="12719" /><E77/><V115/><F115/><W31/><G31/><T32/><D113/><U20/><E20/><V123/><F123/><W122/><G122/><T82/><D32/><U83/><E83/><V90/><F90/><RYUUKYOKU ba="1,0" sc="282,-30,256,10,161,10,301,10" hai1="38,61,66,69,93,97,100" hai2="40,47,48,49,50,53,58" hai3="8,9,28,30,45,60,63,92,94,106,107,128,129" /><INIT seed="5,2,0,4,1,106" ten="252,266,171,311" oya="1" hai0="72,108,114,131,13,11,79,35,77,17,15,76,24" hai1="5,109,98,46,56,69,115,25,121,42,34,39,6" hai2="86,20,60,57,99,85,100,120,107,19,110,40,70" hai3="48,73,18,94,133,65,26,88,127,2,4,134,74"/><U132/><E121/><V50/><F120/><W32/><G65/><T49/><D108/><U105/><E69/><V91/><F70/><W87/><G127/><T3/><D3/><U9/><E109/><V0/><F0/><W123/><G123/><T63/><D114/><U111/><E111/><V68/><F68/><W7/><G48/><T124/><D124/><U102/><E115/><V43/><F50/><W135/><G18/><T28/><D63/><U83/><E132/><V12/><F86/><W33/><G26/><T101/><D131/><U66/><E83/><V93/><REACH who="2" step="1"/><F110/><REACH who="2" ten="252,266,161,311" step="2"/><W119/><G2/><T53/><D49/><U38/><E38/><V71/><F71/><W16/><G119/><T1/><D1/><U61/><REACH who="1" step="1"/><E9/><REACH who="1" ten="252,256,161,311" step="2"/><V118/><F118/><W55/><G135/><T82/><D11/><U8/><E8/><V10/><F10/><W37/><G134/><T52/><D82/><U104/><E104/><V36/><F36/><W95/><G37/><T41/><D77/><U54/><E54/><AGARI ba="2,2" hai="12,19,20,40,43,54,57,60,85,91,93,99,100,107" machi="54" ten="30,2000,0" yaku="1,1,7,1,53,0" doraHai="106" doraHaiUra="22" who="2" fromWho="1" sc="252,0,256,-26,161,46,311,0" /><INIT seed="6,0,0,5,0,124" ten="252,230,207,311" oya="2" hai0="56,130,63,109,35,105,54,50,134,135,41,129,1" hai1="32,82,34,40,55,64,68,14,24,132,9,116,123" hai2="104,120,13,77,86,85,20,101,5,98,81,125,29" hai3="87,112,73,38,62,65,42,84,53,92,126,97,131"/><V37/><F125/><W47/><G126/><T111/><D105/><U39/><E116/><V115/><F37/><W17/><G73/><T59/><D1/><U119/><E119/><V19/><F120/><W0/><G0/><T96/><D35/><U31/><E123/><V103/><F115/><W67/><G112/><T43/><D96/><U16/><E132/><N who="0" m="50729" /><D41/><U23/><E82/><V7/><F103/><W79/><G79/><T27/><D27/><U33/><E55/><V75/><REACH who="2" step="1"/><F29/><REACH who="2" ten="252,230,197,311" step="2"/><W69/><G38/><T46/><D59/><U49/><E39/><V25/><F25/><W3/><G69/><T127/><D127/><U15/><E15/><V91/><F91/><W94/><G3/><T28/><D28/><U76/><E76/><V72/><F72/><W121/><G121/><T90/><D90/><U88/><E88/><V30/><F30/><W2/><G2/><T128/><AGARI ba="0,1" hai="43,46,50,54,56,63,109,111,128,129,130" m="50729" machi="128" ten="40,12000,2" yaku="19,1,20,1,34,2,52,3" doraHai="124" who="0" fromWho="0" sc="252,130,230,-30,197,-60,311,-30" /><INIT seed="7,0,0,4,1,100" ten="382,200,137,281" oya="3" hai0="63,82,34,99,47,128,111,92,70,123,32,93,94" hai1="98,66,33,17,118,27,126,104,16,129,119,48,11" hai2="13,131,133,80,91,1,23,26,59,124,24,114,68" hai3="88,122,19,130,2,121,40,4,56,3,61,18,14"/><W116/><G116/><N who="1" m="44586" /><E66/><V72/><F1/><W127/><G3/><T85/><D111/><U109/><E48/><V115/><F68/><W30/><G122/><T49/><D128/><U20/><E109/><V81/><F131/><W39/><G121/><T29/><D123/><U9/><E98/><V51/><F133/><W108/><G108/><T52/><D29/><N who="1" m="19647" /><E129/><V38/><F38/><W35/><G130/><T90/><D99/><U71/><E71/><V22/><F124/><W134/><G127/><T0/><D0/><U132/><E132/><V105/><F72/><W112/><G134/><T58/><D70/><U69/><E69/><V41/><F13/><W87/><G2/><T36/><D36/><U125/><E104/><V95/><F41/><W67/><G112/><T57/><D57/><U12/><E9/><V46/><F46/><W25/><G39/><T15/><D15/><U120/><E120/><V97/><F51/><W102/><G102/><T6/><D6/><U10/><E10/><V64/><F97/><W106/><G40/><T78/><D90/><U79/><E79/><V96/><F96/><W73/><G73/><T7/><D7/><U86/><E86/><V74/><F74/><W62/><G62/><T83/><D83/><U113/><E113/><V42/><F42/><W50/><G50/><T84/><D84/><U107/><E107/><V101/><F101/><W60/><G106/><T53/><AGARI ba="0,0" hai="32,34,47,49,52,53,58,63,78,82,85,92,93,94" machi="53" ten="30,2000,0" yaku="0,1,54,1" doraHai="100" who="0" fromWho="0" sc="382,20,200,-5,137,-5,281,-10" owari="402,50.0,195,-20.0,132,-37.0,271,7.0" /></mjloggm>