<mjloggm ver="2.3"><GO type="169" lobby="0"/><UN n0="%EF%BC%BC%28%EF%BC%BE%6F%EF%BC%BE%29%EF%BC%8F%E2%98%85" n1="%62%75%74%69%74%61%6D%61" n2="%64%6F%6D%65%73%75%31%36" n3="%E8%92%BC%E9%B4%89" dan="19,17,17,16" rate="2228.63,2113.21,2150.30,2118.27" sx="M,M,M,M"/><TAIKYOKU oya="0"/><INIT seed="0,0,0,1,3,103" ten="250,250,250,250" oya="0" hai0="95,39,85,32,4,83,55,111,135,16,82,19,77" hai1="105,121,122,52,124,60,31,9,131,34,11,109,110" hai2="75,71,134,26,106,38,8,79,133,102,90,58,23" hai3="65,119,56,108,43,61,30,98,80,59,42,36,46"/><T64/><D39/><U10/><E131/><V101/><F71/><W27/><G119/><T15/><D32/><U91/><E124/><V93/><F38/><W47/><G108/><N who="1" m="41578" /><E105/><V0/><F58/><W89/><G59/><T20/><D111/><U48/><E60/><V63/><F63/><W50/><G80/><T118/><D118/><U29/><E91/><V5/><F79/><W51/><G36/><T14/><D135/><N who="2" m="51722" /><F75/><W1/><G1/><T87/><D4/><U69/><E69/><V107/><F101/><W125/><G125/><T7/><D7/><U17/><E17/><N who="2" m="12655" /><F102/><W115/><G115/><T68/><D95/><U128/><E128/><V49/><F49/><W25/><G30/><N who="1" m="11274" /><E34/><V74/><F74/><W33/><G33/><T112/><D112/><U57/><AGARI ba="0,0" hai="9,10,11,48,52,57,121,122" m="11274,41578" machi="57" ten="40,2700,0" yaku="14,1,54,1" doraHai="103" who="1" fromWho="1" sc="250,-13,250,27,250,-7,250,-7" /><INIT seed="1,0,0,4,5,111" ten="237,277,243,243" oya="1" hai0="55,129,25,100,18,42,56,89,44,36,50,71,113" hai1="120,99,91,105,90,15,131,24,49,53,59,11,0" hai2="132,22,51,7,47,134,87,17,84,5,80,14,4" hai3="26,3,128,96,103,124,8,35,98,62,110,97,60"/><U130/><E120/><V34/><F34/><W112/><G110/><T38/><D100/><U121/><E121/><V108/><F108/><W63/><G124/><T52/><D129/><N who="1" m="49163" /><E0/><V74/><F74/><W65/><G128/><T123/><D123/><U10/><E24/><V75/><F75/><W20/><G35/><T114/><D89/><N who="1" m="33803" /><E15/><V54/><REACH who="2" step="1"/><F80/><REACH who="2" ten="237,277,233,243" step="2"/><W118/><G118/><T6/><D114/><U64/><E64/><V102/><F102/><AGARI ba="0,1" hai="10,11,49,53,59,99,102,105" m="33803,49163" machi="102" ten="30,1500,0" yaku="19,1" doraHai="111" who="1" fromWho="2" sc="237,0,277,25,233,-15,243,0" /><INIT seed="1,1,0,0,0,98" ten="237,302,218,243" oya="1" hai0="75,116,64,100,76,122,15,124,32,7,89,91,103" hai1="5,85,23,78,120,93,134,113,43,36,1,81,30" hai2="130,24,13,42,118,50,95,18,28,51,107,39,92" hai3="29,9,41,31,84,11,4,86,54,131,125,63,132"/><U44/><E120/><V25/><F118/><W115/><G125/><T48/><D116/><U6/><E113/><V112/><F112/><W97/><G131/><T19/><D32/><U70/><E134/><V53/><F107/><W90/><G132/><T56/><D124/><U129/><E129/><V126/><F130/><W61/><G41/><T101/><D122/><U68/><E93/><V79/><F79/><W66/><G54/><N who="0" m="31815" /><D75/><U128/><E128/><V33/><F126/><W10/><G4/><T2/><D2/><U52/><E52/><V127/><F25/><W40/><G40/><T21/><D7/><U37/><E37/><V135/><F135/><W82/><G115/><T38/><D38/><U22/><E5/><V57/><F127/><W49/><G49/><T96/><D76/><U94/><E94/><V17/><F39/><W102/><G84/><T72/><D72/><U106/><E106/><V119/><F119/><W110/><G110/><T34/><D34/><U117/><E117/><V114/><F114/><W55/><G55/><T45/><D96/><U123/><E123/><V99/><F99/><W14/><G66/><T12/><D64/><U77/><E77/><V71/><F71/><W80/><G80/><T20/><D45/><U35/><E35/><V67/><F67/><W46/><G46/><T109/><D109/><U58/><E58/><V111/><F111/><W65/><G65/><T105/><D105/><U47/><E47/><V69/><F69/><N who="1" m="26729" /><E30/><V108/><F108/><W121/><G121/><T60/><D60/><U27/><E27/><V104/><F104/><RYUUKYOKU ba="1,0" sc="237,15,302,15,218,-15,243,-15" hai0="12,15,19,20,21,89,91,100,101,103" hai1="1,6,22,23,36,43,44,78,81,85" /><INIT seed="1,2,0,0,0,69" ten="252,317,203,228" oya="1" hai0="123,106,31,132,11,32,109,51,111,33,14,54,118" hai1="34,5,122,129,127,108,75,57,98,74,10,124,1" hai2="116,46,119,63,130,27,21,105,53,43,131,104,40" hai3="65,3,68,28,13,20,52,67,42,24,36,133,95"/><U47/><E122/><V66/><F21/><W100/><G133/><T94/><D106/><U121/><E121/><V77/><F27/><W117/><G117/><N who="2" m="45129" /><F77/><W110/><G110/><N who="0" m="41995" /><D132/><U62/><E108/><V101/><F101/><W30/><G3/><T29/><D123/><U87/><E129/><N who="2" m="49163" /><F104/><W85/><G68/><T120/><D120/><U97/><E34/><N who="0" m="13417" /><D94/><U4/><E4/><V126/><F105/><W26/><G13/><T86/><D86/><U92/><E87/><V125/><F53/><W2/><G52/><T135/><D118/><U17/><E17/><V35/><F35/><W113/><G2/><T115/><D135/><U8/><E8/><V71/><F43/><W78/><G42/><T38/><D31/><U114/><E74/><V64/><F64/><W18/><G78/><T76/><D29/><U103/><E75/><V7/><F7/><W37/><G100/><T96/><D96/><U41/><E98/><V102/><F102/><W83/><G30/><T19/><D76/><U59/><E92/><V25/><F25/><W80/><G95/><T99/><D99/><U88/><E97/><V6/><F6/><W112/><G28/><T82/><D82/><U23/><E103/><V39/><AGARI ba="2,0" hai="39,40,46,63,66,71,125,126" m="49163,45129" machi="39" ten="40,8000,1" yaku="19,1,23,1,34,2,52,1" doraHai="69" who="2" fromWho="2" sc="252,-22,317,-42,203,86,228,-22" /><INIT seed="2,0,0,3,3,60" ten="230,275,289,206" oya="2" hai0="61,99,33,44,88,29,68,72,93,54,115,113,65" hai1="10,101,63,67,94,49,37,56,6,39,79,119,122" hai2="32,52,129,15,57,107,76,11,98,92,77,126,48" hai3="38,106,74,131,13,40,28,14,70,35,22,112,90"/><V0/><F126/><W100/><G70/><T96/><D72/><U1/><E119/><V62/><F129/><W124/><G74/><T25/><D54/><U3/><E122/><V108/><F108/><W9/><G38/><T117/><D117/><U130/><E130/><V17/><F32/><W8/><G40/><T53/><D53/><U120/><E120/><V58/><F107/><W24/><G90/><T104/><D44/><U81/><E3/><V66/><F0/><W12/><G100/><AGARI ba="0,0" hai="25,29,33,61,65,68,88,93,96,99,100,104,113,115" machi="100" ten="40,8000,1" yaku="25,2,52,1,54,1" doraHai="60" who="0" fromWho="3" sc="230,80,275,0,289,0,206,-80" /><AGARI ba="0,0" hai="11,15,17,48,52,57,58,62,66,76,77,92,98,100" machi="100" ten="30,11600,0" yaku="7,1,8,1,52,1,54,1" doraHai="60" who="2" fromWho="3" sc="310,0,275,0,289,116,126,-116" /><INIT seed="2,1,0,1,2,40" ten="310,275,405,10" oya="2" hai0="19,54,26,25,52,36,69,82,128,44,14,132,70" hai1="63,59,27,116,39,48,108,115,96,21,66,117,50" hai2="122,118,45,106,29,83,46,18,107,124,64,57,73" hai3="58,37,24,72,42,53,89,74,114,84,15,88,60"/><V13/><F118/><W47/><G114/><T126/><D132/><U134/><E115/><V20/><F122/><W2/><G2/><T94/><D126/><U101/><E39/><V41/><F124/><W100/><G89/><T95/><D128/><U1/><E1/><V30/><F106/><W131/><G131/><T102/><D82/><U105/><E134/><V135/><F107/><W71/><G100/><T22/><D70/><U55/><E108/><V49/><F135/><W5/><G71/><T79/><D69/><U38/><E38/><V104/><F104/><W28/><G15/><T3/><D3/><U35/><E50/><N who="2" m="26927" /><F73/><W129/><G5/><T62/><D79/><U133/><E133/><V119/><F119/><W109/><G109/><T12/><D12/><U6/><E6/><V77/><F77/><W85/><G85/><T67/><D67/><U7/><E7/><V0/><F83/><W113/><G113/><T120/><D36/><U16/><REACH who="1" step="1"/><E35/><REACH who="1" ten="310,265,405,10" step="2"/><V10/><F0/><W43/><G129/><T91/><D120/><U86/><E86/><V110/><F110/><W9/><G43/><T90/><D62/><U112/><E112/><V33/><F33/><W81/><REACH who="3" step="1"/><G9/><REACH who="3" ten="310,265,405,0" step="2"/><T78/><D78/><U98/><E98/><V76/><F76/><W121/><G121/><T61/><D91/><U127/><E127/><V23/><F10/><W75/><G75/><T65/><D90/><U80/><E80/><V92/><F92/><W32/><AGARI ba="1,2" hai="24,28,32,37,42,47,53,58,60,72,74,81,84,88" machi="32" ten="20,12000,2" yaku="1,1,0,1,7,1,52,1,54,1,53,1" doraHai="40" doraHaiUra="87" who="3" fromWho="3" sc="310,-31,265,-31,405,-61,0,143" /><INIT seed="3,0,0,1,4,106" ten="279,234,344,143" oya="3" hai0="25,47,44,132,112,46,13,107,5,41,22,21,88" hai1="75,128,66,71,70,56,29,18,19,58,135,111,101" hai2="63,87,54,42,80,86,28,121,55,59,69,130,92" hai3="97,36,95,114,74,61,90,113,31,68,96,73,40"/><W117/><G117/><T62/><D107/><U27/><E111/><V122/><F130/><W81/><G31/><T0/><D0/><U49/><E128/><V48/><F42/><W17/><G97/><T89/><D132/><U45/><E135/><V109/><F109/><W108/><G108/><T105/><D105/><U72/><E101/><V91/><F28/><W100/><G17/><N who="0" m="10415" /><D112/><U60/><E58/><V127/><F127/><W16/><G16/><N who="0" m="12487" /><D5/><U8/><E18/><V26/><F26/><W24/><G24/><T11/><D11/><U52/><E19/><V9/><F9/><W65/><G114/><T123/><D123/><N who="2" m="47114" /><F69/><W78/><G113/><T53/><D41/><U4/><E71/><V77/><F48/><W23/><G23/><T85/><D85/><U99/><E99/><V35/><F35/><W133/><G133/><T118/><D118/><U103/><E103/><V98/><F55/><W115/><G115/><T15/><D15/><U38/><E38/><V51/><F51/><W131/><G131/><T67/><D67/><U37/><E37/><V83/><F83/><W43/><G36/><T14/><D14/><U79/><E70/><V32/><F32/><W124/><G124/><T39/><D39/><U30/><E30/><V34/><F34/><W134/><G134/><T20/><D20/><U94/><E94/><V3/><F3/><W104/><REACH who="3" step="1"/><G74/><AGARI ba="0,0" hai="54,59,63,74,77,80,86,87,91,92,98" m="47114" machi="74" ten="30,2000,0" yaku="13,1,52,1" doraHai="106" who="2" fromWho="3" sc="279,0,234,0,344,20,143,-20" /><INIT seed="4,0,0,4,2,128" ten="279,234,364,123" oya="0" hai0="118,61,79,57,47,82,68,121,64,1,113,96,83" hai1="105,90,7,10,86,102,17,44,55,43,111,92,67" hai2="122,124,77,133,40,27,3,80,0,5,4,36,9" hai3="56,84,14,75,130,45,116,6,46,94,98,72,87"/><T59/><D118/><U117/><E117/><V24/><F122/><W29/><G116/><T73/><D121/><U115/><E111/><V20/><F124/><W16/><G130/><T91/><D113/><U50/><E115/><V93/><F93/><W28/><G6/><T63/><D1/><U13/><E67/><V110/><F110/><W127/><G127/><T38/><D68/><U26/><E105/><V15/><F24/><W85/><G56/><T69/><D69/><U39/><E102/><V132/><F40/><W126/><G126/><T131/><D131/><U108/><E108/><V37/><F36/><W134/><G75/><T100/><D38/><U23/><REACH who="1" step="1"/><E39/><REACH who="1" ten="279,224,364,123" step="2"/><V70/><F37/><W35/><G72/><T31/><D100/><U62/><E62/><V22/><F70/><W30/><G35/><T88/><D73/><U52/><AGARI ba="0,1" hai="7,10,13,17,23,26,43,44,50,52,55,86,90,92" machi="52" ten="30,8000,1" yaku="1,1,0,1,8,1,54,1,53,1" doraHai="128" doraHaiUra="81" who="1" fromWho="1" sc="279,-40,224,90,364,-20,123,-20" /><INIT seed="5,0,0,2,3,39" ten="239,314,344,103" oya="1" hai0="88,30,74,48,130,38,114,119,66,100,93,92,135" hai1="70,14,111,133,45,94,35,44,132,27,15,107,43" hai2="18,60,81,64,52,134,50,58,85,95,29,61,71" hai3="72,51,1,3,101,112,121,34,28,131,108,36,125"/><U98/><E107/><V113/><F134/><N who="1" m="51817" /><E70/><V11/><F113/><W79/><G51/><T89/><D38/><N who="1" m="21623" /><E111/><V106/><F106/><W7/><G101/><T126/><D74/><U73/><E73/><V0/><F29/><W5/><G79/><T105/><D30/><N who="1" m="19935" /><E45/><V80/><F95/><W41/><G28/><T19/><D93/><U84/><E84/><V110/><F110/><W40/><G7/><T87/><D135/><U46/><E46/><V128/><F85/><W17/><G36/><T8/><D87/><U24/><E24/><V32/><F32/><W62/><G121/><T53/><D92/><U67/><E67/><V129/><F64/><W91/><G72/><T123/><D66/><U4/><E4/><V86/><F71/><W56/><G108/><T2/><D123/><U82/><E82/><V54/><F80/><W76/><G34/><T10/><D105/><U16/><E16/><V31/><F31/><W96/><G17/><T75/><D19/><U117/><E117/><V12/><F86/><W57/><G5/><T23/><D119/><U55/><E55/><V103/><F81/><W99/><G112/><T102/><D75/><U124/><E124/><V109/><F109/><W49/><G125/><T47/><D126/><U33/><E33/><V116/><F116/><W6/><G6/><T115/><D114/><U9/><E9/><V42/><F54/><W68/><G68/><T120/><D53/><U69/><E69/><V90/><F52/><W122/><G122/><T63/><D120/><U21/><E21/><V118/><F118/><W26/><G26/><RYUUKYOKU ba="0,0" sc="239,-10,314,30,344,-10,103,-10" hai1="14,15,94,98" /><INIT seed="5,1,0,3,5,47" ten="229,344,334,93" oya="1" hai0="89,69,45,98,59,112,82,92,27,117,24,91,96" hai1="18,9,11,130,23,133,15,107,65,115,84,72,31" hai2="57,114,87,13,61,122,33,48,34,20,81,93,75" hai3="8,118,38,5,60,53,105,123,12,101,43,40,52"/><U78/><E72/><V51/><F122/><W7/><G123/><T86/><D69/><U21/><E107/><V97/><F75/><W135/><G118/><T134/><D117/><U131/><E65/><V70/><F70/><W119/><G135/><T22/><D134/><U66/><E133/><V120/><F120/><W42/><G119/><T110/><D110/><U64/><E64/><N who="2" m="38959" /><F33/><W73/><G38/><T99/><D112/><U17/><E66/><V88/><F34/><W30/><G73/><T95/><D59/><U36/><E36/><V37/><F37/><W109/><G109/><T116/><D116/><U121/><E121/><V16/><F114/><W10/><G30/><T104/><D104/><U49/><E31/><V132/><F132/><W39/><G39/><T32/><D32/><U1/><E115/><V128/><F128/><N who="1" m="49193" /><E1/><V80/><F80/><W129/><G129/><T100/><D99/><U124/><E124/><V56/><F56/><W28/><G28/><T103/><D45/><U26/><E49/><V125/><F125/><W79/><G60/><T111/><D111/><U77/><E84/><V106/><F106/><W62/><G62/><T127/><D127/><U126/><E126/><V6/><F6/><W68/><G68/><T50/><D50/><U35/><E35/><V0/><F0/><W76/><G105/><T3/><D3/><U90/><E90/><AGARI ba="1,0" hai="13,16,20,48,51,81,87,88,90,93,97" m="38959" machi="90" ten="30,8000,1" yaku="8,1,52,2,54,2" doraHai="47" who="2" fromWho="1" sc="229,0,344,-83,334,83,93,0" /><INIT seed="6,0,0,1,1,32" ten="229,261,417,93" oya="2" hai0="17,26,23,77,29,93,73,13,20,135,54,99,56" hai1="45,134,67,123,22,15,16,116,41,88,129,131,97" hai2="10,104,71,105,98,75,53,82,44,122,83,101,50" hai3="109,76,86,126,92,37,27,94,3,12,103,72,107"/><V6/><F122/><W19/><G37/><T42/><D135/><U30/><E123/><V47/><F71/><W89/><G109/><T46/><D73/><U69/><E116/><V85/><F105/><W80/><G126/><T55/><D77/><U48/><E134/><V128/><F128/><N who="1" m="49225" /><E30/><V8/><F75/><W52/><G27/><T58/><D58/><U84/><E97/><V38/><F10/><W106/><G3/><T61/><D42/><U62/><E84/><V51/><F38/><W102/><G12/><T63/><D46/><U43/><E88/><V64/><F64/><W111/><G111/><T49/><REACH who="0" step="1"/><D55/><AGARI ba="0,0" hai="15,16,22,41,43,45,48,55,62,67,69" m="49225" machi="55" ten="30,2000,0" yaku="19,1,54,1" doraHai="32" who="1" fromWho="0" sc="229,-20,261,20,417,0,93,0" /><INIT seed="7,0,0,4,3,36" ten="209,281,417,93" oya="3" hai0="6,135,94,72,13,115,117,66,67,2,131,29,42" hai1="55,45,120,4,106,127,44,14,104,38,11,75,68" hai2="77,96,87,109,18,52,116,27,64,35,85,3,26" hai3="134,39,61,60,70,86,84,111,31,8,98,32,19"/><W92/><G134/><T80/><D117/><U97/><E75/><V24/><F3/><W74/><G74/><T89/><D135/><U124/><E68/><V10/><F64/><W105/><G111/><T23/><D131/><U128/><E120/><V65/><F65/><W119/><G105/><T0/><D0/><U7/><E128/><V57/><F35/><W132/><G119/><T114/><D2/><U50/><E7/><V110/><F96/><W79/><G132/><T17/><D6/><U95/><E95/><V59/><F59/><W101/><G39/><T107/><D107/><U99/><E99/><V108/><F116/><W102/><G102/><T122/><D29/><U71/><E71/><V76/><F85/><N who="3" m="32875" /><G70/><T15/><D122/><U33/><E33/><V118/><F118/><W16/><G79/><T100/><D100/><U30/><E30/><V121/><F121/><W25/><G8/><T20/><D72/><U43/><E97/><V90/><F10/><W133/><G133/><T34/><D34/><U53/><E53/><V62/><F18/><N who="3" m="6699" /><G32/><T112/><D80/><U81/><E81/><V21/><F21/><N who="3" m="15791" /><G60/><T113/><D115/><U63/><E63/><V126/><F126/><AGARI ba="0,0" hai="4,11,14,38,43,44,45,50,55,104,106,124,126,127" machi="126" ten="40,2600,0" yaku="18,1,52,1" doraHai="36" who="1" fromWho="2" sc="209,0,281,26,417,-26,93,0" owari="209,-19.0,307,11.0,391,49.0,93,-41.0" /></mjloggm>