<mjloggm ver="2.3"><GO type="169" lobby="0"/><UN n0="%62%75%7A%7A%77%69%7A" n1="%E3%82%B4%E3%83%9F%E3%83%84%E3%83%A2" n2="%6E%65%6F%40%75%6E%69" n3="%E2%99%AA%E3%82%A6%E3%82%B5%E3%82%AE%E2%99%AA" dan="17,17,17,16" rate="2100.41,2164.42,2152.12,2047.08" sx="M,M,M,F"/><TAIKYOKU oya="0"/><INIT seed="0,0,0,4,3,77" ten="250,250,250,250" oya="0" hai0="40,50,93,112,49,23,81,14,84,37,88,111,73" hai1="108,105,27,41,86,100,80,64,110,5,38,56,44" hai2="52,33,126,122,43,25,82,1,128,78,17,66,79" hai3="83,109,11,133,63,2,3,135,123,76,119,127,94"/><T124/><D112/><U57/><E5/><V30/><F122/><W59/><G119/><T75/><D124/><U39/><E39/><V35/><F126/><W65/><G127/><T4/><D37/><U90/><E64/><V101/><F78/><W15/><G109/><N who="1" m="42090" /><E27/><V91/><F91/><W32/><G94/><T103/><D111/><U7/><E7/><V53/><F101/><W31/><G123/><T47/><D50/><U24/><E24/><V117/><F117/><W54/><G65/><T97/><REACH who="0" step="1"/><D23/><REACH who="0" ten="240,250,250,250" step="2"/><U46/><E44/><V120/><F120/><W36/><G36/><T70/><D70/><U12/><E46/><V71/><F71/><W134/><G32/><T8/><AGARI ba="0,1" hai="4,8,14,40,47,49,73,75,81,84,88,93,97,103" machi="8" ten="30,11700,0" yaku="1,1,0,1,52,1,54,1,53,0" doraHai="77" doraHaiUra="67" who="0" fromWho="0" sc="240,127,250,-39,250,-39,250,-39" /><INIT seed="0,1,0,3,3,106" ten="367,211,211,211" oya="0" hai0="47,11,8,108,109,2,112,75,59,42,46,5,126" hai1="133,15,23,22,119,73,63,49,91,82,107,87,90" hai2="93,20,132,24,117,101,131,40,122,13,92,14,70" hai3="10,9,69,77,32,123,84,52,30,89,110,127,33"/><T102/><D112/><U45/><E119/><V65/><F122/><W71/><G123/><T74/><D126/><U28/><E133/><V26/><F117/><W130/><G127/><T125/><D125/><U29/><E107/><V7/><F132/><W66/><G110/><N who="0" m="42603" /><D102/><U103/><E103/><V18/><F131/><W121/><G130/><T58/><D11/><U62/><E73/><N who="0" m="27657" /><D47/><U76/><E91/><V38/><F101/><W134/><G89/><T78/><D78/><U96/><E76/><V79/><F79/><W115/><G77/><T61/><D61/><U98/><E63/><V116/><F116/><W56/><G115/><T100/><D100/><U114/><E62/><V95/><F70/><W83/><G71/><T88/><D88/><U35/><E114/><V39/><F95/><W86/><G69/><T135/><D135/><U3/><E98/><V12/><F93/><W34/><G121/><T111/><N who="0" m="42611" /><T67/><DORA hai="43" /><D67/><U72/><E96/><V120/><F92/><W25/><G66/><T124/><D124/><U17/><E72/><V19/><F65/><W31/><G134/><T105/><D105/><U55/><E3/><V21/><F120/><W48/><G9/><T118/><D118/><U128/><E128/><V64/><F64/><W53/><G10/><T60/><D60/><U0/><E0/><V85/><F85/><W16/><G84/><T27/><D27/><U36/><E90/><V4/><F26/><W97/><G86/><T1/><D2/><U80/><E87/><V6/><F24/><W113/><G25/><T50/><AGARI ba="1,0" hai="1,5,8,42,46,50,58,59" m="27657,42611" machi="50" ten="50,18000,2" yaku="5,1,14,1,10,1,52,4" doraHai="106,43" who="0" fromWho="0" sc="367,183,211,-61,211,-61,211,-61" /><INIT seed="0,2,0,4,1,58" ten="550,150,150,150" oya="0" hai0="13,90,11,100,50,73,14,60,18,29,101,95,48" hai1="46,79,6,134,98,3,24,30,54,86,76,28,56" hai2="111,123,65,53,45,35,43,32,59,99,110,69,129" hai3="27,5,10,16,96,93,12,49,108,92,77,89,78"/><T131/><D73/><U52/><E134/><V0/><F0/><W132/><G108/><N who="2" m="41513" /><F123/><W103/><G132/><T88/><D29/><U36/><E30/><V47/><F99/><W9/><G49/><N who="0" m="19051" /><D131/><U63/><E98/><V7/><F7/><W75/><G75/><T112/><D60/><U25/><E25/><V126/><F126/><W1/><G27/><T80/><D112/><U130/><E130/><V39/><F129/><W105/><G105/><T70/><D70/><U61/><E6/><V55/><F47/><W87/><AGARI ba="2,0" hai="1,5,9,10,12,16,77,78,87,89,92,93,96,103" machi="87" ten="20,2700,0" yaku="0,1,7,1,54,1" doraHai="58" who="3" fromWho="3" sc="550,-15,150,-9,150,-9,150,33" /><INIT seed="1,0,0,4,3,97" ten="535,141,141,183" oya="1" hai0="74,110,82,114,28,49,6,89,43,65,129,133,101" hai1="111,122,46,3,37,69,128,73,121,99,34,25,71" hai2="22,63,38,26,120,9,11,56,119,29,41,62,72" hai3="70,134,14,102,57,2,112,126,45,19,64,125,4"/><U107/><RYUUKYOKU type="yao9" ba="0,0" sc="535,0,141,0,141,0,183,0" hai1="3,25,34,37,46,69,71,73,99,107,111,121,122,128" /><INIT seed="1,1,0,0,0,18" ten="535,141,141,183" oya="1" hai0="87,102,112,85,62,129,100,19,5,11,96,40,82" hai1="13,36,6,34,97,104,117,107,75,122,52,95,120" hai2="99,123,29,12,49,8,89,69,24,114,54,46,22" hai3="16,84,70,64,56,132,45,26,92,48,125,50,35"/><U4/><E117/><V101/><F69/><W59/><G132/><T127/><D112/><U28/><E75/><V134/><F114/><W63/><G125/><T110/><D127/><U91/><E36/><V83/><F134/><W135/><G135/><T30/><D129/><U32/><E107/><V3/><F3/><W17/><G48/><T58/><D40/><U68/><E68/><V121/><F101/><W98/><G84/><T94/><D30/><U74/><E74/><V130/><F130/><W23/><G17/><T86/><D19/><U81/><E34/><V118/><F118/><W79/><G79/><T42/><D42/><U133/><E133/><V47/><F47/><W105/><G35/><T0/><D102/><U106/><E104/><V10/><F10/><W25/><G25/><T51/><D51/><U65/><E106/><V131/><F131/><W21/><G21/><T124/><D110/><U7/><E122/><V9/><F9/><W119/><G105/><T108/><D108/><U116/><E120/><V71/><F71/><W20/><G20/><T39/><D39/><U41/><E116/><V126/><F126/><W33/><G33/><T128/><D128/><U31/><E32/><N who="2" m="20519" /><F99/><W76/><G76/><T109/><D109/><U55/><E41/><V1/><F22/><W38/><G38/><T88/><D124/><U93/><E13/><V53/><F1/><W78/><G78/><T90/><D100/><N who="1" m="60463" /><E65/><AGARI ba="1,0" hai="0,5,11,58,62,65,82,85,86,87,88,90,94,96" machi="65" ten="30,2000,0" yaku="7,1,54,1" doraHai="18" who="0" fromWho="1" sc="535,23,141,-23,141,0,183,0" /><INIT seed="2,0,0,2,1,131" ten="558,118,141,183" oya="2" hai0="30,114,38,123,96,104,69,100,21,101,34,70,73" hai1="8,116,126,62,43,24,1,27,18,88,68,97,95" hai2="77,130,75,124,48,118,117,51,22,26,59,105,44" hai3="42,33,10,92,89,67,110,91,23,125,7,19,86"/><V28/><F105/><W3/><G110/><T14/><D123/><U102/><E116/><V94/><F124/><W83/><G125/><T13/><D13/><U98/><E126/><V135/><F130/><W65/><G33/><T39/><D14/><U84/><E43/><V29/><F29/><W72/><G42/><T63/><D21/><U2/><E98/><V82/><F94/><W99/><REACH who="3" step="1"/><G72/><REACH who="3" ten="558,118,141,173" step="2"/><T81/><D73/><U16/><E2/><V35/><F35/><W5/><G5/><T41/><D34/><U112/><E1/><V57/><F118/><W50/><G50/><T36/><D41/><U107/><E112/><V109/><F117/><W93/><G93/><T32/><D114/><U106/><E107/><V9/><F51/><W113/><G113/><T119/><D119/><U31/><E8/><V132/><F9/><W122/><G122/><T127/><D127/><U120/><E120/><V60/><F109/><W6/><G6/><T58/><D104/><U85/><E106/><V0/><F0/><W25/><AGARI ba="0,1" hai="3,7,10,19,23,25,65,67,83,86,89,91,92,99" machi="25" ten="20,2700,0" yaku="1,1,0,1,7,1,53,0" doraHai="131" doraHaiUra="115" who="3" fromWho="3" sc="558,-7,118,-7,141,-13,173,37" /><INIT seed="3,0,0,4,0,96" ten="551,111,128,210" oya="3" hai0="66,115,45,47,62,77,13,43,106,10,27,117,123" hai1="126,90,54,22,63,110,42,71,89,76,127,56,129" hai2="131,24,17,70,95,78,28,37,0,3,65,100,74" hai3="124,58,132,69,8,135,23,105,29,92,93,128,84"/><W73/><G73/><T82/><D117/><U5/><E110/><V104/><F95/><W35/><G69/><T83/><D106/><U88/><E129/><V120/><F17/><W102/><G35/><T36/><D123/><U16/><E76/><V26/><F24/><W15/><G128/><T19/><D115/><U108/><E108/><V119/><F131/><W64/><G124/><N who="1" m="47658" /><E5/><V9/><F9/><W38/><G38/><T6/><D47/><U121/><E121/><V103/><F103/><W98/><G84/><T125/><D125/><U116/><E116/><V51/><F51/><W40/><G40/><T81/><D27/><N who="1" m="14791" /><E42/><V99/><F37/><W134/><G29/><T1/><D19/><U7/><E7/><V18/><F18/><N who="3" m="10719" /><G8/><T75/><D13/><U49/><E71/><AGARI ba="0,0" hai="1,6,10,36,43,45,62,66,71,75,77,81,82,83" machi="71" ten="30,3900,0" yaku="7,1,25,2" doraHai="96" who="0" fromWho="1" sc="551,39,111,-39,128,0,210,0" /><INIT seed="4,0,0,4,4,82" ten="590,72,128,210" oya="0" hai0="10,15,113,133,92,47,9,106,60,42,86,94,33" hai1="34,54,115,65,93,61,18,73,117,19,70,43,30" hai2="126,58,44,131,37,119,21,8,17,114,101,96,63" hai3="88,2,51,81,124,120,99,62,123,13,28,132,6"/><T109/><D106/><U3/><E117/><V97/><F119/><W111/><G2/><T41/><D33/><U16/><E115/><V0/><F114/><W56/><G111/><T103/><D113/><U110/><E110/><V80/><F126/><W84/><G28/><T31/><D109/><U71/><E71/><V11/><F131/><W83/><G124/><T38/><D31/><U5/><E73/><V52/><F80/><W90/><G51/><T72/><D72/><U135/><E135/><V91/><F0/><W46/><G46/><T45/><D60/><U40/><E54/><V118/><F118/><W105/><G132/><T25/><D25/><U36/><E36/><V49/><F37/><W127/><G127/><T35/><D35/><U104/><E104/><V107/><F91/><W12/><G6/><T121/><D121/><N who="3" m="46665" /><G105/><T87/><D133/><U130/><E130/><V7/><F7/><W50/><G50/><T128/><D128/><U98/><E5/><V24/><REACH who="2" step="1"/><F97/><REACH who="2" ten="590,72,118,210" step="2"/><W85/><G99/><T125/><D125/><U64/><E3/><V102/><F102/><W59/><G59/><T100/><D38/><U116/><E116/><V74/><F74/><W20/><G20/><T69/><D69/><U66/><E70/><V39/><F39/><W112/><G112/><T134/><D134/><U122/><E122/><V89/><F89/><W78/><G90/><T57/><D100/><N who="1" m="60495" /><E61/><V55/><AGARI ba="0,1" hai="8,11,17,21,24,44,49,52,55,58,63,96,101,107" machi="55" ten="20,12000,2" yaku="1,1,0,1,7,1,54,1,53,2" doraHai="82" doraHaiUra="4" who="2" fromWho="2" sc="590,-60,72,-30,118,130,210,-30" /><INIT seed="5,0,0,4,0,113" ten="530,42,248,180" oya="1" hai0="105,108,27,102,4,32,85,58,64,82,6,46,14" hai1="72,59,70,125,68,131,29,79,98,22,23,124,101" hai2="76,44,112,121,37,57,9,115,17,123,106,134,107" hai3="52,81,10,89,42,31,104,122,28,77,109,40,74"/><U73/><E59/><V91/><F76/><W50/><G109/><T35/><D108/><U84/><E84/><V34/><F34/><W30/><G122/><T80/><D46/><U66/><E131/><V92/><F57/><W5/><G104/><T71/><D58/><U90/><E90/><V2/><F134/><W132/><G132/><T11/><D4/><U103/><E98/><V19/><F2/><W36/><G89/><T24/><D35/><U111/><E111/><V65/><F9/><W55/><G50/><T45/><D45/><U53/><E53/><V116/><F44/><N who="3" m="23559" /><G42/><T43/><D43/><U129/><E129/><V114/><F65/><W95/><G95/><T8/><D85/><U56/><E56/><V130/><F37/><W12/><G12/><T7/><D71/><U126/><E29/><V83/><F83/><W94/><G94/><T127/><D64/><U135/><E66/><V96/><F130/><W26/><G31/><T69/><D69/><N who="1" m="26731" /><E135/><V88/><F92/><W41/><G30/><T16/><D32/><U120/><E120/><V21/><F114/><W48/><G41/><T118/><D82/><N who="1" m="45415" /><E73/><V62/><F21/><AGARI ba="0,0" hai="21,22,23,101,103,124,125,126" m="45415,26731" machi="21" ten="40,2000,0" yaku="18,1" doraHai="113" who="1" fromWho="2" sc="530,0,42,20,248,-20,180,0" /><INIT seed="5,1,0,4,4,69" ten="530,62,228,180" oya="1" hai0="91,131,56,17,83,119,42,52,124,53,118,48,123" hai1="133,81,13,101,135,57,70,6,72,120,107,23,125" hai2="77,26,66,2,7,21,29,109,15,37,43,11,54" hai3="1,63,30,64,112,32,122,111,110,96,16,47,51"/><U39/><E70/><V100/><F109/><W114/><G1/><T45/><D124/><U41/><E120/><V62/><F100/><W103/><G122/><T102/><D102/><U121/><E121/><V84/><F54/><W5/><G5/><T22/><D131/><U8/><E125/><V28/><F28/><W75/><G75/><T95/><D83/><U4/><E23/><V38/><F43/><W76/><G76/><T24/><D53/><U67/><E72/><V78/><F2/><W31/><G32/><T92/><D92/><U80/><E6/><V55/><F55/><W98/><G51/><T27/><D27/><U36/><E41/><V134/><F134/><N who="1" m="51209" /><E101/><V49/><F49/><W40/><G40/><T33/><D33/><U116/><E107/><V58/><REACH who="2" step="1"/><F77/><REACH who="2" ten="530,62,218,180" step="2"/><W79/><G103/><T0/><D0/><U130/><E116/><V86/><F86/><W127/><G79/><T20/><D123/><U35/><E130/><V115/><F115/><W89/><G127/><T19/><D118/><U99/><E99/><V3/><F3/><W85/><G98/><N who="0" m="57727" /><D119/><U50/><E35/><V18/><F18/><W105/><G16/><T68/><D17/><U97/><E97/><V60/><F60/><W34/><G96/><T90/><D19/><U82/><E50/><V88/><F88/><W117/><G34/><T126/><D48/><U108/><E108/><N who="3" m="41514" /><G117/><T12/><D126/><U104/><E104/><V9/><F9/><W44/><G105/><T129/><D129/><U61/><AGARI ba="1,1" hai="4,8,13,36,39,57,61,67,80,81,82" m="51209" machi="61" ten="40,7800,0" yaku="20,1,52,2" doraHai="69" who="1" fromWho="1" sc="530,-27,62,91,218,-27,180,-27" /><INIT seed="5,2,0,3,3,37" ten="503,153,191,153" oya="1" hai0="54,82,127,66,33,0,59,2,1,52,104,95,124" hai1="128,29,110,48,121,62,28,44,78,133,41,93,119" hai2="24,83,86,79,73,96,90,134,80,4,5,123,35" hai3="107,8,14,112,63,15,113,69,20,39,21,55,34"/><U53/><E121/><V126/><F123/><W43/><G107/><T132/><D104/><U125/><E119/><V72/><F126/><N who="0" m="48170" /><D33/><U30/><E125/><V101/><F134/><W88/><G34/><T111/><D111/><U117/><E117/><V46/><F72/><W12/><G69/><T97/><D82/><U18/><E133/><V11/><F46/><W122/><G122/><T25/><D25/><U10/><E128/><V60/><F60/><W49/><G8/><T27/><D27/><U67/><E78/><V40/><F40/><W105/><G63/><N who="0" m="38271" /><D132/><U26/><E110/><V19/><F35/><W129/><G105/><T51/><D51/><U17/><E26/><V3/><F24/><W89/><G129/><T87/><D87/><U75/><E75/><V61/><F61/><W50/><G39/><T31/><D31/><U47/><E93/><V23/><F23/><W85/><G85/><T58/><D58/><N who="1" m="37335" /><E10/><V6/><F19/><N who="1" m="7177" /><E47/><V92/><AGARI ba="2,0" hai="3,4,5,6,11,73,79,80,83,86,90,92,96,101" machi="92" ten="20,1500,0" yaku="0,1,7,1" doraHai="37" who="2" fromWho="2" sc="503,-6,153,-9,191,21,153,-6" /><INIT seed="6,0,0,0,3,93" ten="497,144,212,147" oya="2" hai0="19,55,43,57,18,91,118,54,119,107,67,50,9" hai1="11,120,130,34,28,29,84,68,135,126,99,92,90" hai2="76,101,10,2,111,133,124,95,42,37,60,70,36" hai3="4,35,27,85,49,105,13,33,98,30,66,73,1"/><V40/><F111/><W123/><G123/><T53/><D107/><U113/><E68/><V7/><F76/><W64/><G73/><T39/><D39/><U80/><E34/><V77/><F77/><W89/><G35/><T127/><D127/><U45/><E126/><V109/><F109/><W17/><G49/><T22/><D9/><U46/><E120/><V108/><F108/><W117/><G117/><N who="0" m="44555" /><D91/><U71/><E71/><V58/><F70/><W56/><G56/><T129/><D129/><U96/><E130/><V31/><F31/><N who="1" m="11849" /><E135/><V0/><F0/><W103/><G4/><T47/><D22/><U59/><E113/><V72/><F72/><W131/><G1/><T38/><D38/><U100/><E11/><V102/><F37/><W63/><G63/><AGARI ba="0,0" hai="18,19,43,47,50,53,54,55,57,63,67" m="44555" machi="63" ten="30,1000,0" yaku="12,1" doraHai="93" who="0" fromWho="3" sc="497,10,144,0,212,0,147,-10" /><INIT seed="7,0,0,5,2,112" ten="507,144,212,137" oya="3" hai0="129,71,25,90,128,73,38,81,19,41,87,3,1" hai1="56,94,105,123,131,16,106,103,101,125,119,135,30" hai2="118,13,80,68,85,79,55,134,93,33,6,8,5" hai3="65,48,44,35,91,57,18,60,50,62,7,45,102"/><W133/><G35/><T31/><D71/><U99/><E30/><V23/><F118/><W4/><G102/><T104/><D104/><U59/><E123/><V10/><F68/><W109/><G133/><T32/><D19/><U86/><E135/><V61/><F33/><W111/><G18/><T26/><D26/><U83/><E125/><V72/><F23/><W39/><G91/><T52/><D52/><U82/><E131/><N who="0" m="50249" /><D73/><U115/><E115/><V20/><F20/><W36/><G57/><T122/><D122/><U14/><E119/><V9/><F6/><W46/><G65/><T69/><D69/><U29/><E29/><V117/><F117/><W114/><REACH who="3" step="1"/><G44/><AGARI ba="0,0" hai="1,3,25,31,32,38,41,44,81,87,90" m="50249" machi="44" ten="30,1000,0" yaku="19,1" doraHai="112" who="0" fromWho="3" sc="507,10,144,0,212,0,137,-10" owari="517,62.0,144,-26.0,212,1.0,127,-37.0" /></mjloggm>