<mjloggm ver="2.3"><GO type="169" lobby="0"/><UN n0="%E3%82%8A%E3%81%A8%E3%82%8B%E3%80%82%E3%80%82" n1="%E3%82%89%E3%81%8F%E3%81%A0%EF%BC%90%EF%BC%91%EF%BC%90%EF%BC%99" n2="%E3%83%92%E3%83%AB%E3%83%8A%E3%83%9F%E3%83%B3" n3="%53%48%45%45%50%32%30%30" dan="16,16,16,17" rate="2083.31,2127.72,2159.68,2184.31" sx="M,M,F,M"/><TAIKYOKU oya="0"/><INIT seed="0,0,0,1,4,117" ten="250,250,250,250" oya="0" hai0="11,51,135,93,39,83,58,134,85,128,70,7,54" hai1="87,38,3,26,132,107,72,60,13,69,33,66,46" hai2="119,4,29,5,95,111,23,65,92,104,109,75,123" hai3="110,106,35,68,19,122,73,76,31,105,28,43,133"/><T9/><D39/><U1/><E107/><V115/><F104/><W24/><G19/><T74/><D70/><U48/><E72/><V57/><F75/><W37/><G31/><T126/><D128/><U18/><E132/><V101/><F119/><W114/><G133/><N who="0" m="50699" /><D126/><U90/><E38/><V15/><F115/><W78/><G114/><T61/><D74/><U41/><E33/><V44/><F44/><W67/><G110/><N who="2" m="41993" /><F95/><W120/><G78/><N who="0" m="46327" /><D93/><U22/><REACH who="1" step="1"/><E26/><REACH who="1" ten="250,240,250,250" step="2"/><N who="2" m="16607" /><F15/><W89/><G106/><T97/><D97/><U21/><E21/><V124/><F124/><W79/><G105/><T86/><D86/><U12/><E12/><V98/><F4/><W121/><G73/><T0/><D11/><U131/><E131/><V53/><F5/><W94/><G37/><T100/><D100/><U82/><AGARI ba="0,1" hai="1,3,13,18,22,41,46,48,60,66,69,82,87,90" machi="82" ten="20,2700,0" yaku="1,1,0,1,7,1,53,0" doraHai="117" doraHaiUra="30" who="1" fromWho="1" sc="250,-13,240,37,250,-7,250,-7" /><INIT seed="1,0,0,1,5,130" ten="237,277,243,243" oya="1" hai0="59,26,135,97,29,23,27,37,30,79,82,69,56" hai1="11,12,34,75,48,49,72,112,98,87,81,15,99" hai2="20,133,67,125,129,96,122,85,124,21,70,108,71" hai3="84,38,44,16,8,105,113,83,128,36,109,1,19"/><U42/><E112/><V13/><F122/><W46/><G113/><T6/><D69/><U39/><E34/><V73/><F73/><W61/><G128/><T104/><D37/><U51/><E39/><V121/><F121/><W118/><G118/><T52/><D6/><U131/><E131/><V50/><F129/><W14/><G109/><T88/><D59/><U0/><E0/><V55/><F108/><W35/><G105/><T115/><D115/><U76/><E42/><V103/><F85/><W63/><G35/><T66/><D66/><U123/><E123/><V126/><F67/><W5/><G38/><T92/><D104/><U102/><E12/><V18/><F21/><W62/><G36/><T132/><D27/><U43/><E43/><V117/><F117/><W116/><G116/><T41/><D30/><U32/><E32/><V94/><F133/><W100/><G100/><T127/><D41/><U25/><E25/><V2/><F2/><W22/><REACH who="3" step="1"/><G19/><REACH who="3" ten="237,277,243,233" step="2"/><T9/><D127/><U60/><E75/><V3/><F3/><W47/><G47/><AGARI ba="0,1" hai="13,18,20,47,50,55,70,71,94,96,103,124,125,126" machi="47" ten="40,1300,0" yaku="18,1" doraHai="130" who="2" fromWho="3" sc="237,0,277,0,243,23,233,-13" /><INIT seed="2,0,0,3,1,2" ten="237,277,266,220" oya="2" hai0="87,123,27,32,40,57,101,16,50,8,9,96,60" hai1="15,29,103,44,116,28,14,26,76,100,19,122,128" hai2="30,93,110,74,56,23,79,38,132,133,36,35,105" hai3="98,25,34,88,113,48,127,42,62,5,63,104,61"/><V81/><F105/><W135/><G127/><T71/><D71/><U6/><E116/><V126/><F126/><W70/><G135/><N who="2" m="51785" /><F93/><N who="3" m="56615" /><G70/><T75/><D75/><U51/><E122/><V121/><F121/><W112/><G104/><T47/><D123/><U117/><E117/><V73/><F23/><W31/><G42/><T59/><D87/><U45/><E128/><V66/><F74/><W129/><G48/><T20/><D32/><U77/><E26/><N who="2" m="18903" /><F110/><W49/><G49/><T3/><D3/><U106/><E106/><V120/><F120/><W111/><G111/><T131/><D131/><U92/><E51/><V21/><F21/><W119/><G129/><T11/><REACH who="0" step="1"/><D60/><AGARI ba="0,0" hai="36,38,56,60,66,73,79,81" m="18903,51785" machi="60" ten="30,1500,0" yaku="20,1" doraHai="2" who="2" fromWho="0" sc="237,-15,277,0,266,15,220,0" /><INIT seed="2,1,0,5,3,76" ten="222,277,281,220" oya="2" hai0="80,3,10,79,106,107,25,122,83,9,118,2,50" hai1="100,62,91,15,0,44,18,99,132,130,12,98,134" hai2="70,120,35,55,96,117,101,14,34,28,68,27,33" hai3="112,36,37,38,127,13,23,6,94,39,63,75,87"/><V102/><F120/><W5/><G127/><T119/><D122/><U105/><E0/><N who="0" m="41" /><D50/><U109/><E130/><V43/><F117/><N who="0" m="44554" /><D25/><U54/><E109/><V48/><F43/><W108/><G108/><T74/><D80/><U60/><E12/><V29/><F14/><W40/><G75/><T58/><D58/><U45/><E45/><V129/><F129/><W93/><G112/><T126/><D126/><U46/><E46/><V115/><F115/><W97/><G39/><T1/><N who="0" m="49" /><T22/><DORA hai="57" /><D22/><U128/><E128/><V90/><F90/><W7/><G40/><T32/><D32/><U103/><E91/><V59/><F102/><W31/><G31/><T30/><D30/><U81/><E81/><V61/><F48/><W11/><G23/><T66/><D66/><U133/><E44/><V4/><F4/><W125/><G125/><T135/><D135/><U111/><E54/><V24/><F35/><W113/><G113/><T52/><D52/><U82/><E82/><V21/><F21/><W92/><G87/><T72/><D72/><U123/><E111/><V71/><F71/><W16/><G97/><T73/><D73/><U17/><E123/><V88/><F88/><W51/><G51/><T124/><D124/><U86/><E86/><V77/><F77/><W67/><REACH who="3" step="1"/><G36/><REACH who="3" ten="222,277,281,210" step="2"/><T131/><D131/><U19/><E15/><V78/><REACH who="2" step="1"/><F78/><REACH who="2" ten="222,277,271,210" step="2"/><W84/><G84/><T65/><D79/><U114/><E114/><V49/><F49/><W42/><G42/><T53/><D74/><U89/><E89/><V8/><F8/><W47/><G47/><RYUUKYOKU ba="1,2" sc="222,-30,277,10,271,10,210,10" hai1="17,18,19,60,62,98,99,100,103,105,132,133,134" hai2="24,27,28,29,33,34,55,59,61,68,70,96,101" hai3="5,6,7,11,13,16,37,38,63,67,92,93,94" /><INIT seed="2,2,2,5,0,7" ten="192,287,281,220" oya="2" hai0="38,57,54,126,72,62,1,67,134,43,80,21,131" hai1="94,60,118,44,101,41,114,46,33,92,104,128,79" hai2="135,19,106,47,127,23,63,45,30,110,2,100,24" hai3="8,98,55,113,37,129,53,42,85,15,76,82,64"/><V68/><F2/><W61/><G129/><T11/><D126/><U10/><E118/><V5/><F127/><W116/><G116/><T22/><D134/><U119/><E33/><V78/><F135/><W14/><G14/><T115/><D115/><U40/><E114/><V9/><F78/><W108/><G113/><T49/><D131/><U17/><E119/><V89/><F89/><W56/><G108/><T107/><D107/><U88/><E128/><V83/><F83/><W77/><G77/><T58/><D72/><U25/><E104/><V51/><F110/><W121/><G121/><T93/><D80/><U69/><E79/><V20/><F106/><W124/><G124/><T111/><D93/><U48/><E69/><V84/><F100/><W133/><G133/><T81/><D81/><U75/><E75/><V50/><F84/><W90/><G42/><T29/><D29/><U12/><E60/><V71/><F63/><W39/><G39/><T87/><D87/><U120/><E120/><V3/><F71/><W103/><G76/><T109/><D109/><U0/><E0/><V123/><F68/><W52/><G37/><T96/><D96/><U28/><E101/><V74/><F74/><W70/><G103/><T95/><D111/><U122/><E122/><V73/><F73/><W16/><REACH who="3" step="1"/><G98/><REACH who="3" ten="192,287,281,210" step="2"/><T91/><D43/><U31/><E28/><V36/><F123/><W117/><G117/><T34/><D38/><U102/><E102/><V97/><F97/><W86/><G86/><T65/><D1/><U35/><E88/><V105/><F36/><AGARI ba="2,3" hai="10,12,17,25,31,35,36,40,41,44,46,48,92,94" machi="36" ten="30,2000,0" yaku="7,1,52,1" doraHai="7" who="1" fromWho="2" sc="192,0,287,56,281,-26,210,0" /><INIT seed="3,0,0,5,3,54" ten="192,343,255,210" oya="3" hai0="97,69,100,44,52,21,68,108,107,88,74,31,84" hai1="133,25,131,113,90,91,66,124,121,64,16,59,29" hai2="130,62,114,43,92,89,28,41,57,93,10,17,86" hai3="109,35,79,18,129,61,11,46,60,116,34,32,106"/><W112/><G116/><T6/><D74/><U98/><E121/><V118/><F114/><W20/><G112/><T33/><D33/><U27/><E113/><V4/><F118/><W9/><G106/><T119/><D119/><U7/><E124/><V13/><F130/><W85/><G129/><T38/><D108/><U110/><E110/><V99/><F28/><W132/><G109/><T50/><D38/><U125/><E125/><V56/><F4/><W40/><G132/><T82/><REACH who="0" step="1"/><D6/><REACH who="0" ten="182,343,255,210" step="2"/><U77/><E7/><V15/><F15/><W39/><G35/><T2/><D2/><U49/><E133/><V22/><F22/><W67/><G34/><T102/><D102/><U36/><E36/><V94/><F99/><W55/><G32/><T96/><D96/><U24/><E98/><V53/><REACH who="2" step="1"/><F56/><REACH who="2" ten="182,343,245,210" step="2"/><N who="3" m="37255" /><G20/><T75/><D75/><U8/><E131/><V45/><F45/><W117/><G117/><T23/><D23/><U103/><E103/><V87/><F87/><W122/><G85/><T105/><D105/><U104/><E104/><V81/><AGARI ba="0,2" hai="10,13,17,41,43,53,57,62,81,86,89,92,93,94" machi="81" ten="30,8000,1" yaku="1,1,0,1,8,1,52,1,53,1" doraHai="54" doraHaiUra="78" who="2" fromWho="2" sc="182,-20,343,-20,245,100,210,-40" /><INIT seed="4,0,0,0,1,119" ten="162,323,345,170" oya="0" hai0="53,99,110,132,6,94,69,13,96,79,88,75,17" hai1="14,106,48,20,41,32,19,11,46,10,108,131,82" hai2="102,101,24,15,135,52,62,47,0,134,39,103,22" hai3="9,16,8,109,67,56,71,55,80,21,1,127,34"/><T86/><D69/><U83/><E106/><V130/><F0/><W129/><G109/><T54/><D132/><N who="2" m="50730" /><F39/><W122/><G34/><T85/><D75/><U37/><E108/><V90/><F15/><W60/><G129/><T128/><D6/><U2/><E131/><V95/><F130/><W126/><G80/><N who="0" m="47263" /><D110/><U33/><E33/><V111/><F111/><W97/><G97/><N who="0" m="37451" /><D128/><U104/><E104/><V81/><F81/><W4/><G9/><AGARI ba="0,0" hai="9,13,17,53,54,86,88,94" m="37451,47263" machi="9" ten="30,2900,0" yaku="8,1,54,1" doraHai="119" who="0" fromWho="3" sc="162,29,323,0,345,0,170,-29" /><INIT seed="4,1,0,0,3,50" ten="191,323,345,141" oya="0" hai0="111,13,39,48,106,130,96,65,40,35,135,114,0" hai1="76,73,131,74,43,2,105,12,62,79,49,17,53" hai2="30,77,117,32,112,68,5,102,89,92,54,132,85" hai3="116,115,101,128,78,4,134,29,20,124,109,51,126"/><T11/><D114/><U87/><E105/><V27/><F68/><W71/><G78/><T25/><D0/><U16/><E2/><V22/><F112/><W66/><G101/><T23/><D35/><U44/><E131/><V33/><F117/><W55/><G20/><T31/><D39/><U46/><E62/><V129/><F129/><W72/><G29/><T64/><D130/><U61/><E61/><V57/><F132/><W58/><G4/><T88/><D135/><U69/><E69/><V28/><F5/><W133/><G72/><T93/><D106/><U119/><E119/><V91/><F102/><W108/><G128/><T90/><D111/><N who="3" m="42569" /><G116/><T9/><D90/><U26/><E26/><V42/><F30/><W63/><G115/><T15/><D48/><U8/><E73/><V70/><F77/><W1/><G1/><T36/><D40/><U84/><E74/><V52/><F42/><W67/><G67/><T14/><D36/><U120/><E120/><V121/><F121/><W123/><G123/><T21/><D21/><U37/><E17/><V83/><F70/><W3/><G3/><T80/><D80/><U19/><E19/><V86/><F33/><W113/><G113/><T110/><D110/><U118/><E118/><V100/><F32/><W24/><G24/><T99/><D99/><U6/><E6/><V7/><F7/><W47/><G71/><T56/><D56/><U94/><E84/><V59/><F100/><W38/><G38/><T60/><D65/><U98/><E87/><V18/><F28/><W104/><G104/><T81/><D81/><RYUUKYOKU ba="1,0" sc="191,0,323,0,345,0,141,0" hai0="9,11,13,14,15,23,25,31,60,64,88,93,96" hai1="8,12,16,37,43,44,46,49,53,76,79,94,98" hai2="18,22,27,52,54,57,59,83,85,86,89,91,92" hai3="47,51,55,58,63,66,124,126,133,134" /><INIT seed="4,2,0,5,1,105" ten="191,323,345,141" oya="0" hai0="111,83,57,98,93,95,15,79,126,125,116,119,67" hai1="130,19,38,68,33,128,28,102,58,1,62,5,84" hai2="135,108,75,107,36,120,49,78,45,64,66,27,29" hai3="123,55,77,53,114,13,2,92,89,9,43,65,73"/><T72/><D67/><U31/><E38/><V35/><F107/><W25/><G114/><T113/><D57/><U41/><E41/><V16/><F108/><W117/><G117/><N who="0" m="45131" /><D15/><U17/><E68/><V50/><F120/><W133/><G123/><T47/><D47/><U115/><E115/><V12/><F36/><W8/><G133/><T11/><D11/><U59/><E102/><V88/><F49/><W104/><G65/><T71/><D71/><U87/><E1/><V30/><F30/><W37/><G53/><T106/><D113/><U82/><E5/><V54/><F135/><W132/><G55/><T74/><D74/><U14/><E82/><V109/><F109/><W101/><G73/><T121/><D121/><U96/><E33/><V81/><F88/><W52/><G25/><T44/><D44/><U118/><E118/><V42/><F42/><W80/><G13/><T56/><D56/><U39/><E39/><V61/><F61/><W69/><G9/><AGARI ba="2,0" hai="9,12,16,27,29,35,45,50,54,64,66,75,78,81" machi="9" ten="30,3900,0" yaku="7,1,52,1,54,1" doraHai="105" who="2" fromWho="3" sc="191,0,323,0,345,45,141,-45" /><INIT seed="5,0,0,4,3,101" ten="191,323,390,96" oya="1" hai0="51,25,14,3,80,28,67,129,70,123,56,116,64" hai1="113,15,12,2,117,89,49,63,29,125,72,126,92" hai2="16,59,24,21,99,120,4,104,108,76,111,107,42" hai3="30,35,10,20,86,65,84,134,74,22,44,96,73"/><U33/><E117/><V7/><F120/><W122/><G122/><T135/><D3/><U110/><E2/><V57/><F76/><W95/><G134/><T118/><D123/><U62/><E72/><V124/><F99/><W58/><G35/><T41/><D70/><U103/><E113/><V38/><F38/><W77/><G74/><T1/><D1/><U105/><E110/><V133/><F42/><W50/><G73/><T79/><D135/><U13/><E33/><V102/><F102/><W52/><G10/><T27/><D129/><U45/><E29/><V26/><F133/><W46/><G46/><T37/><D37/><U48/><E103/><V23/><F16/><W53/><G65/><T19/><D116/><U54/><E105/><V81/><F81/><W60/><G77/><T114/><D114/><U94/><E94/><V132/><F132/><W115/><G115/><T119/><D119/><U8/><E8/><V6/><F6/><W78/><G78/><T100/><D100/><U66/><E49/><V88/><F88/><N who="3" m="55399" /><G22/><T106/><D106/><U90/><E90/><V9/><F9/><W98/><G98/><T85/><D41/><U130/><E130/><V40/><F40/><W43/><G43/><T32/><D118/><U93/><E93/><V97/><F97/><W61/><G61/><N who="1" m="23050" /><E66/><V34/><F34/><W109/><G109/><T127/><D67/><U39/><E39/><V71/><F71/><W31/><G31/><T75/><D75/><U131/><E131/><V91/><F91/><W11/><G11/><T87/><D64/><U83/><E92/><RYUUKYOKU ba="0,0" sc="191,-30,323,10,390,10,96,10" hai1="12,13,15,45,48,54,83,89,125,126" hai2="4,7,21,23,24,26,57,59,104,107,108,111,124" hai3="20,30,44,50,52,53,58,60,84,86" /><INIT seed="5,1,0,0,5,82" ten="161,333,400,106" oya="1" hai0="3,63,24,45,33,133,114,90,81,70,47,110,124" hai1="2,53,105,126,15,59,115,23,10,77,62,121,58" hai2="109,85,36,104,117,27,130,60,64,5,88,46,21" hai3="74,84,96,91,134,131,69,103,16,73,18,123,129"/><U0/><E121/><V128/><F104/><W31/><G31/><T13/><D3/><U34/><E34/><V52/><F117/><W41/><G69/><T120/><D120/><U26/><E115/><V20/><F5/><W61/><G123/><T116/><D116/><U54/><E105/><V14/><F109/><W44/><G61/><T99/><D110/><U66/><E126/><V100/><F100/><W122/><G122/><T71/><D124/><U40/><E40/><V79/><F79/><W80/><G134/><T22/><D133/><U8/><E77/><V39/><F14/><W113/><G113/><T125/><D125/><U1/><E15/><V132/><F132/><W28/><G28/><T56/><D33/><U94/><E94/><V4/><F4/><W108/><G108/><T92/><D13/><U68/><E68/><V86/><F20/><W65/><G65/><T55/><D114/><U119/><E119/><V35/><F35/><W29/><G29/><T95/><D81/><U57/><E66/><V7/><F7/><W43/><G43/><T9/><D9/><U51/><REACH who="1" step="1"/><E58/><REACH who="1" ten="161,323,400,106" step="2"/><N who="2" m="34887" /><F64/><W106/><G73/><T37/><D71/><U83/><E83/><V89/><F128/><N who="3" m="49227" /><G74/><T118/><D70/><U49/><E49/><AGARI ba="1,1" hai="16,18,41,44,49,80,84,91,96,103,106" m="49227" machi="49" ten="30,3900,0" yaku="19,1,52,1,54,1" doraHai="82" who="3" fromWho="1" sc="161,0,323,-42,400,0,106,52" /><INIT seed="6,0,0,0,5,73" ten="161,281,400,158" oya="2" hai0="117,99,66,54,125,94,28,5,25,89,41,1,23" hai1="44,75,68,110,69,40,93,116,126,108,33,92,63" hai2="39,80,55,88,97,2,79,64,119,72,86,128,24" hai3="37,49,130,43,102,13,114,74,32,16,120,26,15"/><V82/><F119/><W19/><G120/><T58/><D125/><U46/><E116/><V113/><F39/><W112/><G37/><T90/><D117/><U22/><E75/><V84/><F2/><W122/><G74/><T127/><D127/><U123/><E33/><V29/><F64/><W59/><G122/><T78/><D66/><U18/><E123/><V77/><F113/><N who="3" m="43627" /><G102/><T47/><D1/><U61/><E126/><V38/><F38/><W35/><G43/><T31/><D5/><U8/><E8/><V129/><F97/><W34/><G59/><T20/><D78/><U133/><E133/><V101/><F101/><W65/><G49/><N who="0" m="26863" /><D89/><U36/><E36/><V45/><F45/><W111/><G65/><T98/><D98/><U100/><E40/><V105/><F105/><W104/><G104/><T134/><D134/><U11/><E11/><V42/><F42/><W7/><G111/><T124/><D124/><U83/><E100/><V48/><F48/><W52/><G52/><T135/><D135/><U121/><E121/><V96/><F55/><W62/><G62/><N who="0" m="36183" /><D20/><U85/><E22/><V95/><REACH who="2" step="1"/><F72/><REACH who="2" ten="161,281,390,158" step="2"/><W9/><G130/><T14/><D99/><U51/><E46/><V91/><F91/><W132/><G132/><T106/><D106/><U81/><E44/><V30/><F30/><N who="3" m="19543" /><G7/><T4/><D4/><U109/><E109/><V76/><F76/><W118/><G118/><T56/><D56/><U57/><E57/><V71/><F71/><W0/><G0/><T67/><D67/><U6/><E6/><V17/><F17/><W87/><G87/><RYUUKYOKU ba="0,1" sc="161,-15,281,-15,390,15,158,15" hai2="24,29,77,79,80,82,84,86,88,95,96,128,129" hai3="9,13,15,16,19,34,35" /><INIT seed="6,1,1,3,4,24" ten="146,266,405,173" oya="2" hai0="101,16,126,17,7,107,5,15,115,99,18,48,100" hai1="3,103,62,14,30,42,128,22,33,64,133,46,19" hai2="45,105,26,21,91,75,130,27,31,121,20,123,40" hai3="61,50,108,117,52,127,34,60,113,97,80,4,77"/><V84/><F75/><W88/><G108/><T129/><D129/><U41/><E128/><V51/><F130/><W87/><G117/><T71/><D71/><U11/><E133/><V1/><F1/><W54/><G34/><T125/><D115/><U63/><E103/><V135/><F105/><W55/><G113/><T2/><D2/><U39/><E41/><V35/><F135/><W82/><G127/><N who="0" m="48651" /><D101/><U56/><E63/><N who="3" m="24138" /><G4/><N who="0" m="1611" /><D48/><U104/><E104/><V12/><F35/><W59/><G82/><T25/><D25/><U85/><E3/><V43/><F12/><AGARI ba="1,1" hai="12,15,16,17,18,99,100,107" m="1611,48651" machi="12" ten="40,2600,0" yaku="18,1,54,1" doraHai="24" who="0" fromWho="2" sc="146,39,266,0,405,-29,173,0" /><INIT seed="7,0,0,3,3,84" ten="185,266,376,173" oya="3" hai0="76,8,14,130,42,38,113,122,9,68,26,5,110" hai1="4,33,95,77,17,92,44,59,69,11,118,45,27" hai2="40,18,54,111,70,87,78,7,56,60,37,132,112" hai3="129,65,81,106,128,107,20,89,6,100,49,116,80"/><W75/><G65/><T39/><D122/><U55/><E69/><V96/><F111/><W115/><G6/><T67/><D110/><U101/><E118/><V43/><F132/><W66/><G66/><T123/><D123/><U36/><E77/><V3/><F70/><W16/><G116/><T97/><D76/><U103/><E33/><V53/><F112/><W102/><G115/><T13/><D113/><U47/><E36/><V85/><F37/><W88/><G49/><T108/><D108/><U124/><E124/><V114/><F114/><W35/><G35/><T51/><D130/><N who="3" m="50281" /><G75/><T73/><D73/><U91/><E27/><V79/><F7/><W15/><G80/><T72/><D72/><U50/><E92/><V63/><F3/><W25/><G81/><T30/><D67/><U2/><REACH who="1" step="1"/><E17/><REACH who="1" ten="185,256,376,173" step="2"/><V29/><F18/><N who="3" m="12439" /><G106/><T90/><D68/><U119/><E119/><V58/><F79/><W127/><G127/><T125/><D125/><U46/><N who="1" m="11264" /><DORA hai="83" /><U82/><E82/><V121/><F78/><W28/><G28/><T21/><D39/><U19/><E19/><V135/><F121/><W105/><G105/><T31/><D38/><U133/><E133/><V52/><F135/><W117/><G117/><T41/><D31/><U104/><E104/><V98/><F29/><W71/><G71/><T34/><D34/><U48/><E48/><V0/><F40/><W32/><G32/><T10/><D51/><U22/><E22/><V99/><F43/><W61/><G61/><T62/><D62/><U109/><E109/><V23/><F63/><W64/><G107/><RYUUKYOKU ba="0,1" sc="185,-10,256,30,376,-10,173,-10" hai1="2,4,11,50,55,59,91,95,101,103" owari="175,-22.0,286,9.0,376,47.0,163,-34.0" /></mjloggm>