<mjloggm ver="2.3"><GO type="169" lobby="0"/><UN n0="%E3%81%AF%E3%81%98%E3%81%BE%E3%82%8A%E3%81%AE%E6%9C%9D" n1="%50%61%65%6C%6C%61" n2="%E3%83%9E%E3%83%84%E3%82%B6%E3%82%AD" n3="%49%53%53%4F%4E%34" dan="16,16,17,16" rate="2154.92,2092.70,2184.72,2101.73" sx="F,M,M,M"/><TAIKYOKU oya="0"/><INIT seed="0,0,0,1,1,113" ten="250,250,250,250" oya="0" hai0="75,23,108,55,111,52,71,77,4,70,34,89,80" hai1="45,11,98,129,64,74,46,109,53,16,57,48,41" hai2="116,121,6,0,120,54,69,83,110,29,94,87,44" hai3="106,92,19,76,36,43,78,38,107,81,90,135,99"/><T117/><D117/><U93/><E109/><N who="0" m="42057" /><D34/><U51/><E129/><V134/><F69/><N who="0" m="26122" /><D4/><U104/><E64/><V33/><F116/><W101/><G43/><T112/><D112/><U119/><E74/><V8/><F110/><W127/><G38/><T59/><D89/><N who="1" m="55599" /><E104/><V30/><F134/><W22/><G36/><T97/><D97/><U72/><E72/><V79/><F33/><W128/><G135/><T1/><D1/><U115/><E119/><V67/><F120/><W103/><G90/><T56/><D23/><U42/><E115/><V32/><F32/><W86/><G22/><T102/><D102/><U24/><E24/><V131/><F131/><W62/><G99/><T105/><D105/><U88/><E88/><V114/><F114/><W133/><G103/><T49/><D55/><U26/><E53/><V27/><F121/><W73/><G101/><T2/><D2/><U124/><E26/><V130/><F27/><W47/><G107/><T39/><D39/><U68/><E11/><V35/><F35/><W9/><G106/><T118/><D118/><U31/><E31/><V7/><F130/><W50/><G9/><T14/><D14/><U125/><E16/><V85/><F7/><W122/><G128/><T65/><D65/><U58/><E68/><V40/><F67/><W123/><G123/><T25/><D25/><U13/><E13/><V17/><F17/><W91/><G19/><T63/><D63/><U18/><E18/><V15/><F54/><W10/><G122/><T28/><D28/><U132/><E132/><V37/><F0/><W96/><G133/><RYUUKYOKU ba="0,0" sc="250,10,250,10,250,10,250,-30" hai0="49,52,56,59,75,77,80" hai1="41,42,45,46,48,51,57,58,124,125" hai2="6,8,15,29,30,37,40,44,79,83,85,87,94" /><INIT seed="0,1,0,2,5,10" ten="260,260,260,220" oya="0" hai0="135,41,59,96,32,109,45,87,55,48,68,75,64" hai1="92,100,82,86,73,117,40,106,61,38,3,42,23" hai2="22,54,6,4,52,35,84,21,8,98,126,93,62" hai3="74,123,113,27,115,127,53,37,85,11,47,78,24"/><T128/><D75/><U101/><E117/><V29/><F126/><W12/><G74/><T110/><D32/><U13/><E3/><V50/><F35/><W83/><G123/><T19/><D128/><U14/><E106/><V18/><F29/><W79/><G127/><T89/><D96/><N who="1" m="59399" /><E38/><V114/><F114/><W133/><G133/><T63/><D19/><N who="1" m="10735" /><E101/><N who="2" m="60623" /><F8/><W67/><G37/><N who="0" m="21679" /><D135/><U91/><E73/><V57/><F84/><W131/><G67/><T94/><AGARI ba="1,0" hai="48,55,59,63,64,68,87,89,94,109,110" m="21679" machi="94" ten="30,1500,0" yaku="24,1" doraHai="10" who="0" fromWho="0" sc="260,18,260,-6,260,-6,220,-6" /><INIT seed="0,2,0,1,3,126" ten="278,254,254,214" oya="0" hai0="84,96,63,123,62,121,98,10,5,42,135,1,17" hai1="59,115,112,81,56,94,101,119,110,100,118,35,28" hai2="129,12,73,66,29,14,24,124,77,107,44,108,111" hai3="65,60,134,51,97,34,83,95,75,69,70,80,64"/><T125/><D125/><U79/><E28/><V91/><F107/><W41/><G34/><T57/><D135/><U15/><E15/><V8/><F124/><W109/><G134/><T82/><D42/><U120/><E35/><V49/><F66/><W16/><G75/><T86/><D17/><U33/><E33/><V53/><F91/><W55/><G41/><T114/><D114/><N who="1" m="43563" /><E59/><V133/><F133/><W47/><G109/><N who="2" m="42057" /><F8/><W130/><G130/><T58/><D82/><U46/><E56/><V22/><F129/><W68/><G68/><T31/><D31/><U89/><E46/><V106/><F106/><W45/><G45/><T38/><D10/><U128/><E128/><V78/><F78/><W21/><G65/><T105/><D105/><U30/><E30/><V102/><F102/><N who="1" m="39529" /><E120/><V2/><F2/><W122/><G70/><T113/><D113/><U19/><E19/><V43/><F43/><W23/><G23/><T11/><D11/><U116/><E110/><V90/><F90/><W18/><G18/><T104/><D104/><U72/><E119/><V40/><F40/><W103/><REACH who="3" step="1"/><G122/><REACH who="3" ten="278,254,254,204" step="2"/><T37/><REACH who="0" step="1"/><D5/><REACH who="0" ten="268,254,254,204" step="2"/><U132/><E132/><V85/><F73/><W39/><G39/><T52/><D52/><U27/><E27/><AGARI ba="2,2" hai="16,21,27,47,51,55,60,64,69,80,83,95,97,103" machi="27" ten="30,3900,0" yaku="1,1,7,1,54,1,53,0" doraHai="126" doraHaiUra="131" who="3" fromWho="1" sc="268,0,254,-45,254,0,204,65" /><INIT seed="1,0,0,2,0,1" ten="268,209,254,269" oya="1" hai0="102,98,103,31,12,54,101,72,69,21,87,113,115" hai1="24,42,18,25,3,0,74,63,123,89,126,2,118" hai2="56,86,44,34,50,51,55,104,100,41,130,43,45" hai3="8,16,128,11,112,117,122,68,97,70,10,28,94"/><U129/><E118/><V116/><F34/><W135/><G122/><T5/><D72/><U53/><E123/><V93/><F116/><W81/><G117/><T39/><D39/><U80/><E126/><V121/><F121/><W124/><G112/><T27/><D69/><U119/><E119/><V59/><F130/><W35/><G28/><T84/><D54/><U47/><E129/><V73/><F73/><W66/><G35/><T62/><D62/><U133/><E133/><V38/><F104/><W52/><G128/><T71/><D71/><U108/><E108/><V95/><F100/><W57/><G81/><T96/><D113/><U105/><E105/><V125/><F125/><W134/><G66/><T64/><D64/><U106/><E106/><V111/><F111/><W48/><G124/><T131/><D131/><U67/><E74/><V9/><F86/><N who="0" m="32810" /><D115/><U7/><E3/><V91/><F91/><N who="3" m="55519" /><G70/><T26/><D26/><U99/><E0/><V109/><F109/><W88/><G88/><T82/><D82/><U85/><E99/><V30/><F30/><W127/><G68/><T15/><D15/><U23/><E67/><V110/><F110/><W36/><G36/><T19/><D31/><U114/><E114/><V22/><F38/><W32/><G32/><T37/><D37/><N who="1" m="21967" /><E25/><V107/><F107/><W83/><G127/><T65/><D65/><U6/><E2/><V78/><F78/><W90/><G83/><T29/><D29/><U132/><E132/><N who="3" m="50730" /><G90/><T120/><D120/><U33/><E33/><V4/><F93/><W58/><G58/><T77/><D77/><RYUUKYOKU ba="0,0" sc="268,10,209,10,254,-30,269,10" hai0="5,12,19,21,27,96,98,101,102,103" hai1="6,7,18,23,24,53,63,80,85,89" hai3="8,10,11,16,48,52,57" /><INIT seed="1,1,0,4,5,20" ten="278,219,224,279" oya="1" hai0="46,114,9,36,47,117,105,12,90,89,87,132,52" hai1="66,135,23,119,58,100,102,109,7,61,60,104,108" hai2="5,26,125,19,33,82,22,96,18,30,127,34,98" hai3="42,115,13,14,54,73,99,53,32,2,124,6,15"/><U40/><E119/><V80/><F5/><W95/><G73/><T29/><D117/><U4/><E135/><V72/><F72/><W27/><G115/><T116/><D116/><U74/><E74/><V101/><F18/><W63/><G42/><T24/><D105/><U11/><E40/><V70/><F70/><W112/><G112/><T65/><D114/><U134/><E134/><V10/><F10/><W41/><G41/><T97/><D132/><U92/><E104/><V68/><F68/><W130/><G2/><T49/><D65/><U128/><E128/><V133/><F133/><W62/><G6/><T120/><D120/><U38/><E38/><V1/><F1/><W81/><G81/><N who="2" m="31337" /><F30/><W69/><G130/><T3/><D3/><N who="1" m="415" /><E7/><V84/><F84/><W39/><G39/><T85/><D36/><U118/><E118/><V122/><F122/><W21/><G32/><N who="2" m="12393" /><F101/><N who="3" m="60671" /><G69/><T121/><D121/><U71/><E23/><V110/><F110/><N who="1" m="42601" /><E92/><V37/><F37/><W0/><G0/><T123/><D123/><U77/><E77/><V43/><F43/><W107/><G107/><T59/><D9/><U44/><E44/><V45/><F45/><W8/><G8/><T83/><D46/><U57/><E71/><V79/><F79/><W31/><G54/><AGARI ba="1,0" hai="54,57,58,60,61,66,100,102" m="42601,415" machi="54" ten="30,2900,0" yaku="14,1,10,1" doraHai="20" who="1" fromWho="3" sc="278,0,219,32,224,0,279,-32" /><INIT seed="1,2,0,2,0,43" ten="278,251,224,247" oya="1" hai0="127,35,13,65,2,86,1,109,73,112,89,58,39" hai1="111,97,42,37,18,21,122,76,56,32,4,99,20" hai2="130,133,31,135,108,126,46,87,6,70,50,103,92" hai3="51,96,78,105,52,22,25,91,80,129,74,121,79"/><U7/><E122/><V101/><F70/><W8/><G121/><T10/><D73/><U0/><E32/><V77/><F108/><W45/><G129/><T106/><D112/><U69/><E69/><V85/><F130/><W60/><G78/><T48/><D106/><U134/><E134/><N who="2" m="51211" /><F126/><W64/><G8/><T117/><D127/><U81/><E111/><V16/><F6/><W88/><G96/><T115/><D109/><U114/><E114/><V23/><F31/><W68/><G105/><T29/><D39/><U17/><E56/><V95/><F77/><W94/><G94/><N who="2" m="35881" /><F103/><W119/><G119/><T34/><D117/><U124/><E124/><V24/><F101/><W67/><G64/><T49/><D115/><U71/><E71/><V83/><F83/><W38/><G38/><T120/><D120/><U82/><E37/><V98/><F98/><W75/><G74/><T123/><D123/><U63/><E76/><V47/><F50/><W110/><G110/><T131/><D131/><U90/><E42/><V107/><F107/><W61/><G61/><N who="0" m="38071" /><D2/><U72/><E72/><V11/><F11/><W128/><G128/><T9/><D1/><U59/><E59/><V55/><F55/><W53/><G53/><T33/><D9/><U100/><E63/><V44/><AGARI ba="2,0" hai="16,23,24,44,46,47,85,87" m="35881,51211" machi="44" ten="40,8000,1" yaku="20,1,52,3,54,1" doraHai="43" who="2" fromWho="2" sc="278,-22,251,-42,224,86,247,-22" /><INIT seed="2,0,0,4,0,52" ten="256,209,310,225" oya="2" hai0="122,18,61,121,45,28,93,125,118,98,53,109,21" hai1="24,57,130,84,33,129,32,36,120,77,133,37,103" hai2="132,117,5,43,119,66,47,62,116,78,15,114,89" hai3="96,75,102,124,41,74,65,34,126,11,105,76,94"/><V17/><F114/><W82/><G34/><N who="1" m="13418" /><E103/><V1/><F132/><W63/><G41/><T25/><D109/><U88/><E77/><V38/><F78/><W50/><G50/><T59/><D125/><N who="3" m="48233" /><G11/><T39/><D118/><U8/><E133/><V104/><F104/><W13/><G13/><T70/><D70/><U55/><E24/><V7/><F89/><W3/><G3/><T14/><D45/><U100/><E100/><V35/><F35/><W26/><G26/><T80/><D80/><N who="1" m="49159" /><E8/><V67/><F1/><W12/><G12/><T73/><D73/><U56/><E120/><V101/><F101/><W22/><G22/><T19/><D39/><N who="1" m="14923" /><E55/><V2/><F2/><W134/><G134/><T6/><D6/><U113/><E113/><V54/><F54/><W79/><G79/><T10/><REACH who="0" step="1"/><D28/><REACH who="0" ten="246,209,310,225" step="2"/><U0/><E0/><V97/><F5/><W92/><G75/><T86/><D86/><U30/><E30/><V111/><F7/><W107/><G105/><T20/><D20/><U85/><E85/><V123/><F117/><W23/><G23/><T135/><D135/><U91/><E91/><AGARI ba="0,1" hai="10,14,18,19,21,25,53,59,61,91,93,98,121,122" machi="91" ten="30,8000,1" yaku="1,1,7,1,25,2,52,1,53,0" doraHai="52" doraHaiUra="115" who="0" fromWho="1" sc="246,90,209,-80,310,0,225,0" /><INIT seed="3,0,0,3,5,113" ten="336,129,310,225" oya="3" hai0="67,84,24,131,41,30,4,96,59,72,100,46,123" hai1="125,107,132,50,105,69,120,1,85,135,51,14,42" hai2="32,64,119,48,92,130,52,80,20,0,38,117,5" hai3="79,99,83,65,44,133,58,36,13,112,91,88,71"/><W95/><G71/><T115/><D123/><U122/><E85/><V28/><F38/><W121/><G121/><N who="1" m="46698" /><E42/><V76/><F32/><W17/><G112/><T34/><D72/><U129/><E14/><V11/><F130/><W26/><G26/><T7/><D115/><U97/><E97/><V127/><F127/><W55/><G65/><T70/><D131/><U63/><E129/><V104/><F104/><N who="1" m="40009" /><E1/><V75/><F64/><W74/><G133/><N who="1" m="51274" /><E125/><V126/><F92/><W8/><G36/><T16/><D84/><U102/><E102/><V128/><F126/><W31/><G31/><T116/><D100/><U103/><E103/><V106/><F106/><W86/><G44/><T53/><D96/><U134/><N who="1" m="51282" /><U49/><DORA hai="9" /><E63/><V118/><F128/><W62/><G74/><T33/><D41/><U93/><E93/><V124/><F124/><W81/><G83/><T18/><D46/><U15/><E15/><V101/><F101/><AGARI ba="0,0" hai="8,13,17,55,58,62,79,81,86,88,91,95,99,101" machi="101" ten="30,11600,0" yaku="7,1,8,1,52,1,54,1" doraHai="113,9" who="3" fromWho="2" sc="336,0,129,0,310,-116,225,116" /><INIT seed="3,1,0,2,1,74" ten="336,129,194,341" oya="3" hai0="122,73,19,29,36,30,91,68,6,119,100,34,1" hai1="102,90,77,123,56,106,121,109,130,37,13,134,99" hai2="96,35,129,75,115,66,60,9,41,127,83,46,79" hai3="103,87,32,118,131,116,67,44,72,62,48,111,92"/><W2/><G32/><T31/><D68/><U120/><E37/><V21/><F115/><W94/><G2/><T113/><D73/><U10/><E109/><V52/><F35/><W89/><G72/><T8/><D36/><U40/><E40/><V85/><F129/><W23/><G111/><T50/><D100/><U76/><E130/><V53/><F127/><W20/><G131/><T5/><D50/><U128/><E128/><V16/><F9/><W38/><G38/><T7/><D91/><U78/><E134/><V45/><F96/><W133/><G133/><T70/><D70/><U114/><E114/><V42/><F75/><W104/><G104/><T80/><D80/><U112/><E112/><V43/><F66/><W101/><G118/><T64/><D64/><U97/><E56/><N who="2" m="34823" /><F53/><W11/><G11/><N who="0" m="2479" /><D113/><U51/><E51/><V107/><F107/><W0/><G0/><N who="0" m="71" /><D119/><U54/><E54/><V39/><F39/><W84/><G116/><T4/><D122/><U93/><REACH who="1" step="1"/><E121/><REACH who="1" ten="336,119,194,341" step="2"/><V69/><F69/><W59/><G101/><T26/><D34/><U49/><E49/><V12/><AGARI ba="1,1" hai="12,16,21,41,42,43,45,46,79,83,85" m="34823" machi="12" ten="30,7900,0" yaku="8,1,52,1,54,2" doraHai="74" who="2" fromWho="2" sc="336,-21,119,-21,194,92,341,-40" /><INIT seed="4,0,0,0,4,109" ten="315,98,286,301" oya="0" hai0="61,30,25,43,19,98,16,119,76,17,86,92,18" hai1="112,20,49,39,50,83,1,103,5,37,58,55,124" hai2="68,105,2,120,4,135,107,87,106,94,3,41,126" hai3="131,77,23,114,51,9,67,60,34,59,35,54,100"/><T88/><D119/><U73/><E124/><V63/><F120/><W108/><G108/><T128/><D128/><U130/><E130/><V46/><F126/><W6/><G131/><T32/><D43/><U125/><E125/><V75/><F135/><W38/><G38/><T11/><D61/><U14/><E103/><V111/><F111/><W93/><G77/><T127/><D127/><U102/><E102/><V129/><F129/><W91/><G100/><T56/><D56/><U47/><E1/><V97/><F87/><W134/><G134/><T80/><N who="0" m="4096" /><DORA hai="44" /><T10/><AGARI ba="0,0" hai="10,11,25,30,32,76,80,86,88,92,98" m="4096" machi="10" ten="40,12000,1" yaku="4,1,0,1,54,2" doraHai="109,44" who="0" fromWho="0" sc="315,120,98,-40,286,-40,301,-40" /><INIT seed="4,1,0,0,0,3" ten="435,58,246,261" oya="0" hai0="28,29,114,54,74,132,8,91,39,10,113,52,64" hai1="15,99,48,63,103,19,57,61,77,124,128,20,93" hai2="78,26,79,43,130,68,51,45,107,86,23,85,7" hai3="133,89,58,50,35,135,84,127,16,11,116,71,134"/><T73/><D39/><U118/><E118/><V117/><F68/><W129/><G71/><T25/><D64/><U17/><E128/><V110/><F107/><W94/><G35/><T112/><D132/><U46/><E124/><V32/><F32/><W33/><G33/><N who="0" m="20623" /><D29/><U92/><E77/><N who="2" m="29195" /><F110/><W131/><G50/><T81/><D91/><U97/><E19/><N who="2" m="12671" /><F130/><N who="3" m="49675" /><G58/><T100/><D100/><U98/><E92/><V49/><F117/><W1/><G116/><T22/><D22/><U40/><REACH who="1" step="1"/><E63/><REACH who="1" ten="435,48,246,261" step="2"/><V24/><F43/><W70/><G127/><T5/><D81/><U30/><E30/><V6/><F24/><W105/><G105/><T14/><D10/><U53/><AGARI ba="1,1" hai="15,17,20,40,46,48,53,57,61,93,97,98,99,103" machi="53" ten="20,5200,0" yaku="1,1,0,1,7,1,8,1,53,0" doraHai="3" doraHaiUra="109" who="1" fromWho="1" sc="435,-27,48,65,246,-14,261,-14" /><INIT seed="5,0,0,1,5,34" ten="408,113,232,247" oya="1" hai0="93,39,77,120,48,95,109,94,33,35,129,62,89" hai1="82,25,125,43,52,41,128,15,45,49,113,83,85" hai2="106,119,36,121,42,112,1,87,57,90,69,20,24" hai3="72,110,17,58,46,16,6,65,104,26,21,71,88"/><U111/><E113/><V63/><F69/><W118/><G110/><T132/><D39/><U60/><E111/><V23/><F106/><W84/><G72/><T47/><D109/><U12/><E128/><V54/><F121/><W67/><G71/><T105/><D129/><U66/><E125/><V107/><F107/><W44/><G104/><T75/><D105/><U18/><E25/><V0/><F119/><W38/><G118/><T22/><D132/><U31/><E31/><V96/><F112/><W40/><G44/><T55/><D120/><U7/><E7/><V29/><F96/><W4/><G17/><T101/><D101/><U130/><E130/><V102/><F102/><W97/><G97/><T126/><D126/><U56/><E82/><V10/><F10/><W13/><G58/><T30/><D62/><U5/><E5/><V11/><F11/><W59/><G26/><T123/><D123/><U76/><REACH who="1" step="1"/><E15/><REACH who="1" ten="408,103,232,247" step="2"/><V81/><F29/><W9/><G6/><T127/><D127/><U134/><E134/><V32/><F24/><W64/><G4/><T92/><D30/><U53/><E53/><V124/><F124/><W80/><G9/><AGARI ba="0,1" hai="9,12,18,41,43,45,49,52,56,60,66,76,83,85" machi="9" ten="30,11600,0" yaku="1,1,7,1,8,1,54,1,53,0" doraHai="34" doraHaiUra="100" who="1" fromWho="3" sc="408,0,103,126,232,0,247,-116" /><INIT seed="5,1,0,4,5,33" ten="408,229,232,131" oya="1" hai0="57,31,120,130,75,9,129,51,83,103,44,76,80" hai1="48,2,18,16,87,20,70,121,84,29,74,63,72" hai2="62,65,119,23,19,107,15,50,32,128,93,132,85" hai3="109,67,79,1,45,0,78,106,22,88,54,26,102"/><U58/><E121/><V117/><F107/><W124/><G109/><T47/><D120/><U49/><E70/><V25/><F128/><N who="0" m="49258" /><D103/><U92/><E2/><V13/><F132/><W64/><G102/><T6/><D31/><U108/><E108/><V68/><F50/><N who="1" m="19561" /><E74/><V125/><F125/><W110/><G106/><T135/><D135/><U115/><E72/><V98/><F85/><N who="1" m="32841" /><E92/><V71/><F71/><W27/><G110/><T122/><D122/><U105/><E115/><V21/><F32/><W53/><G22/><T7/><D80/><U123/><E105/><V113/><F113/><W8/><G8/><T112/><D112/><U100/><E100/><V11/><F23/><W77/><G77/><T24/><D24/><N who="1" m="16519" /><E123/><V90/><F15/><W116/><G116/><T127/><D127/><U91/><E91/><V89/><F90/><W59/><G124/><T61/><D7/><AGARI ba="1,0" hai="7,11,13,19,21,25,62,65,68,89,93,98,117,119" machi="7" ten="30,1000,0" yaku="7,1" doraHai="33" who="2" fromWho="0" sc="408,-13,229,0,232,13,131,0" /><INIT seed="6,0,0,4,2,86" ten="395,229,245,131" oya="2" hai0="82,10,47,78,67,64,27,23,15,112,4,70,66" hai1="30,20,73,116,1,102,104,120,109,129,117,128,54" hai2="98,126,95,32,80,99,0,133,2,57,55,34,83" hai3="6,68,105,77,84,69,107,33,111,65,9,94,121"/><V25/><F133/><W38/><G121/><T43/><D112/><U37/><E109/><V18/><F126/><W103/><G33/><T108/><D108/><U132/><E1/><V74/><F74/><W13/><G111/><T58/><D70/><U7/><E7/><V118/><F118/><W21/><G38/><T135/><D135/><U12/><E37/><V28/><F34/><W22/><G77/><T62/><D47/><U35/><E73/><V113/><F113/><W101/><G65/><N who="0" m="25195" /><D43/><U19/><E102/><V24/><F99/><W127/><G127/><T16/><D82/><U124/><E104/><V40/><F40/><W131/><G131/><N who="1" m="50250" /><E54/><V85/><F85/><W48/><G48/><T51/><D51/><U89/><E89/><N who="2" m="55663" /><F2/><W71/><G103/><T100/><D100/><U96/><E96/><V114/><F114/><W45/><G45/><T61/><D61/><U90/><E90/><V14/><F0/><W122/><G122/><T3/><D3/><U53/><E53/><V63/><F14/><W110/><G110/><T49/><D49/><U46/><E46/><V92/><F92/><W29/><G101/><T50/><D50/><U76/><E76/><AGARI ba="0,0" hai="4,10,15,16,23,27,58,62,67,76,78" m="25195" machi="76" ten="30,2000,0" yaku="8,1,54,1" doraHai="86" who="0" fromWho="1" sc="395,20,229,-20,245,0,131,0" /><INIT seed="7,0,0,0,3,98" ten="415,209,245,131" oya="3" hai0="11,51,119,87,97,30,40,108,89,49,134,84,76" hai1="47,39,59,86,117,15,7,115,57,2,17,16,68" hai2="72,125,62,22,109,3,77,65,75,20,29,48,102" hai3="54,44,31,103,126,106,135,0,6,32,112,120,1"/><W130/><G120/><T107/><D119/><U101/><E115/><V41/><F3/><W8/><G54/><T66/><D30/><U129/><E101/><V74/><F125/><W73/><G0/><T118/><D11/><U60/><E86/><V99/><F77/><W100/><G106/><T56/><D51/><U69/><E47/><V24/><F20/><W12/><G112/><T132/><D108/><U79/><E60/><V131/><F109/><W36/><G126/><T70/><D70/><U52/><E52/><V10/><F10/><W80/><G12/><T83/><D118/><U42/><E7/><V45/><F131/><W53/><G130/><T64/><D97/><U82/><E42/><V88/><F88/><W46/><G53/><N who="0" m="31791" /><D40/><U105/><E17/><V121/><F121/><W114/><G114/><T92/><D107/><U113/><E16/><V81/><F81/><W63/><G63/><T67/><D67/><U116/><E59/><V85/><F85/><W14/><G14/><T123/><D123/><U19/><E57/><N who="2" m="37071" /><F74/><W133/><G31/><T58/><D58/><U5/><E19/><V4/><F4/><W104/><G32/><T71/><D71/><U38/><E15/><V127/><F127/><W35/><G35/><T110/><D110/><U122/><E82/><V55/><F55/><W13/><G13/><T94/><D94/><AGARI ba="0,0" hai="22,24,29,41,45,48,72,75,94,99,102" m="37071" machi="94" ten="30,2000,0" yaku="25,1,52,1" doraHai="98" who="2" fromWho="0" sc="415,-20,209,0,245,20,131,0" owari="395,49.0,209,-19.0,265,7.0,131,-37.0" /></mjloggm>