<mjloggm ver="2.3"><GO type="169" lobby="0"/><UN n0="%68%69%72%6F%70%65%6E" n1="%E3%81%A4%E3%81%B0%E3%81%8D%E3%81%A1%30%33" n2="%E3%81%8D%E3%81%8D%E3%81%8D%E3%82%8A%E3%82%93%E3%81%A7%E3%81%99%E3%80%82" n3="%E3%82%88%E3%81%98%E3%81%92%E3%82%93" dan="17,17,16,17" rate="2124.28,2171.89,2072.52,2087.16" sx="M,M,M,M"/><TAIKYOKU oya="0"/><INIT seed="0,0,0,2,5,1" ten="250,250,250,250" oya="0" hai0="15,125,102,106,96,111,75,89,93,18,118,55,97" hai1="57,51,61,42,35,39,84,135,34,67,132,40,72" hai2="99,103,65,33,116,134,10,98,71,78,101,2,49" hai3="70,52,109,131,117,126,26,41,122,86,90,130,5"/><T4/><D118/><U119/><E119/><V133/><F116/><W68/><G117/><RYUUKYOKU type="kaze4" ba="0,0" sc="250,0,250,0,250,0,250,0" /><INIT seed="0,1,0,5,3,91" ten="250,250,250,250" oya="0" hai0="15,27,67,80,84,109,119,43,60,118,114,77,129" hai1="132,82,57,21,72,73,19,124,99,75,127,106,65" hai2="23,74,128,108,32,37,93,46,71,11,12,52,97" hai3="81,79,123,63,111,115,9,131,24,88,83,3,45"/><T6/><D114/><U107/><E82/><V92/><F32/><W117/><G115/><T98/><D129/><U76/><E76/><V126/><F128/><W121/><G117/><T101/><D109/><U38/><E38/><V51/><F74/><W30/><G131/><T29/><D43/><U90/><E132/><V96/><F71/><W1/><G111/><T58/><D15/><U56/><E90/><V25/><F108/><W103/><G103/><T113/><D6/><U100/><E107/><V120/><F120/><W116/><G116/><T85/><D85/><U95/><E106/><V44/><F126/><N who="1" m="48169" /><E65/><V86/><F86/><N who="3" m="50255" /><G9/><T66/><D66/><U7/><E7/><N who="2" m="3199" /><F44/><W17/><G45/><T59/><D59/><U14/><AGARI ba="1,0" hai="14,19,21,56,57,72,73,75,95,99,100" m="48169" machi="14" ten="40,2700,0" yaku="18,1,52,1" doraHai="91" who="1" fromWho="1" sc="250,-14,250,30,250,-8,250,-8" /><INIT seed="1,0,0,5,2,71" ten="236,280,242,242" oya="1" hai0="86,128,105,64,38,129,96,111,83,39,80,106,3" hai1="69,79,112,23,72,89,97,49,24,98,13,60,43" hai2="45,20,36,125,56,11,116,78,22,0,27,127,55" hai3="12,59,76,32,84,35,66,110,51,102,117,63,101"/><U54/><E112/><V113/><F116/><W29/><G110/><T46/><D111/><U115/><E115/><V2/><F113/><W134/><G134/><T30/><D3/><U123/><E123/><V133/><F133/><W17/><G117/><T120/><D120/><U19/><E72/><V8/><F78/><W74/><G74/><T95/><D46/><U58/><E79/><V21/><F27/><W53/><G32/><T25/><D64/><U48/><E69/><V131/><F131/><N who="0" m="50250" /><D106/><U109/><E109/><V5/><F5/><W90/><G76/><N who="0" m="46343" /><D83/><U4/><E89/><V16/><F2/><W92/><G35/><N who="0" m="20943" /><D105/><U118/><E118/><V104/><F104/><W103/><G29/><T42/><D42/><U44/><REACH who="1" step="1"/><E48/><REACH who="1" ten="236,270,242,242" step="2"/><V61/><F127/><W50/><G51/><T119/><D119/><U10/><AGARI ba="0,1" hai="4,10,13,19,23,24,43,44,49,54,58,60,97,98" machi="10" ten="30,11700,0" yaku="1,1,2,1,0,1,8,1,53,0" doraHai="71" doraHaiUra="73" who="1" fromWho="1" sc="236,-39,270,127,242,-39,242,-39" /><INIT seed="1,1,0,5,5,78" ten="197,397,203,203" oya="1" hai0="75,44,81,53,73,123,16,1,122,56,126,102,125" hai1="23,103,129,124,36,109,31,51,86,54,49,87,97" hai2="115,12,52,47,41,82,33,107,57,134,26,118,113" hai3="93,65,37,108,59,90,15,3,13,7,48,121,84"/><U111/><E36/><V50/><F118/><W25/><G121/><N who="0" m="46091" /><D1/><U17/><E31/><V110/><F110/><N who="1" m="41993" /><E124/><N who="0" m="47721" /><D102/><U70/><E70/><V116/><F116/><W27/><G3/><T61/><D44/><N who="1" m="27943" /><E51/><V32/><F107/><W28/><G48/><T67/><D67/><U0/><E0/><V128/><F128/><W74/><G65/><T46/><D46/><U131/><E129/><V119/><F119/><W4/><G37/><T130/><D130/><U92/><E131/><V127/><F127/><W106/><G59/><T11/><D81/><U88/><E103/><V43/><F57/><W22/><G108/><T76/><D76/><U14/><AGARI ba="1,0" hai="14,17,23,86,87,88,92,97" m="27943,41993" machi="14" ten="30,6000,0" yaku="14,1,10,1,54,1" doraHai="78" who="1" fromWho="1" sc="197,-21,397,63,203,-21,203,-21" /><INIT seed="1,2,0,0,0,113" ten="176,460,182,182" oya="1" hai0="65,3,90,129,56,128,88,114,101,7,134,132,120" hai1="47,59,40,124,12,74,29,127,1,9,135,110,23" hai2="45,93,95,41,26,14,70,86,125,96,66,121,75" hai3="20,34,81,11,19,58,99,109,57,51,115,8,108"/><U55/><E74/><V87/><F75/><W72/><G115/><T133/><D114/><U46/><E1/><V25/><F121/><W35/><G99/><T32/><D32/><U130/><E130/><N who="0" m="50281" /><D120/><U77/><E77/><V107/><F107/><W42/><G34/><T64/><D101/><U48/><E135/><V50/><F125/><N who="1" m="48201" /><E110/><V79/><F70/><W73/><G35/><T15/><D3/><U24/><E40/><V83/><F66/><N who="0" m="25706" /><D56/><U38/><E38/><V60/><F60/><W61/><G58/><T106/><D106/><U30/><E30/><V71/><F71/><W43/><G57/><T17/><D7/><AGARI ba="2,0" hai="7,9,12,23,24,29,46,47,48,55,59" m="48201" machi="7" ten="30,1500,0" yaku="18,1" doraHai="113" who="1" fromWho="0" sc="176,-21,460,21,182,0,182,0" /><INIT seed="1,3,0,0,0,22" ten="155,481,182,182" oya="1" hai0="68,79,49,128,118,2,104,108,13,86,0,14,11" hai1="40,26,133,85,41,61,37,34,106,119,84,44,27" hai2="93,89,102,130,12,48,71,97,64,83,75,59,6" hai3="20,53,15,31,96,32,121,67,47,123,66,16,100"/><U17/><E119/><V24/><F130/><W30/><G121/><T42/><D104/><U77/><E106/><V87/><F71/><W18/><G123/><T58/><D68/><U113/><E113/><V51/><F75/><W39/><G31/><T55/><D118/><U3/><E3/><V21/><F6/><W90/><G90/><T45/><D108/><U9/><E34/><V25/><F12/><W110/><G110/><T76/><D128/><U74/><E133/><V122/><F122/><W103/><G18/><T131/><D131/><U99/><E74/><V7/><F7/><W92/><G103/><T127/><D127/><U63/><E99/><V57/><F57/><W8/><G32/><T5/><D14/><N who="1" m="7375" /><E37/><V95/><F83/><W115/><G115/><T81/><REACH who="0" step="1"/><D76/><REACH who="0" ten="145,481,182,182" step="2"/><U107/><E107/><V124/><F124/><W120/><G120/><T72/><D72/><U43/><E77/><V50/><REACH who="2" step="1"/><F21/><REACH who="2" ten="145,481,172,182" step="2"/><W19/><G20/><T52/><D52/><U114/><E114/><V105/><F105/><W132/><G53/><T54/><D54/><U10/><E41/><V126/><F126/><W82/><G132/><T88/><D88/><U134/><E43/><V73/><F73/><W101/><G101/><T33/><D33/><U62/><E134/><V116/><F116/><W125/><G100/><T80/><D80/><U29/><E40/><V4/><F4/><W23/><G82/><T60/><AGARI ba="3,2" hai="0,2,5,11,13,42,45,49,55,58,60,79,81,86" machi="60" ten="20,8000,1" yaku="1,1,0,1,7,1,25,2,53,0" doraHai="22" doraHaiUra="91" who="0" fromWho="0" sc="145,109,481,-43,172,-23,182,-23" /><INIT seed="2,0,0,2,0,133" ten="254,438,149,159" oya="2" hai0="123,134,108,24,71,50,99,13,31,125,78,39,121" hai1="66,0,106,14,3,26,40,89,100,49,47,127,11" hai2="88,23,101,83,72,75,132,52,25,36,128,28,129" hai3="42,102,93,1,62,7,107,53,119,97,79,104,91"/><V51/><F36/><W114/><G119/><T82/><D39/><U63/><E127/><V131/><F101/><W46/><G114/><T56/><D71/><U73/><E73/><V59/><F132/><W76/><G107/><T86/><D134/><U4/><E89/><V12/><F12/><W69/><G53/><T130/><D130/><U112/><E112/><V33/><F33/><W2/><G62/><T124/><D108/><U20/><E106/><V48/><F51/><W38/><G69/><T77/><D77/><U68/><E100/><V115/><F115/><W9/><REACH who="3" step="1"/><G1/><REACH who="3" ten="254,438,149,149" step="2"/><T109/><D109/><U22/><E0/><V95/><REACH who="2" step="1"/><F83/><REACH who="2" ten="254,438,139,149" step="2"/><W74/><G74/><T58/><D82/><U113/><E113/><V60/><F60/><W45/><G45/><T41/><D124/><U92/><E3/><V87/><AGARI ba="0,2" hai="23,25,28,48,52,59,72,75,87,88,95,128,129,131" machi="87" ten="30,12000,1" yaku="1,1,0,1,19,1,54,2,53,0" doraHai="133" doraHaiUra="61" who="2" fromWho="2" sc="254,-40,438,-40,139,140,149,-40" /><INIT seed="2,1,0,3,1,9" ten="214,398,279,109" oya="2" hai0="41,114,90,131,16,64,128,99,34,28,116,59,107" hai1="105,35,75,63,135,103,13,8,71,81,87,22,122" hai2="14,49,134,68,92,80,132,79,23,55,110,10,6" hai3="102,5,89,58,78,125,36,50,88,40,38,39,44"/><V76/><F68/><W83/><G125/><T106/><D114/><U67/><E135/><N who="2" m="51755" /><F110/><W111/><G111/><T123/><D123/><U57/><E35/><V121/><F121/><W96/><G58/><T56/><D116/><U46/><E75/><V30/><F80/><W73/><REACH who="3" step="1"/><G5/><REACH who="3" ten="214,398,279,99" step="2"/><T127/><D56/><U108/><E57/><V72/><F6/><W91/><G91/><T112/><D59/><U45/><E108/><V104/><F79/><W95/><AGARI ba="1,1" hai="36,38,39,40,44,50,73,78,83,88,89,95,96,102" machi="95" ten="30,4000,0" yaku="1,1,0,1,54,1,53,0" doraHai="9" doraHaiUra="4" who="3" fromWho="3" sc="214,-11,398,-11,279,-21,99,53" /><INIT seed="3,0,0,1,2,40" ten="203,387,258,152" oya="3" hai0="30,74,133,4,91,69,31,96,57,80,70,95,50" hai1="119,2,34,49,117,104,33,62,54,16,82,53,121" hai2="65,22,101,125,55,132,126,120,130,108,66,44,5" hai3="98,112,90,63,0,28,58,10,61,56,67,87,39"/><W78/><G112/><T129/><D133/><U124/><E104/><V109/><F5/><W118/><G118/><N who="1" m="45066" /><E2/><V48/><F22/><W83/><G39/><T45/><D129/><U37/><E37/><V17/><F17/><W43/><G43/><T38/><D38/><U19/><E124/><N who="2" m="47723" /><F101/><W85/><G0/><T127/><D127/><U106/><E121/><V47/><F130/><W29/><G98/><T110/><D4/><U26/><E106/><V116/><F116/><W35/><G10/><T84/><D74/><U97/><E97/><V14/><F14/><W76/><G35/><T25/><D57/><N who="1" m="35127" /><E82/><V131/><F131/><W51/><G51/><T9/><D9/><U92/><E92/><V122/><F132/><W100/><G100/><T102/><D110/><N who="2" m="42602" /><F47/><W1/><G1/><T99/><D99/><U135/><E135/><V115/><F115/><W81/><REACH who="3" step="1"/><G90/><REACH who="3" ten="203,387,258,142" step="2"/><T36/><D91/><U59/><E34/><V111/><F111/><W93/><G93/><T86/><D95/><U88/><E88/><V23/><F23/><W114/><G114/><T60/><D96/><U20/><E33/><V128/><F128/><W18/><G18/><AGARI ba="0,1" hai="16,18,19,20,26,49,53,59" m="35127,45066" machi="18" ten="30,2000,0" yaku="12,1,54,1" doraHai="40" who="1" fromWho="3" sc="203,0,387,30,258,0,142,-20" /><INIT seed="4,0,0,4,2,120" ten="203,417,258,122" oya="0" hai0="122,30,69,50,127,28,1,95,42,10,85,90,72" hai1="63,49,129,3,17,25,64,134,39,36,41,13,92" hai2="34,101,133,65,78,93,74,121,75,32,91,47,98" hai3="106,76,68,57,115,71,16,112,38,19,73,100,128"/><T105/><D122/><U111/><E3/><V66/><F121/><W5/><G38/><T110/><D69/><U83/><E111/><V26/><F133/><W62/><G5/><T88/><D105/><U126/><E25/><V86/><F47/><W6/><G6/><T108/><D72/><U107/><E107/><N who="2" m="63927" /><F75/><W31/><G31/><T23/><D127/><U12/><E129/><V9/><F9/><W15/><G128/><T56/><D90/><U87/><E64/><N who="2" m="24683" /><F26/><W22/><G106/><T82/><D82/><AGARI ba="0,0" hai="32,34,74,78,82,86,91,93" m="24683,63927" machi="82" ten="30,1000,0" yaku="24,1" doraHai="120" who="2" fromWho="0" sc="203,-10,417,0,258,10,122,0" /><INIT seed="5,0,0,5,2,7" ten="193,417,268,122" oya="1" hai0="92,133,21,43,85,78,0,129,32,91,71,36,102" hai1="3,1,41,49,19,83,4,101,24,112,87,18,48" hai2="53,99,16,96,60,90,68,130,22,117,70,5,51" hai3="20,11,100,14,111,95,40,29,105,81,132,89,131"/><U79/><E112/><V23/><F117/><W47/><G111/><T88/><D32/><U64/><E64/><V12/><F130/><W125/><G131/><T45/><D129/><U15/><E1/><V9/><F23/><W59/><G132/><T56/><D133/><U28/><E3/><V106/><F60/><W42/><G125/><T113/><D71/><U61/><E61/><V6/><F6/><W65/><G105/><T55/><D113/><U2/><E2/><V52/><F99/><N who="3" m="59519" /><G47/><T121/><D121/><U74/><E74/><V63/><F63/><N who="3" m="38143" /><G81/><T33/><D0/><U38/><E83/><V115/><F115/><W94/><G94/><T134/><D134/><U97/><E38/><V86/><F106/><W118/><G89/><T13/><D33/><U107/><E101/><V17/><F70/><W108/><G108/><T80/><D102/><U114/><E114/><V123/><F68/><W44/><G44/><T37/><D37/><U34/><E107/><V46/><F123/><W126/><G126/><T75/><D91/><U77/><E77/><V69/><F69/><W58/><G58/><T67/><D67/><U27/><E79/><V109/><F109/><W124/><G118/><T122/><D122/><U39/><E39/><V104/><F104/><W31/><G124/><T50/><D21/><U26/><E34/><V116/><F22/><W128/><G128/><T57/><D57/><U82/><E28/><N who="3" m="10826" /><G20/><T103/><D103/><U8/><E27/><V84/><F116/><W25/><G25/><T30/><D30/><U93/><E26/><V66/><F46/><RYUUKYOKU ba="0,0" sc="193,15,417,-15,268,-15,122,15" hai0="13,36,43,45,50,55,56,75,78,80,85,88,92" hai3="11,14,40,42" /><INIT seed="6,1,0,4,3,121" ten="208,402,253,137" oya="2" hai0="113,20,102,106,71,42,2,104,92,90,15,131,3" hai1="36,66,5,26,130,68,53,46,135,128,111,83,21" hai2="19,110,13,10,134,54,103,93,9,30,100,17,35" hai3="63,97,56,57,86,69,27,7,105,78,14,96,98"/><V25/><F134/><W75/><G75/><T60/><D113/><U101/><E101/><V4/><F110/><W87/><G105/><T79/><D131/><N who="1" m="50219" /><E5/><V61/><F93/><W18/><G69/><T38/><D79/><U70/><E66/><V99/><F99/><W67/><G56/><T41/><D102/><U23/><E23/><V8/><F8/><W125/><G125/><T88/><D90/><U0/><E0/><V91/><F91/><W132/><G132/><T6/><D104/><U82/><E111/><V118/><F118/><W11/><G78/><T39/><D106/><U81/><E135/><V16/><F10/><W43/><REACH who="3" step="1"/><G43/><REACH who="3" ten="208,402,253,127" step="2"/><T32/><D41/><N who="1" m="22823" /><E53/><V49/><REACH who="2" step="1"/><F61/><REACH who="2" ten="208,402,243,127" step="2"/><W12/><G12/><T31/><D15/><U85/><E85/><V64/><F64/><W117/><G117/><T119/><D60/><U44/><E83/><V33/><F33/><W80/><G80/><T22/><D32/><U120/><E82/><V115/><F115/><W45/><G45/><AGARI ba="1,2" hai="4,9,13,16,17,19,25,30,35,45,49,54,100,103" machi="45" ten="40,3900,0" yaku="1,1,54,1,53,0" doraHai="121" doraHaiUra="133" who="2" fromWho="3" sc="208,0,402,0,243,62,127,-42" /><INIT seed="6,2,0,0,0,48" ten="208,402,305,85" oya="2" hai0="82,18,62,87,44,99,20,35,16,112,122,100,126" hai1="113,52,80,116,120,69,36,115,65,15,25,108,47" hai2="57,71,21,68,14,46,24,9,38,129,84,5,109" hai3="1,31,30,111,75,123,101,133,135,96,8,79,50"/><V2/><F2/><W10/><G79/><N who="0" m="46559" /><D122/><U88/><E116/><V60/><F129/><W26/><G75/><T34/><D34/><U64/><E108/><V85/><F109/><W28/><G111/><T32/><D32/><U130/><E130/><V43/><F71/><W83/><G123/><T49/><D35/><U40/><E15/><V23/><F68/><W58/><G133/><T51/><D112/><U81/><E25/><V42/><F43/><W54/><G135/><T93/><D126/><U74/><E74/><V67/><F23/><W103/><G1/><T131/><D131/><U95/><E120/><V37/><F38/><W134/><G134/><T105/><D105/><U91/><E69/><V73/><F73/><W128/><G128/><T98/><D98/><U127/><E127/><V70/><F70/><W89/><G26/><N who="0" m="14599" /><D62/><U121/><E36/><V117/><F117/><W19/><G19/><AGARI ba="2,0" hai="5,9,14,19,21,24,37,42,46,57,60,67,84,85" machi="19" ten="30,1500,0" yaku="7,1" doraHai="48" who="2" fromWho="3" sc="208,0,402,0,305,21,85,-21" /><INIT seed="6,3,0,5,4,26" ten="208,402,326,64" oya="2" hai0="86,50,38,51,67,131,82,5,66,33,0,76,34" hai1="126,113,42,36,117,123,9,24,60,21,114,12,127" hai2="130,97,44,18,87,98,4,105,13,31,53,45,40" hai3="95,28,121,14,94,15,8,103,133,74,16,122,22"/><V48/><F130/><W71/><G74/><T41/><D131/><U69/><E117/><V93/><F4/><W1/><G71/><T135/><D135/><U54/><E123/><V46/><F105/><W115/><G103/><T35/><D38/><U134/><E134/><V57/><F40/><W10/><G133/><T11/><REACH who="0" step="1"/><D41/><REACH who="0" ten="198,402,326,64" step="2"/><U81/><E42/><V124/><F124/><W20/><G115/><T89/><D89/><U2/><E36/><V61/><F98/><W112/><G112/><T59/><D59/><N who="1" m="34935" /><E69/><V29/><F97/><W52/><G1/><T7/><D7/><N who="1" m="3135" /><E2/><V56/><F56/><W91/><G91/><T64/><AGARI ba="3,1" hai="0,5,11,33,34,35,50,51,64,66,67,76,82,86" machi="64" ten="40,2700,0" yaku="1,1,0,1,53,0" doraHai="26" doraHaiUra="108" who="0" fromWho="0" sc="198,46,402,-10,326,-16,64,-10" /><INIT seed="7,0,0,5,0,21" ten="244,392,310,54" oya="3" hai0="51,44,92,20,132,55,77,26,114,24,80,54,61" hai1="58,88,2,69,22,105,131,101,93,27,65,135,104" hai2="32,49,13,119,56,83,45,29,89,111,71,90,122" hai3="59,118,115,99,73,15,91,14,103,43,18,116,5"/><W42/><G73/><T41/><D132/><U94/><E69/><V23/><F111/><W60/><G115/><T126/><D126/><U86/><E2/><V87/><F71/><W53/><G116/><T127/><D127/><U120/><E131/><V102/><F119/><W35/><G118/><T113/><D92/><U10/><E10/><V108/><F108/><W70/><G35/><T1/><D1/><U64/><E64/><V76/><F32/><W74/><G74/><T133/><D133/><U78/><E78/><V66/><F122/><W95/><G70/><T37/><D61/><N who="1" m="38071" /><E120/><V100/><F56/><W121/><G121/><T33/><D33/><U6/><E6/><V36/><F66/><W68/><G68/><T112/><D20/><U52/><E52/><N who="0" m="20009" /><D37/><U134/><E105/><V82/><F36/><W110/><G110/><T28/><D28/><N who="1" m="17527" /><E104/><V8/><F82/><W38/><G38/><T106/><D106/><U129/><E129/><V85/><F45/><W84/><G5/><T40/><D40/><U9/><E9/><V48/><F100/><W17/><G17/><T25/><D25/><U63/><E63/><V19/><F102/><W39/><G39/><T3/><D3/><U125/><E125/><V50/><F87/><AGARI ba="0,0" hai="24,26,41,44,51,77,80,87,112,113,114" m="20009" machi="87" ten="30,8000,1" yaku="15,1,11,1,52,2,54,1" doraHai="21" who="0" fromWho="2" sc="244,80,392,0,310,-80,54,0" owari="324,12.0,392,50.0,230,-17.0,54,-45.0" /></mjloggm>