<mjloggm ver="2.3"><GO type="169" lobby="0"/><UN n0="%E9%BA%BB%E7%94%9F%E9%9B%80%E5%AD%90" n1="%39%39%39" n2="%E9%9C%9C%E6%9C%88%E3%81%95%E3%82%93" n3="%49%53%53%4F%4E%34" dan="16,17,16,16" rate="2156.35,2182.95,2145.38,2075.15" sx="F,F,M,M"/><TAIKYOKU oya="0"/><INIT seed="0,0,0,2,3,98" ten="250,250,250,250" oya="0" hai0="65,13,39,26,125,11,108,9,46,40,128,124,27" hai1="111,8,15,38,60,105,133,80,93,28,120,57,114" hai2="106,132,41,18,77,118,126,101,23,91,67,54,55" hai3="64,19,127,37,34,79,103,42,52,112,63,36,50"/><T96/><D128/><U84/><E120/><V135/><F126/><N who="0" m="48746" /><D65/><U121/><E105/><V31/><F31/><W2/><G127/><T88/><D108/><U117/><E121/><V82/><F118/><W49/><G2/><T25/><D13/><U22/><E117/><V47/><F91/><W24/><G79/><T68/><D68/><U51/><E38/><V29/><F29/><W12/><G112/><T17/><D17/><U70/><E133/><N who="2" m="51275" /><F67/><W87/><G36/><T14/><D14/><U32/><E70/><V21/><F21/><W89/><G37/><T74/><D74/><U83/><E32/><V104/><F41/><W95/><G42/><T61/><D61/><U100/><E60/><V131/><F131/><W116/><G64/><T72/><D72/><U69/><E22/><V90/><F47/><W94/><G116/><T113/><D113/><U33/><E28/><V35/><F35/><W44/><G63/><T129/><D129/><U1/><E33/><V5/><F5/><W16/><G12/><T123/><D123/><U76/><E15/><V92/><F54/><N who="3" m="29991" /><G34/><T0/><D0/><U130/><E69/><V62/><F55/><W58/><G24/><T43/><D43/><U10/><E1/><V75/><F62/><W134/><G134/><T48/><D39/><U73/><E114/><V109/><F109/><W78/><G78/><T56/><D56/><U97/><E111/><V66/><F66/><W3/><G3/><T102/><D88/><N who="1" m="51231" /><E130/><V45/><F90/><W20/><G20/><T122/><D122/><U7/><E7/><V81/><F75/><RYUUKYOKU ba="0,0" sc="250,10,250,10,250,-30,250,10" hai0="9,11,25,26,27,40,46,48,96,102" hai1="8,10,51,57,73,76,80,93,97,100" hai3="16,19,50,52,58,87,89,94,95,103" /><INIT seed="0,1,0,0,4,9" ten="260,260,220,260" oya="0" hai0="123,91,94,54,121,60,103,40,53,86,42,10,88" hai1="51,18,37,31,8,16,131,44,105,50,117,81,101" hai2="43,93,132,48,17,115,135,13,77,64,49,82,87" hai3="36,125,84,90,128,85,98,33,104,29,0,79,106"/><T129/><D129/><U126/><E117/><V122/><F122/><W15/><G0/><T65/><D103/><U133/><E131/><V46/><F115/><W74/><G36/><T56/><D121/><U83/><E133/><N who="2" m="51275" /><F64/><W22/><G33/><T92/><D123/><U47/><E126/><V25/><F25/><W4/><G29/><T124/><D124/><U102/><E37/><N who="2" m="21871" /><F93/><W5/><G125/><T100/><D100/><U116/><E116/><V112/><F112/><W39/><G39/><T96/><D10/><AGARI ba="1,0" hai="10,13,17,48,49,77,82,87" m="21871,51275" machi="10" ten="30,2000,0" yaku="20,1,52,1" doraHai="9" who="2" fromWho="0" sc="260,-23,260,0,220,23,260,0" /><INIT seed="1,0,0,4,4,122" ten="237,260,243,260" oya="1" hai0="21,20,4,91,82,120,14,36,83,124,123,127,54" hai1="95,78,112,85,42,31,10,38,48,41,93,67,26" hai2="34,92,116,113,126,66,47,17,129,118,71,9,75" hai3="103,121,49,76,58,35,97,70,61,133,135,62,130"/><U32/><E112/><V94/><F113/><W87/><G121/><N who="0" m="46667" /><D36/><U0/><E38/><V45/><F75/><W8/><G35/><T52/><D4/><U134/><E134/><V111/><F34/><W3/><G70/><T63/><D63/><U7/><E67/><V1/><F66/><W106/><G49/><T39/><D39/><U81/><REACH who="1" step="1"/><E48/><REACH who="1" ten="237,250,243,260" step="2"/><V88/><F118/><W101/><G135/><T102/><D14/><U110/><E110/><V57/><F116/><W131/><G133/><T104/><D124/><U115/><E115/><V30/><F111/><W117/><G117/><T55/><D127/><U99/><E99/><V84/><F126/><W105/><G97/><N who="0" m="61519" /><D82/><U108/><E108/><V64/><F64/><W19/><G3/><T46/><D46/><U27/><E27/><V60/><F1/><W28/><G106/><T59/><D59/><U43/><AGARI ba="0,1" hai="0,7,10,26,31,32,41,42,43,78,81,85,93,95" machi="43" ten="30,6000,0" yaku="1,1,0,1,53,1" doraHai="122" doraHaiUra="80" who="1" fromWho="1" sc="237,-20,250,70,243,-20,260,-20" /><INIT seed="1,1,0,0,2,94" ten="217,320,223,240" oya="1" hai0="132,91,37,64,48,53,70,21,41,36,121,104,46" hai1="20,78,51,127,135,9,47,83,112,12,134,105,40" hai2="101,31,59,130,27,23,43,55,5,35,49,73,33" hai3="29,75,120,80,11,44,32,103,60,131,79,72,4"/><U99/><E112/><V69/><F130/><W16/><G120/><T109/><D104/><U125/><E20/><V71/><F73/><W25/><G131/><T7/><D7/><U90/><E105/><V87/><F5/><W22/><G103/><T107/><D107/><U39/><E39/><V95/><F43/><W30/><G60/><N who="0" m="40199" /><D91/><U126/><E90/><V67/><F67/><W106/><G106/><T129/><D21/><U38/><E99/><V88/><REACH who="2" step="1"/><F101/><REACH who="2" ten="217,320,213,240" step="2"/><W6/><G6/><T58/><D129/><U61/><E134/><V57/><F57/><W89/><G75/><T122/><D132/><U77/><E135/><V110/><F110/><W74/><G74/><T54/><D109/><U10/><E38/><N who="0" m="14953" /><D54/><U66/><E66/><V17/><F17/><W63/><G72/><T123/><D41/><U1/><E40/><V42/><F42/><W114/><G4/><T2/><D2/><U81/><E125/><V8/><F8/><W113/><G11/><T0/><D0/><U14/><E1/><V52/><F52/><W86/><G89/><T116/><D116/><U115/><E126/><V117/><F117/><W65/><G65/><T118/><D118/><U68/><E127/><V28/><F28/><W85/><G30/><T84/><D58/><U45/><E9/><V92/><F92/><W108/><G29/><T124/><D124/><U24/><E10/><V133/><F133/><W34/><G32/><AGARI ba="1,1" hai="23,27,31,32,33,35,49,55,59,69,71,87,88,95" machi="32" ten="40,2600,0" yaku="1,1,54,1,53,0" doraHai="94" doraHaiUra="15" who="2" fromWho="3" sc="217,0,320,0,213,39,240,-29" /><INIT seed="2,0,0,4,2,127" ten="217,320,252,211" oya="2" hai0="85,77,10,94,24,129,72,37,62,111,126,124,131" hai1="69,51,75,79,87,56,11,90,52,4,125,60,92" hai2="82,119,99,114,48,43,12,59,15,132,106,26,88" hai3="21,40,112,128,6,115,0,71,120,61,74,47,78"/><V97/><F119/><W66/><G21/><T29/><D37/><U98/><E125/><N who="0" m="48233" /><D111/><U108/><E108/><V81/><F114/><W13/><G13/><T1/><D72/><U49/><E75/><V118/><F118/><W27/><G27/><T44/><D44/><U41/><E41/><V8/><F26/><W16/><G16/><T39/><D39/><U96/><E69/><V117/><F117/><W45/><G45/><T23/><D62/><U5/><E5/><V14/><F8/><W76/><G76/><T84/><D77/><U50/><REACH who="1" step="1"/><E79/><REACH who="1" ten="217,310,252,211" step="2"/><V63/><F132/><W30/><G6/><N who="0" m="1359" /><D94/><U19/><E19/><V86/><F106/><W93/><G78/><T2/><D2/><AGARI ba="0,1" hai="2,4,11,49,50,51,52,56,60,87,90,92,96,98" machi="2" ten="40,2600,0" yaku="1,1,54,1,53,0" doraHai="127" doraHaiUra="104" who="1" fromWho="0" sc="217,-26,310,36,252,0,211,0" /><INIT seed="3,0,0,3,1,93" ten="191,346,252,211" oya="3" hai0="13,34,97,19,127,39,85,57,120,98,28,132,94" hai1="84,115,26,89,32,64,134,70,128,62,4,99,41" hai2="23,67,42,68,135,51,121,102,114,119,87,111,80" hai3="29,72,91,37,53,117,58,133,125,27,126,86,1"/><W43/><G72/><T8/><D120/><U15/><E115/><V2/><F114/><W76/><G76/><T50/><D39/><U75/><E134/><V81/><F2/><W52/><G117/><T78/><D132/><U124/><E75/><V35/><F35/><W105/><G1/><T11/><D127/><U59/><E124/><N who="3" m="47722" /><G105/><T88/><D78/><U12/><E128/><V110/><F111/><W33/><G133/><T82/><D82/><U3/><E41/><V31/><F121/><W66/><G66/><T36/><D36/><U106/><E59/><V96/><F67/><W60/><G53/><N who="0" m="31927" /><D28/><N who="1" m="19479" /><E4/><V95/><F110/><W46/><G86/><T74/><D74/><U63/><E63/><V16/><F87/><W48/><G91/><T25/><D34/><U118/><E3/><V104/><F119/><W55/><G55/><T17/><D8/><U20/><E20/><AGARI ba="0,0" hai="11,13,17,19,20,25,85,88,94,97,98" m="31927" machi="20" ten="30,7700,0" yaku="8,1,52,2,54,1" doraHai="93" who="0" fromWho="1" sc="191,77,346,-77,252,0,211,0" /><INIT seed="4,0,0,5,1,38" ten="268,269,252,211" oya="0" hai0="98,125,89,65,24,88,8,16,78,106,104,20,120" hai1="32,131,105,121,97,110,72,69,53,11,81,13,42" hai2="132,93,114,44,64,56,60,113,133,87,36,50,22" hai3="39,6,119,27,37,108,31,118,74,95,35,107,126"/><T41/><D120/><U109/><E121/><V94/><F22/><W122/><G95/><N who="2" m="36361" /><F87/><W55/><G55/><T2/><D65/><U14/><E131/><V70/><F36/><N who="3" m="13899" /><G6/><T73/><D125/><U82/><E32/><V28/><F28/><W30/><G108/><T68/><D68/><U90/><E69/><V99/><F99/><W5/><G5/><T46/><D104/><U12/><E53/><N who="2" m="29895" /><F70/><W84/><G74/><T47/><D47/><U3/><E72/><V80/><F80/><W33/><G84/><T19/><D106/><U58/><E58/><V85/><F85/><W18/><G18/><T51/><D98/><U0/><E90/><V134/><AGARI ba="0,0" hai="56,60,64,113,114,132,133,134" m="29895,36361" machi="134" ten="40,1500,0" yaku="20,1" doraHai="38" who="2" fromWho="2" sc="268,-7,269,-4,252,15,211,-4" /><INIT seed="5,0,0,4,5,50" ten="261,265,267,207" oya="1" hai0="46,36,54,75,77,125,11,120,82,122,106,4,126" hai1="34,81,134,1,27,119,80,40,108,88,65,69,95" hai2="31,91,24,117,132,83,123,84,101,2,10,25,22" hai3="72,105,35,68,51,112,58,3,20,33,130,78,102"/><U39/><E119/><V74/><F132/><W110/><G20/><T89/><D89/><U28/><E134/><V99/><F123/><N who="0" m="47146" /><D106/><U41/><E108/><V7/><F117/><W93/><G51/><N who="0" m="29047" /><D36/><U79/><E1/><AGARI ba="0,0" hai="1,4,11,75,77,82,125,126" m="29047,47146" machi="1" ten="30,2000,0" yaku="13,1,52,1" doraHai="50" who="0" fromWho="1" sc="261,20,265,-20,267,0,207,0" /><INIT seed="6,0,0,3,5,46" ten="281,245,267,207" oya="2" hai0="85,50,98,55,7,94,83,44,77,38,68,62,61" hai1="117,122,24,113,76,133,82,116,135,52,112,8,64" hai2="128,70,37,101,91,97,92,81,134,87,115,71,126" hai3="17,80,110,48,15,29,79,12,63,123,84,106,53"/><V125/><F37/><W20/><G106/><T26/><D68/><U69/><E24/><V78/><F115/><N who="1" m="44105" /><E8/><V119/><F119/><N who="1" m="45641" /><E122/><V114/><F114/><W66/><G110/><T2/><D38/><U56/><E64/><V41/><F41/><W124/><G124/><N who="2" m="47721" /><F128/><W93/><G123/><T107/><D107/><U19/><E19/><V99/><F134/><W22/><G29/><T21/><D7/><U10/><E10/><V25/><F25/><W104/><G104/><AGARI ba="0,0" hai="70,71,78,81,87,91,92,97,99,101,104" m="47721" machi="104" ten="30,1500,0" yaku="18,1" doraHai="46" who="2" fromWho="3" sc="281,0,245,0,267,15,207,-15" /><INIT seed="6,1,0,0,4,22" ten="281,245,282,192" oya="2" hai0="118,18,19,109,72,63,2,76,65,86,70,9,134" hai1="62,69,55,34,117,112,127,116,24,1,126,36,97" hai2="45,114,46,68,124,100,79,102,8,103,64,73,3" hai3="81,113,59,58,135,27,0,21,28,89,61,71,120"/><V91/><F114/><W111/><G120/><T43/><D109/><U51/><E1/><V40/><F124/><N who="1" m="47657" /><E97/><V83/><F45/><W13/><G111/><T130/><D130/><U16/><E112/><V47/><F46/><W23/><G0/><T75/><D118/><U90/><E90/><V99/><F91/><W67/><G135/><T12/><D2/><U26/><E36/><V41/><F41/><W31/><G113/><T107/><D134/><U5/><E5/><V30/><F64/><W84/><G13/><T44/><D107/><U54/><E54/><V38/><F30/><W60/><G71/><T20/><D86/><U33/><E33/><V50/><F50/><W10/><G10/><T105/><D76/><U125/><E125/><V131/><F68/><W56/><G67/><T108/><D105/><U115/><E115/><V15/><F131/><W42/><G42/><T37/><REACH who="0" step="1"/><D108/><REACH who="0" ten="271,245,282,192" step="2"/><U52/><E116/><V49/><F3/><W106/><G106/><T82/><D82/><U66/><E117/><V85/><F38/><W78/><G78/><T87/><D87/><U93/><E93/><N who="2" m="58479" /><F73/><W4/><G4/><AGARI ba="1,1" hai="4,8,15,40,47,49,79,83,85,102,103" m="58479" machi="4" ten="30,2900,0" yaku="25,1,8,1" doraHai="22" who="2" fromWho="3" sc="271,0,245,0,282,42,192,-32" /><INIT seed="6,2,0,3,2,10" ten="271,245,324,160" oya="2" hai0="12,73,131,56,7,16,19,63,120,72,118,124,132" hai1="105,26,1,128,84,67,94,95,111,69,68,123,101" hai2="37,86,76,28,80,126,107,109,9,130,33,66,0" hai3="108,31,135,45,59,4,51,21,89,20,93,57,58"/><V46/><F107/><W103/><G108/><T75/><D120/><U30/><E111/><V35/><F109/><W85/><G135/><T53/><D132/><U27/><E123/><V34/><F130/><W77/><G4/><T90/><D131/><U49/><E128/><V60/><F126/><W47/><G77/><T40/><D40/><U92/><E1/><V79/><F79/><W17/><G103/><T25/><D118/><U70/><E67/><V122/><F122/><W125/><G125/><T6/><D124/><U18/><E49/><V81/><F81/><W91/><G31/><T32/><D90/><U54/><E54/><V8/><F28/><W119/><G119/><T61/><D61/><U115/><E115/><V100/><F100/><W3/><G3/><T87/><D87/><U43/><E43/><V121/><F121/><W134/><G134/><T133/><D133/><U2/><E2/><V129/><F129/><W99/><G51/><T116/><D116/><U112/><E112/><V78/><F78/><W62/><G62/><T114/><D114/><U22/><E105/><V102/><F102/><W97/><G99/><T38/><D38/><U14/><E27/><V39/><F0/><W44/><REACH who="3" step="1"/><G17/><REACH who="3" ten="271,245,324,150" step="2"/><T113/><D113/><U36/><E36/><V127/><F127/><W71/><G71/><T50/><D50/><U24/><E101/><V55/><F37/><W5/><G5/><T15/><D19/><U13/><REACH who="1" step="1"/><E84/><REACH who="1" ten="271,235,324,150" step="2"/><N who="2" m="48135" /><F39/><W29/><G29/><T23/><REACH who="0" step="1"/><D32/><AGARI ba="2,2" hai="13,14,18,22,24,26,30,32,68,69,70,92,94,95" machi="32" ten="50,8000,1" yaku="1,1,52,2,53,2" doraHai="10" doraHaiUra="11" who="1" fromWho="0" sc="271,-86,235,106,324,0,150,0" /><INIT seed="7,0,0,2,0,63" ten="185,341,324,150" oya="3" hai0="18,108,42,120,86,123,111,94,16,93,46,79,21" hai1="57,115,50,131,33,69,87,103,100,59,116,39,13" hai2="109,11,124,71,78,76,133,89,117,31,72,91,5" hai3="58,66,14,54,90,129,8,106,122,132,62,34,3"/><W101/><G122/><T127/><D127/><U43/><E116/><V96/><F117/><W98/><G34/><T49/><D120/><U28/><E131/><V17/><F109/><W64/><G129/><T75/><D123/><U68/><E115/><V25/><F124/><W119/><G119/><T60/><D75/><U135/><E39/><V22/><F133/><W114/><G114/><T80/><D108/><U7/><E135/><V27/><F71/><W67/><G132/><T99/><D111/><U44/><E69/><V97/><F72/><W113/><G113/><T134/><D134/><U47/><E68/><V92/><F5/><W24/><G3/><T104/><D104/><U105/><E105/><V51/><F51/><W84/><G24/><T81/><D81/><U37/><E28/><V2/><F2/><W112/><G112/><T29/><D93/><U10/><E33/><V56/><F56/><W77/><G77/><T36/><D36/><U65/><E87/><V130/><F130/><W107/><G107/><T30/><D60/><U126/><E126/><V52/><F52/><W0/><G0/><T125/><D125/><U1/><E1/><V12/><F27/><W74/><G74/><T35/><D35/><U82/><E82/><V73/><F73/><W85/><REACH who="3" step="1"/><G90/><REACH who="3" ten="185,341,324,140" step="2"/><N who="0" m="55767" /><D30/><U40/><E100/><V121/><F121/><W20/><G20/><T15/><D15/><U32/><E103/><V70/><F78/><W53/><G53/><T4/><D29/><U95/><E32/><V83/><F91/><W9/><G9/><T102/><D102/><U118/><E118/><RYUUKYOKU ba="0,1" sc="185,-10,341,-10,324,-10,140,30" hai3="8,14,54,58,62,64,66,67,84,85,98,101,106" /><INIT seed="7,1,1,0,5,83" ten="175,331,314,170" oya="3" hai0="21,12,16,43,104,90,109,112,126,24,61,98,33" hai1="130,63,29,127,51,114,115,133,87,53,32,35,17" hai2="129,124,75,71,64,54,73,117,20,14,79,102,18" hai3="131,103,46,72,56,128,80,107,7,36,93,34,49"/><W0/><G34/><T3/><D109/><U121/><E121/><V86/><F117/><W92/><G107/><T89/><D3/><U125/><E130/><N who="3" m="49706" /><G103/><T8/><D126/><N who="1" m="48139" /><E133/><V69/><F129/><W31/><G31/><T44/><D33/><N who="1" m="12875" /><E63/><V111/><F111/><W118/><G118/><T62/><D112/><U68/><E68/><V4/><F124/><W110/><G110/><T85/><D62/><U77/><E29/><V11/><F102/><W135/><G135/><T119/><D61/><U47/><E17/><V82/><F54/><N who="3" m="31823" /><G0/><T55/><D55/><U105/><E105/><V6/><F6/><W113/><G7/><T23/><D119/><U96/><E96/><V78/><F64/><W41/><G113/><T65/><D65/><U60/><E60/><V13/><REACH who="2" step="1"/><F78/><AGARI ba="1,1" hai="36,41,46,72,78,80,92,93" m="31823,49706" machi="78" ten="30,1500,0" yaku="19,1" doraHai="83" who="3" fromWho="2" sc="175,0,331,0,314,-18,170,28" /><INIT seed="7,2,0,4,0,85" ten="175,331,296,198" oya="3" hai0="97,58,110,135,116,132,3,90,79,24,16,100,34" hai1="28,35,43,27,10,102,120,42,129,94,57,44,1" hai2="9,73,8,114,118,15,88,107,128,59,13,50,92" hai3="71,45,89,133,111,67,37,126,64,113,96,91,49"/><W46/><G37/><T56/><D3/><U53/><E120/><V108/><F118/><W78/><G78/><T12/><D116/><U36/><E129/><V14/><F108/><W30/><G111/><T130/><D110/><U121/><E121/><V60/><F107/><W127/><G30/><N who="0" m="19783" /><D130/><U41/><E102/><V74/><F114/><W47/><G113/><T76/><D90/><N who="3" m="34313" /><G71/><T38/><D38/><U18/><E94/><V11/><F128/><W80/><G96/><T26/><D26/><U134/><E134/><N who="0" m="51241" /><D79/><U68/><E68/><V77/><F77/><W93/><G133/><T2/><D2/><U99/><E99/><N who="2" m="57735" /><F73/><W20/><G93/><N who="0" m="58415" /><D76/><U21/><E1/><V62/><F74/><W52/><G80/><T48/><D48/><U32/><E32/><V5/><F5/><W17/><G127/><T51/><D51/><U23/><E35/><V115/><F115/><W117/><G126/><T66/><D66/><N who="3" m="25129" /><G117/><T119/><D119/><U63/><E10/><AGARI ba="2,0" hai="10,12,16,56,58" m="58415,51241,19783" machi="10" ten="30,2000,0" yaku="20,1,54,1" doraHai="85" who="0" fromWho="1" sc="175,26,331,-26,296,0,198,0" owari="201,-20.0,305,40.0,296,10.0,198,-30.0" /></mjloggm>