<mjloggm ver="2.3"><GO type="169" lobby="0"/><UN n0="%6E%61%6E%6E%61%6E%79%61" n1="%E6%B4%A5%E7%94%B0%E6%B2%BC%E3%81%A3%E5%AD%90" n2="%E9%81%8A%E8%B5%B0" n3="%73%75%6E%61%62%61%6B%75" dan="16,16,18,16" rate="2089.91,2071.89,2252.07,2074.01" sx="M,M,F,M"/><TAIKYOKU oya="0"/><INIT seed="0,0,0,2,5,55" ten="250,250,250,250" oya="0" hai0="102,59,8,89,35,45,30,86,95,29,131,82,96" hai1="108,106,36,40,67,120,52,46,64,98,2,65,77" hai2="135,66,125,85,100,14,47,0,18,50,68,99,13" hai3="21,126,88,124,117,39,44,83,16,91,75,87,79"/><T103/><D131/><U123/><E2/><V101/><F0/><W111/><G117/><T132/><D132/><U49/><E77/><V130/><F135/><W121/><G121/><N who="1" m="46666" /><E98/><V92/><F130/><W81/><G111/><T110/><D110/><U7/><E7/><V3/><F3/><W25/><REACH who="3" step="1"/><G91/><REACH who="3" ten="250,250,250,240" step="2"/><T58/><D103/><U84/><E108/><V23/><F101/><W61/><G61/><T43/><D35/><U24/><E106/><V128/><F125/><W54/><G54/><T119/><D119/><U104/><E104/><V127/><F128/><W20/><G20/><T62/><D62/><U6/><E6/><V33/><F127/><W11/><G11/><T129/><D8/><U48/><E24/><V71/><F33/><W73/><G73/><T19/><D129/><U28/><E28/><N who="0" m="10857" /><D19/><U32/><E32/><V115/><F115/><W105/><G105/><T112/><D112/><U17/><E17/><V41/><F66/><W74/><G74/><T34/><D34/><U107/><E107/><V57/><F18/><W56/><G56/><T15/><D15/><U76/><E67/><V1/><F1/><W38/><G38/><T134/><D134/><U93/><E36/><N who="2" m="21927" /><F23/><W31/><G31/><T37/><D37/><U27/><E65/><V53/><F13/><W94/><G94/><T118/><D118/><U72/><E64/><V12/><F12/><W116/><G116/><T51/><AGARI ba="0,1" hai="43,45,51,58,59,82,86,89,95,96,102" m="10857" machi="51" ten="30,6000,0" yaku="8,1,52,2" doraHai="55" who="0" fromWho="0" sc="250,70,250,-20,250,-20,240,-20" /><INIT seed="0,1,0,0,3,85" ten="320,230,230,220" oya="0" hai0="61,38,131,14,35,73,132,87,10,26,45,33,117" hai1="29,135,78,112,9,110,52,77,8,81,67,103,69" hai2="21,36,20,76,5,46,32,95,71,24,62,104,107" hai3="43,122,17,13,54,68,99,102,109,53,65,125,123"/><T66/><D73/><U130/><E110/><V111/><F111/><W83/><G109/><T79/><D117/><U25/><E112/><V74/><F32/><W94/><G125/><T90/><D79/><U92/><E135/><V3/><F95/><W40/><G68/><T70/><D131/><U129/><E67/><V88/><F24/><W134/><G65/><T105/><D105/><U119/><E69/><V1/><F21/><W84/><G134/><T11/><D132/><U98/><E119/><V27/><F62/><W6/><G6/><T93/><D26/><U59/><E9/><V39/><F71/><W30/><G30/><T114/><D11/><U28/><E8/><V72/><F76/><W57/><G122/><T19/><REACH who="0" step="1"/><D114/><REACH who="0" ten="310,230,230,220" step="2"/><U0/><E78/><V15/><F74/><W7/><G123/><T86/><D86/><U100/><E130/><V113/><F72/><W124/><G84/><T63/><D63/><U44/><E129/><V133/><F113/><W23/><G124/><T64/><D64/><U41/><E25/><V48/><F133/><W115/><G115/><T80/><D80/><U120/><E81/><V47/><F107/><W56/><G83/><T96/><D96/><U108/><E98/><V116/><F104/><W49/><REACH who="3" step="1"/><G7/><REACH who="3" ten="310,230,230,210" step="2"/><T58/><D58/><U121/><E59/><V18/><F5/><W42/><G42/><AGARI ba="1,2" hai="10,14,19,33,35,38,42,45,61,66,70,87,90,93" machi="42" ten="40,3900,0" yaku="1,1,52,1,53,0" doraHai="85" doraHaiUra="2" who="0" fromWho="3" sc="310,62,230,0,230,0,210,-42" /><INIT seed="0,2,0,3,1,15" ten="372,230,230,168" oya="0" hai0="135,55,24,94,38,113,131,34,117,26,13,64,93" hai1="118,48,96,99,108,9,12,3,18,11,4,25,49" hai2="17,122,82,62,98,105,51,114,65,111,37,23,19" hai3="47,20,70,73,31,77,92,123,79,107,50,104,1"/><T89/><D113/><U134/><E118/><V63/><F122/><W41/><G70/><T42/><D117/><U83/><E134/><V110/><F114/><W44/><G1/><T87/><D135/><U32/><E108/><N who="2" m="41515" /><F37/><W57/><G123/><T46/><D64/><U78/><E99/><V115/><F115/><W106/><G92/><T102/><D34/><U52/><E96/><V7/><F7/><W86/><G73/><T129/><D102/><U133/><E133/><V16/><F82/><W33/><G33/><T28/><D55/><U132/><E132/><V60/><F51/><W5/><G5/><T72/><D72/><U100/><E100/><N who="2" m="62615" /><F23/><W112/><G112/><T8/><D94/><U124/><E124/><V59/><AGARI ba="2,0" hai="16,17,19,59,60,62,63,65" m="62615,41515" machi="59" ten="30,8000,1" yaku="14,1,52,3,54,1" doraHai="15" who="2" fromWho="2" sc="372,-42,230,-22,230,86,168,-22" /><INIT seed="1,0,0,3,0,52" ten="330,208,316,146" oya="1" hai0="124,60,59,23,108,34,85,135,105,27,19,100,133" hai1="123,12,128,134,109,110,115,56,24,57,71,78,2" hai2="42,88,111,107,116,104,114,73,8,39,21,28,37" hai3="63,69,89,45,77,9,98,11,33,132,80,67,76"/><U127/><E123/><V121/><F121/><W119/><G33/><T20/><D34/><U62/><E115/><V26/><F116/><W112/><G112/><T25/><D108/><N who="1" m="41579" /><E2/><V99/><F114/><W122/><G122/><T90/><D100/><U49/><E127/><V82/><F111/><W95/><G119/><T131/><D105/><U55/><E128/><V48/><F48/><W29/><G132/><T126/><D131/><U16/><E134/><N who="0" m="51209" /><D23/><N who="1" m="11655" /><E24/><V118/><F118/><W97/><G29/><T117/><D27/><U46/><E78/><V96/><F26/><W65/><G77/><T102/><D102/><U101/><E101/><V125/><F8/><W93/><G11/><T13/><D25/><U92/><E92/><V66/><F107/><W87/><G9/><T91/><D117/><U68/><E46/><V106/><F104/><W84/><G45/><T86/><D86/><U70/><E57/><V15/><F106/><W79/><G69/><T4/><D4/><U61/><AGARI ba="0,0" hai="49,55,56,61,62,68,70,71" m="11655,41579" machi="61" ten="40,12000,1" yaku="14,1,10,1,52,1,54,1" doraHai="52" who="1" fromWho="1" sc="330,-40,208,120,316,-40,146,-40" /><INIT seed="1,1,0,1,5,89" ten="290,328,276,106" oya="1" hai0="3,0,88,126,20,60,10,119,67,77,51,84,63" hai1="32,40,42,99,46,12,105,45,57,122,69,116,22" hai2="24,23,130,34,37,78,93,43,56,70,39,4,17" hai3="87,128,35,107,118,48,71,112,38,109,83,98,125"/><U62/><E32/><V96/><F70/><W31/><G48/><T54/><D119/><U28/><E116/><V80/><F130/><W91/><G87/><T123/><D126/><U92/><E105/><V72/><F34/><W104/><G91/><T97/><D123/><U101/><E69/><V64/><F43/><N who="1" m="16425" /><E122/><V11/><F56/><W66/><G98/><T44/><D20/><U1/><E1/><V52/><F64/><W49/><G83/><T29/><D29/><U2/><E2/><V82/><F80/><W115/><G49/><T95/><D10/><U33/><E33/><V75/><F52/><W5/><G66/><T121/><D121/><U81/><E81/><V106/><F106/><W55/><G55/><T26/><D26/><N who="1" m="16471" /><E12/><V7/><F75/><W73/><G112/><T76/><D63/><U13/><E13/><V36/><REACH who="2" step="1"/><F11/><REACH who="2" ten="290,328,266,106" step="2"/><W15/><G71/><T117/><D117/><U30/><E30/><V61/><F61/><W94/><G31/><T9/><D9/><U14/><E14/><V111/><F111/><W114/><G15/><T100/><D76/><U120/><E120/><V108/><F108/><W127/><G109/><T8/><D8/><U133/><E133/><V103/><AGARI ba="1,1" hai="4,7,17,23,24,36,37,39,72,78,82,93,96,103" machi="103" ten="30,4000,0" yaku="1,1,0,1,52,1,53,0" doraHai="89" doraHaiUra="85" who="2" fromWho="2" sc="290,-11,328,-21,266,53,106,-11" /><INIT seed="2,0,0,1,4,69" ten="279,307,319,95" oya="2" hai0="23,68,101,130,93,33,13,25,26,2,12,111,60" hai1="37,115,82,4,104,17,79,18,11,67,54,66,133" hai2="99,27,116,87,102,118,98,122,95,21,124,126,94" hai3="131,134,71,9,28,41,16,88,7,89,109,6,59"/><V49/><F49/><W97/><G71/><T15/><D2/><U85/><E115/><V39/><F27/><W90/><G109/><T75/><D75/><U76/><E104/><V72/><F21/><W74/><G74/><T73/><D73/><U127/><E79/><V114/><F72/><W14/><G131/><T29/><D130/><U47/><E127/><N who="2" m="48683" /><F122/><W63/><G134/><T120/><D111/><U84/><E133/><V125/><N who="2" m="48691" /><V10/><DORA hai="119" /><F10/><W42/><G28/><T50/><D50/><U105/><E105/><N who="2" m="63703" /><F39/><W113/><G97/><T3/><D120/><U45/><E85/><V128/><F128/><W53/><REACH who="3" step="1"/><G113/><REACH who="3" ten="279,307,319,85" step="2"/><T77/><D29/><U80/><E84/><V40/><F114/><W110/><G110/><T35/><D68/><U8/><E4/><AGARI ba="0,1" hai="4,6,7,9,14,16,41,42,53,59,63,88,89,90" machi="4" ten="40,8000,1" yaku="1,1,8,1,54,2,53,0" doraHai="69,119" doraHaiUra="129,65" who="3" fromWho="1" sc="279,0,307,-80,319,0,85,90" /><INIT seed="3,0,0,1,5,84" ten="279,227,319,175" oya="3" hai0="127,104,63,70,80,67,73,72,18,37,65,116,33" hai1="94,69,10,48,125,97,89,25,76,43,32,28,56" hai2="39,20,91,55,31,29,93,7,27,114,113,61,34" hai3="122,0,12,102,5,101,131,105,107,3,124,26,59"/><W92/><G122/><T8/><D116/><U57/><E69/><V132/><F39/><W16/><G124/><T44/><D33/><U1/><E125/><V117/><F117/><W50/><G131/><T52/><D104/><U74/><E74/><V98/><F132/><W45/><G105/><T77/><D127/><U62/><E76/><V4/><F34/><W68/><G68/><T38/><D72/><U108/><E108/><V14/><F31/><W30/><G107/><T100/><D100/><U96/><E96/><V22/><F114/><W51/><G59/><T133/><D67/><U110/><E110/><V82/><F82/><W35/><G92/><T79/><D79/><U58/><E43/><V119/><F119/><W66/><G66/><T60/><D133/><U87/><E48/><V41/><F41/><W103/><G45/><T112/><D112/><U111/><E97/><V128/><F128/><W11/><G0/><T86/><D73/><U120/><E111/><V134/><F134/><W40/><REACH who="3" step="1"/><G40/><REACH who="3" ten="279,227,319,165" step="2"/><T118/><D118/><U99/><E120/><V88/><F113/><W126/><G126/><T21/><D44/><U53/><E1/><V90/><F55/><W121/><G121/><T24/><D52/><U129/><E129/><V64/><F64/><W15/><G15/><T85/><D65/><U83/><E10/><AGARI ba="0,1" hai="3,5,10,11,12,16,26,30,35,50,51,101,102,103" machi="10" ten="40,3900,0" yaku="1,1,54,1,53,0" doraHai="84" doraHaiUra="71" who="3" fromWho="1" sc="279,0,227,-39,319,0,165,49" /><INIT seed="3,1,0,0,2,71" ten="279,188,319,214" oya="3" hai0="107,55,130,93,28,122,113,83,63,47,99,75,68" hai1="103,72,67,18,40,4,48,57,111,100,125,31,50" hai2="128,59,12,97,92,42,60,101,29,56,133,25,91" hai3="134,30,16,3,15,37,94,95,127,33,39,109,114"/><W5/><G114/><T105/><D113/><U110/><E72/><V131/><F133/><W116/><G116/><T54/><D122/><U76/><E76/><V135/><F135/><W84/><G134/><T49/><D130/><N who="2" m="49706" /><F12/><W64/><G127/><T132/><D132/><U77/><E77/><V14/><F14/><W8/><G109/><N who="1" m="41482" /><E4/><V82/><F42/><W1/><G64/><T74/><D28/><U6/><E6/><V52/><F56/><W78/><G3/><T126/><D126/><U7/><E7/><V41/><F41/><W51/><G51/><T26/><D26/><U17/><E31/><V38/><F38/><N who="3" m="14347" /><G78/><T112/><D112/><U65/><E125/><V80/><F101/><N who="1" m="38985" /><E40/><V9/><F9/><W43/><G43/><T106/><D74/><U85/><E85/><V19/><F19/><N who="1" m="7177" /><E57/><V45/><F45/><W90/><G84/><T58/><D75/><U61/><E61/><V115/><F115/><W32/><G90/><T21/><D47/><U24/><E24/><V27/><F27/><N who="3" m="18527" /><G33/><AGARI ba="1,0" hai="25,29,33,52,59,60,80,82,91,92,97" m="49706" machi="33" ten="30,2000,0" yaku="19,1,54,1" doraHai="71" who="2" fromWho="3" sc="279,0,188,0,319,23,214,-23" /><INIT seed="4,0,0,1,3,25" ten="279,188,342,191" oya="0" hai0="135,19,83,97,18,99,57,1,59,120,102,38,80" hai1="109,48,125,77,96,37,53,76,52,29,2,114,71" hai2="30,31,42,104,12,24,116,43,16,49,122,14,32" hai3="58,124,110,13,23,90,47,74,72,41,28,17,36"/><T11/><D38/><U26/><E109/><V4/><F104/><W39/><G110/><T15/><D120/><U46/><E71/><V123/><F49/><W5/><G124/><T88/><D1/><U108/><E108/><V91/><F116/><W113/><G113/><T50/><D135/><U87/><E37/><V56/><F56/><W67/><G39/><T132/><D59/><U73/><E73/><V7/><F91/><W127/><G127/><T65/><D132/><U112/><E125/><V34/><F24/><W117/><G117/><T103/><D19/><AGARI ba="0,0" hai="4,7,12,14,16,19,30,31,32,34,42,43,122,123" machi="19" ten="25,8000,1" yaku="22,2,52,2,54,1" doraHai="25" who="2" fromWho="0" sc="279,-80,188,0,342,80,191,0" /><INIT seed="5,0,0,5,1,23" ten="199,188,422,191" oya="1" hai0="26,47,69,109,17,68,88,4,16,76,7,28,27" hai1="119,45,111,75,89,134,115,39,5,104,113,77,122" hai2="51,74,11,33,129,117,90,93,110,18,35,36,9" hai3="52,123,14,106,92,22,29,19,116,131,50,20,125"/><U37/><E104/><V53/><F74/><W70/><G123/><T59/><D76/><U25/><E122/><V91/><F36/><N who="1" m="13897" /><E119/><V46/><F117/><W66/><G116/><T44/><D59/><U10/><E134/><V101/><F110/><W105/><G70/><T97/><D28/><U85/><E111/><V6/><F101/><W82/><G66/><T55/><D109/><U61/><E61/><V120/><F120/><W118/><G118/><T133/><D97/><U32/><E77/><V107/><F107/><W64/><G64/><T86/><D86/><U130/><E45/><V81/><F81/><W114/><G114/><N who="1" m="43530" /><E75/><V0/><F91/><W43/><G105/><T135/><D88/><U15/><E130/><V73/><F73/><W79/><G131/><T67/><D67/><U24/><E32/><V112/><F129/><W127/><G106/><T63/><D63/><U58/><E58/><V78/><F78/><W121/><G121/><T42/><D42/><U2/><E2/><V38/><F38/><W98/><G43/><T31/><D31/><U49/><E49/><V108/><F108/><W56/><G29/><T30/><D30/><U95/><AGARI ba="0,0" hai="5,10,15,24,25,85,89,95" m="43530,13897" machi="95" ten="30,6000,0" yaku="15,1,52,2" doraHai="23" who="1" fromWho="1" sc="199,-20,188,60,422,-20,191,-20" /><INIT seed="5,1,0,0,3,89" ten="179,248,402,171" oya="1" hai0="113,12,132,76,13,22,79,23,27,116,43,85,21" hai1="3,57,90,130,93,127,96,52,36,120,63,51,0" hai2="84,124,102,35,18,65,122,111,53,34,54,131,80" hai3="118,73,11,20,129,81,30,108,58,125,49,83,126"/><U134/><E120/><V66/><F122/><W117/><G108/><T121/><D121/><U16/><E36/><V37/><F37/><W26/><G129/><T4/><D116/><N who="3" m="44649" /><G11/><T9/><D113/><U28/><E130/><V91/><F131/><W114/><G114/><T82/><D132/><U61/><E134/><V42/><F111/><W38/><G38/><T135/><D135/><U55/><E28/><V62/><F124/><N who="3" m="47723" /><G73/><T33/><D79/><U40/><E127/><V45/><F102/><W47/><G58/><T8/><D43/><AGARI ba="1,0" hai="20,26,30,43,47,49,81,83" m="47723,44649" machi="43" ten="30,2000,0" yaku="12,1,18,1" doraHai="89" who="3" fromWho="0" sc="179,-23,248,0,402,0,171,23" /><INIT seed="6,0,0,3,4,51" ten="156,248,402,194" oya="2" hai0="102,112,67,129,107,11,113,33,48,45,108,70,66" hai1="38,59,93,29,39,8,20,26,12,94,0,56,49" hai2="126,58,111,109,52,27,90,104,68,119,77,131,117" hai3="60,65,14,122,22,73,47,9,121,85,18,98,74"/><V43/><F104/><W95/><G121/><T103/><D108/><N who="2" m="41546" /><F68/><W124/><G122/><T114/><D33/><U57/><E0/><V46/><F77/><W2/><G124/><T17/><D129/><U92/><REACH who="1" step="1"/><E49/><REACH who="1" ten="156,238,402,194" step="2"/><V132/><F131/><W78/><G2/><T120/><D120/><U1/><E1/><V127/><F132/><W99/><G74/><T34/><D70/><U105/><E105/><V3/><F3/><W89/><G73/><T4/><D107/><U35/><E35/><V84/><F126/><W15/><G9/><T63/><D34/><U118/><E118/><V23/><F127/><W10/><G10/><T55/><D11/><U128/><E128/><V96/><F119/><W80/><G22/><T97/><D114/><U50/><E50/><V82/><F117/><W69/><G47/><T115/><D45/><U133/><E133/><V87/><F46/><W100/><REACH who="3" step="1"/><G18/><AGARI ba="0,1" hai="8,12,18,20,26,29,38,39,56,57,59,92,93,94" machi="18" ten="40,1300,0" yaku="1,1,53,0" doraHai="51" doraHaiUra="36" who="1" fromWho="3" sc="156,0,238,23,402,0,194,-13" /><INIT seed="7,0,0,1,1,88" ten="156,261,402,181" oya="3" hai0="129,80,125,110,15,50,67,45,95,68,14,85,100" hai1="31,113,112,92,27,84,75,108,7,4,32,115,103" hai2="18,76,36,98,20,10,96,33,44,79,61,71,3" hai3="39,54,116,87,128,70,49,58,111,9,47,23,16"/><W19/><G116/><T52/><D110/><U55/><E108/><V82/><F33/><W104/><G104/><T41/><D129/><U90/><E75/><V38/><F76/><W17/><G111/><T118/><D118/><U119/><E119/><V133/><F133/><W97/><G70/><T42/><D68/><U12/><E103/><V28/><F28/><W5/><G128/><T43/><D67/><U35/><E35/><V65/><F38/><W114/><G114/><T53/><D53/><U66/><E66/><V72/><F20/><W102/><G87/><T34/><D34/><U99/><E84/><V30/><F30/><W121/><G121/><T124/><D124/><U37/><E37/><V13/><REACH who="2" step="1"/><F3/><REACH who="2" ten="156,261,392,181" step="2"/><W123/><G123/><T74/><D125/><U59/><REACH who="1" step="1"/><E12/><REACH who="1" ten="156,251,392,181" step="2"/><V2/><F2/><W40/><G39/><T134/><D134/><U6/><E6/><V25/><F25/><W48/><G5/><T69/><D74/><U126/><E126/><V131/><F131/><W0/><G0/><T106/><D106/><U24/><E24/><V8/><F8/><W89/><G9/><T83/><D69/><U11/><E11/><V81/><F81/><N who="0" m="31306" /><D85/><U109/><E109/><V117/><F117/><W120/><G120/><T122/><D122/><U107/><E107/><V77/><F77/><W29/><G29/><T62/><D14/><U57/><E57/><V73/><F73/><W132/><G132/><T46/><D15/><U1/><E1/><V60/><F60/><AGARI ba="0,2" hai="4,7,27,31,32,55,59,60,90,92,99,112,113,115" machi="60" ten="40,5200,0" yaku="1,1,15,1,52,1,53,0" doraHai="88" doraHaiUra="78" who="1" fromWho="2" sc="156,0,251,72,392,-52,181,0" owari="156,-34.0,323,12.0,340,44.0,181,-22.0" /></mjloggm>