<mjloggm ver="2.3"><GO type="169" lobby="0"/><UN n0="%E9%96%A2%E5%A4%A7%E7%94%9F" n1="%4A%55%4E%4B%45%52%53" n2="%E5%89%AF%E5%AF%AE%E9%95%B7" n3="%68%69%72%6F%70%65%6E" dan="17,18,16,17" rate="2127.11,2189.51,2070.85,2118.35" sx="M,M,M,M"/><TAIKYOKU oya="0"/><INIT seed="0,0,0,0,4,127" ten="250,250,250,250" oya="0" hai0="13,111,14,91,30,37,21,86,66,126,15,31,68" hai1="92,17,28,25,80,103,5,9,2,12,90,85,109" hai2="120,3,11,73,79,100,113,131,60,116,133,58,29" hai3="129,101,34,72,76,62,128,135,96,54,130,93,0"/><T78/><D37/><U41/><E109/><V81/><F120/><W105/><G0/><T8/><D126/><U108/><E108/><V24/><F113/><W4/><G4/><T77/><D111/><U46/><E103/><V22/><F116/><W19/><G135/><T112/><D112/><U115/><E115/><V44/><F133/><W124/><G124/><T98/><D68/><U118/><E118/><V61/><F100/><W122/><G122/><T70/><D70/><U56/><E56/><V47/><F61/><W123/><G123/><T121/><D121/><U20/><E80/><V82/><F82/><N who="3" m="45319" /><G34/><T16/><D66/><U94/><E94/><V23/><F23/><W114/><G114/><T48/><D48/><U27/><REACH who="1" step="1"/><E28/><REACH who="1" ten="250,240,250,250" step="2"/><V75/><F47/><W71/><G71/><T55/><D31/><U104/><E104/><V40/><F81/><W18/><G105/><T106/><D106/><U95/><E95/><V83/><F83/><W7/><G7/><T110/><D30/><U125/><E125/><V99/><F58/><AGARI ba="0,1" hai="18,19,54,58,62,93,96,101,128,129,130" m="45319" machi="58" ten="30,7700,0" yaku="19,1,52,3" doraHai="127" who="3" fromWho="2" sc="250,0,240,0,250,-77,250,87" /><INIT seed="1,0,0,2,3,125" ten="250,240,173,337" oya="1" hai0="53,109,84,129,3,21,90,67,75,9,26,5,72" hai1="91,121,52,60,13,134,107,35,101,120,27,47,15" hai2="114,98,108,88,25,99,24,38,48,61,39,93,8" hai3="64,117,17,11,33,6,127,76,115,122,66,40,70"/><U135/><E107/><V12/><F108/><W4/><G122/><T119/><D119/><U29/><E101/><V7/><F114/><W19/><G115/><T37/><D37/><U82/><E13/><V44/><F39/><W57/><G33/><T96/><D109/><U42/><E15/><V86/><F38/><W65/><G70/><T87/><D67/><N who="3" m="25673" /><G127/><T36/><D36/><U51/><E91/><V118/><F118/><W104/><G104/><T97/><D75/><U62/><E82/><V59/><F61/><N who="3" m="38191" /><G117/><T20/><D72/><U22/><E35/><V95/><F59/><W68/><G68/><T79/><D21/><U105/><E105/><V83/><F95/><W50/><G76/><T130/><D53/><U77/><E77/><N who="2" m="46447" /><F99/><N who="0" m="37962" /><D90/><U112/><E112/><V46/><F46/><N who="3" m="25927" /><G11/><T10/><D10/><U100/><E100/><V123/><F123/><W126/><G126/><T103/><D103/><U128/><E121/><V69/><F69/><W133/><G133/><N who="1" m="50698" /><E120/><V0/><F0/><W131/><G4/><T54/><D79/><U116/><E116/><V113/><F113/><W2/><G6/><T80/><D80/><U18/><E18/><N who="3" m="6666" /><G2/><T106/><D106/><U49/><E62/><V14/><F14/><W56/><G56/><T41/><D41/><AGARI ba="0,0" hai="7,8,12,24,25,41,44,48,88,93,98" m="46447" machi="41" ten="30,3900,0" yaku="25,1,8,1,54,1" doraHai="125" who="2" fromWho="0" sc="250,-39,240,0,173,39,337,0" /><INIT seed="2,0,0,5,0,101" ten="211,240,212,337" oya="2" hai0="43,22,113,129,8,15,7,124,38,121,25,19,98" hai1="61,122,16,130,66,97,91,94,64,104,50,21,27" hai2="77,76,3,117,78,42,132,70,20,116,69,83,44" hai3="125,4,86,118,56,24,126,10,107,100,52,2,49"/><V33/><F33/><W11/><G118/><T57/><D113/><U14/><E122/><V82/><F3/><W96/><G11/><T111/><D121/><U74/><E74/><V105/><F105/><W63/><G86/><T32/><D111/><U131/><E104/><V87/><F132/><W68/><G24/><T30/><D129/><N who="1" m="49163" /><E50/><V128/><F128/><W51/><G68/><T79/><D124/><AGARI ba="0,0" hai="2,4,10,49,51,52,56,63,96,100,107,124,125,126" machi="124" ten="40,5200,0" yaku="18,1,52,1,54,1" doraHai="101" who="3" fromWho="0" sc="211,-52,240,0,212,0,337,52" /><INIT seed="3,0,0,5,1,56" ten="159,240,212,389" oya="3" hai0="119,122,64,32,69,50,20,105,127,104,59,73,83" hai1="61,98,40,23,16,101,128,67,4,29,17,31,13" hai2="57,102,34,21,72,7,86,111,28,94,9,125,39" hai3="8,108,54,41,103,100,36,2,109,47,123,76,44"/><W5/><G123/><T24/><D122/><U89/><E128/><V80/><F39/><W45/><G76/><T112/><D119/><U55/><E4/><V90/><F34/><W58/><G41/><T110/><D110/><N who="3" m="42601" /><G36/><T132/><D132/><U106/><E40/><V19/><F111/><W15/><G2/><T121/><D32/><U6/><E6/><V14/><F28/><W82/><G82/><T70/><D83/><U92/><E55/><V33/><F33/><W91/><G91/><T27/><D73/><U1/><E1/><V129/><F72/><W65/><G65/><T130/><D64/><U30/><E17/><V71/><F71/><W84/><G84/><T43/><D70/><U79/><E79/><V18/><F129/><W77/><G77/><T85/><D69/><U134/><E134/><V11/><F102/><W74/><G74/><T117/><D85/><U51/><E51/><AGARI ba="0,0" hai="5,8,15,44,45,47,51,54,58,100,103" m="42601" machi="51" ten="30,2900,0" yaku="14,1,10,1" doraHai="56" who="3" fromWho="1" sc="159,0,240,-29,212,0,389,29" /><INIT seed="3,1,0,4,3,32" ten="159,211,212,418" oya="3" hai0="24,8,110,47,77,55,68,73,124,114,15,9,63" hai1="3,17,80,94,122,86,14,31,45,130,135,112,7" hai2="69,0,60,64,131,71,128,37,72,84,52,61,134" hai3="27,2,119,57,66,93,12,101,87,5,21,95,25"/><W54/><G119/><T108/><D124/><U36/><E122/><V97/><F72/><W109/><G109/><T22/><D114/><U105/><E105/><V92/><F37/><W6/><G2/><T115/><D115/><U26/><E112/><V82/><F134/><W79/><G66/><T102/><D102/><U67/><E135/><V1/><F97/><N who="3" m="59567" /><G12/><T88/><D77/><U44/><E130/><N who="2" m="49707" /><F92/><W50/><G27/><T91/><D73/><U107/><E94/><V35/><F35/><W30/><G95/><T125/><D125/><U58/><E107/><V113/><F113/><W28/><G28/><T19/><D68/><U90/><E36/><V39/><F39/><W132/><G132/><T117/><D117/><U85/><E31/><V118/><F118/><W106/><G106/><T99/><D8/><U56/><E80/><AGARI ba="1,0" hai="5,6,21,25,30,50,54,57,79,80,87" m="59567" machi="80" ten="30,1500,0" yaku="8,1" doraHai="32" who="3" fromWho="1" sc="159,0,211,-18,212,0,418,18" /><INIT seed="3,2,0,0,2,38" ten="159,193,212,436" oya="3" hai0="18,94,0,21,95,46,84,20,17,53,109,87,30" hai1="122,131,26,106,1,36,15,103,102,13,86,52,97" hai2="85,104,19,61,113,67,68,12,71,37,118,5,23" hai3="125,89,92,107,116,14,49,8,72,127,43,111,124"/><W73/><G116/><T31/><D0/><U79/><E1/><V88/><F118/><W91/><G107/><T51/><D109/><U96/><E122/><V78/><F113/><W6/><G111/><T128/><D128/><U64/><E131/><V2/><F104/><W74/><G92/><T29/><D94/><U119/><E119/><V34/><F34/><W60/><G60/><T33/><D33/><U69/><E36/><V45/><F78/><W66/><G66/><T25/><REACH who="0" step="1"/><D95/><REACH who="0" ten="149,193,212,436" step="2"/><U50/><E106/><V42/><F2/><W27/><G124/><T76/><D76/><U129/><E79/><V32/><F32/><W135/><G125/><T101/><D101/><U98/><E103/><V65/><F5/><W110/><G6/><T22/><D22/><U35/><E35/><V62/><F85/><W39/><G74/><T70/><D70/><U44/><E86/><V55/><F88/><W40/><G89/><T80/><D80/><U48/><E102/><V133/><F133/><W132/><G91/><T99/><D99/><U24/><E129/><V9/><F23/><W47/><G72/><T121/><D121/><U82/><E82/><V120/><F120/><W16/><G73/><T58/><D58/><U7/><E69/><V81/><F81/><W90/><G90/><T112/><D112/><U56/><E98/><V75/><F75/><W41/><G110/><T11/><D11/><U115/><E97/><V83/><F83/><W57/><G127/><T77/><D77/><U117/><E96/><V10/><F10/><N who="3" m="6231" /><G132/><T93/><D93/><U54/><E115/><RYUUKYOKU ba="2,1" sc="149,15,193,-15,212,15,436,-15" hai0="17,18,20,21,25,29,30,31,46,51,53,84,87" hai2="9,12,19,37,42,45,55,61,62,65,67,68,71" /><INIT seed="4,3,1,5,3,56" ten="164,178,227,421" oya="0" hai0="36,13,111,65,121,48,90,1,61,75,59,88,85" hai1="99,115,91,131,23,35,73,25,51,120,15,102,69" hai2="26,135,30,87,119,31,9,110,57,18,7,12,34" hai3="37,93,68,127,95,38,108,71,33,94,117,29,60"/><T113/><D121/><U53/><E120/><V80/><F110/><W128/><G117/><T103/><D1/><U22/><E73/><V67/><F135/><W83/><G108/><T49/><D36/><U50/><E115/><V96/><F119/><W20/><G128/><T106/><D75/><U70/><E131/><V64/><F96/><W11/><G33/><T28/><D111/><U24/><E35/><V58/><F31/><W116/><G116/><T55/><D113/><U76/><E76/><V72/><F72/><W74/><G127/><T10/><D28/><U130/><E130/><V27/><F27/><W62/><G29/><T5/><D85/><U98/><E15/><V107/><F107/><W45/><G20/><T92/><D106/><U97/><E91/><N who="0" m="34857" /><D55/><U0/><E98/><AGARI ba="3,1" hai="5,10,13,48,49,59,61,65,92,98,103" m="34857" machi="98" ten="30,5800,0" yaku="8,1,52,1,54,1" doraHai="56" who="0" fromWho="1" sc="164,77,178,-67,227,0,421,0" /><INIT seed="4,4,0,2,4,36" ten="241,111,227,421" oya="0" hai0="12,130,101,81,79,20,121,132,31,89,34,82,97" hai1="134,98,3,126,128,24,13,88,43,100,65,64,27" hai2="110,33,60,2,69,61,14,94,77,70,42,78,46" hai3="59,68,35,30,49,22,7,23,39,26,72,58,44"/><T112/><D121/><U118/><E3/><V4/><F2/><W113/><G72/><T83/><D34/><U37/><E118/><V41/><F33/><W119/><G119/><T124/><D112/><U73/><E73/><V50/><F110/><W16/><G68/><T106/><D132/><U18/><E134/><V11/><F94/><W84/><G39/><T111/><D111/><U109/><E109/><V47/><F70/><W107/><G107/><T125/><D31/><U8/><E128/><V56/><F69/><W131/><G131/><T6/><D130/><U93/><E126/><N who="0" m="48745" /><D89/><U90/><E90/><V45/><F50/><W104/><G35/><T99/><D99/><U85/><E27/><V17/><F4/><W38/><G38/><T96/><D96/><U95/><REACH who="1" step="1"/><E24/><REACH who="1" ten="241,101,227,421" step="2"/><V105/><F105/><W67/><G104/><T71/><D106/><U52/><E52/><N who="2" m="33799" /><F61/><W29/><G26/><T75/><D75/><U92/><E92/><V122/><F122/><W19/><G113/><T129/><D129/><U0/><E0/><V135/><F135/><W63/><G67/><T15/><D83/><U116/><E116/><V76/><AGARI ba="4,1" hai="11,14,17,41,42,45,46,47,76,77,78" m="33799" machi="76" ten="30,7900,0" yaku="8,1,52,2,54,1" doraHai="36" who="2" fromWho="2" sc="241,-43,101,-24,227,101,421,-24" /><INIT seed="5,0,0,3,1,101" ten="198,77,328,397" oya="1" hai0="34,4,126,114,128,108,25,124,129,35,21,58,104" hai1="67,14,10,96,63,102,93,32,113,45,6,121,82" hai2="70,40,49,135,48,91,117,111,26,15,64,2,90" hai3="89,24,125,83,65,76,7,53,1,99,19,12,66"/><U119/><E121/><V3/><F2/><W72/><G125/><N who="0" m="48235" /><D58/><U100/><E119/><V84/><F3/><W8/><G24/><T46/><D46/><U98/><E113/><V57/><F117/><W51/><G99/><T132/><D104/><U88/><E32/><N who="0" m="12329" /><D108/><U52/><E82/><V9/><F70/><W109/><G89/><T75/><D75/><U77/><E77/><V97/><F97/><W133/><G133/><T0/><D114/><U112/><E112/><V105/><F135/><W118/><G118/><T87/><D87/><U85/><E98/><V69/><F69/><W30/><G30/><N who="0" m="17711" /><D132/><U122/><E122/><V31/><F105/><W79/><G79/><T55/><D55/><U41/><E96/><V120/><F120/><W47/><G109/><T74/><D74/><U39/><REACH who="1" step="1"/><E52/><REACH who="1" ten="198,67,328,397" step="2"/><V68/><F111/><W37/><G83/><T92/><D92/><U38/><E38/><V110/><F110/><W54/><G37/><T103/><D103/><U44/><E44/><V5/><F40/><W62/><G76/><T61/><D61/><U127/><E127/><V123/><F123/><W86/><G62/><T94/><D94/><U116/><E116/><V22/><F49/><W56/><G54/><T36/><D36/><U27/><E27/><V95/><F48/><W71/><G53/><T60/><D60/><U16/><E16/><V80/><F26/><W29/><G19/><T134/><D134/><U78/><E78/><V18/><F18/><W131/><G47/><T20/><D4/><U23/><E23/><V43/><F5/><W17/><G7/><RYUUKYOKU ba="0,1" sc="198,-10,67,30,328,-10,397,-10" hai1="6,10,14,39,41,45,63,67,85,88,93,100,102" /><INIT seed="5,1,1,4,4,42" ten="188,97,318,387" oya="1" hai0="131,135,71,11,128,129,45,36,75,132,52,35,86" hai1="96,89,53,23,111,110,106,43,112,62,133,117,99" hai2="120,118,65,14,41,68,87,64,34,6,114,60,40" hai3="32,55,130,69,50,25,116,66,94,98,49,22,79"/><U19/><E117/><V18/><F34/><W91/><G32/><T0/><D75/><U102/><E112/><V101/><F118/><W33/><G116/><T90/><D71/><U44/><E133/><N who="0" m="51273" /><D35/><U57/><E89/><V82/><F114/><W3/><G33/><T105/><D105/><U47/><E99/><V83/><F120/><W88/><G3/><T61/><D61/><U31/><E31/><V26/><F65/><W8/><G130/><T12/><D0/><U7/><E7/><V15/><F101/><N who="3" m="60631" /><G69/><T115/><D115/><U80/><E80/><V92/><F92/><W37/><G37/><T93/><D36/><U100/><E100/><V125/><F125/><W134/><G134/><T29/><D29/><U4/><E4/><V30/><F83/><W27/><G66/><T63/><D63/><U58/><E58/><V20/><F6/><W119/><G119/><T81/><D93/><U104/><E104/><V97/><F97/><W17/><G79/><T16/><D131/><U13/><REACH who="1" step="1"/><E43/><REACH who="1" ten="188,87,318,387" step="2"/><N who="2" m="16459" /><F30/><W103/><G103/><T70/><D70/><U72/><E72/><V84/><F68/><W95/><G91/><T24/><D129/><U74/><E74/><V21/><F87/><W126/><G88/><T48/><D128/><U107/><E107/><V121/><F84/><W78/><G78/><T9/><D90/><U113/><E113/><V1/><F82/><W108/><G95/><T38/><D86/><U2/><E2/><V85/><F85/><W109/><G17/><N who="0" m="8335" /><D81/><U123/><E123/><V54/><F121/><W39/><G39/><T5/><D38/><RYUUKYOKU ba="1,2" sc="188,-10,87,30,318,-10,387,-10" hai1="13,19,23,44,47,53,57,62,96,102,106,110,111" /><INIT seed="5,2,2,5,1,88" ten="178,117,308,377" oya="1" hai0="73,51,72,12,100,115,134,53,50,119,10,65,7" hai1="49,31,80,126,14,66,77,130,85,8,135,61,23" hai2="97,55,62,69,59,86,27,68,123,91,128,9,70" hai3="4,52,83,16,21,28,67,3,84,118,20,94,36"/><U78/><E130/><V99/><F123/><W79/><G36/><T120/><D119/><U109/><E109/><V87/><F128/><W40/><G118/><T71/><D120/><U29/><E135/><V44/><F9/><W37/><G67/><T124/><D100/><U18/><E126/><V6/><F6/><W82/><G37/><T114/><D134/><U24/><E49/><N who="0" m="18441" /><D53/><U42/><E42/><V98/><F44/><W34/><G40/><T11/><D124/><U107/><E107/><V106/><F106/><W127/><G127/><T46/><D46/><U58/><REACH who="1" step="1"/><E78/><REACH who="1" ten="178,107,308,377" step="2"/><V133/><F133/><W54/><G79/><T32/><D115/><U1/><E1/><V132/><F132/><W131/><G3/><T101/><D114/><U56/><E56/><V121/><F121/><W64/><G131/><T30/><D71/><U122/><E122/><V75/><F70/><W105/><G105/><T13/><D7/><AGARI ba="2,3" hai="7,8,14,18,23,24,29,31,58,61,66,77,80,85" machi="7" ten="30,5800,0" yaku="1,1,7,1,8,1,53,0" doraHai="88" doraHaiUra="108" who="1" fromWho="0" sc="178,-64,107,94,308,0,377,0" /><INIT seed="5,3,0,5,4,29" ten="114,201,308,377" oya="1" hai0="134,18,35,45,20,17,14,58,38,46,9,129,108" hai1="63,99,101,50,44,65,26,36,77,7,85,82,112" hai2="53,117,91,61,42,79,10,96,30,72,13,21,131" hai3="88,121,89,27,60,132,57,123,98,114,2,130,8"/><U105/><E36/><V125/><F117/><W110/><G110/><T31/><D108/><U37/><E37/><V100/><F125/><W59/><G114/><T34/><D134/><U122/><E122/><V124/><F124/><W118/><G132/><T120/><D38/><U67/><E112/><V102/><F131/><W39/><G39/><T28/><D58/><U54/><E7/><V4/><F42/><W64/><G130/><T84/><D84/><U73/><E63/><V106/><F72/><W32/><G118/><T97/><D97/><U94/><REACH who="1" step="1"/><E26/><REACH who="1" ten="114,191,308,377" step="2"/><V69/><F61/><W62/><G62/><T66/><D120/><U104/><E104/><V6/><F6/><W80/><G60/><T109/><D129/><U5/><E5/><V76/><F69/><W119/><G27/><T86/><D66/><U116/><E116/><V51/><F106/><W83/><G64/><T40/><D109/><U43/><E43/><V126/><F126/><W22/><G119/><T92/><D40/><U128/><E128/><V41/><F41/><W1/><G121/><T55/><D55/><U75/><E75/><V16/><F53/><W48/><G123/><T135/><D135/><U68/><E68/><V3/><F51/><W24/><G48/><T11/><D14/><U95/><E95/><N who="2" m="56447" /><F4/><W107/><G24/><T19/><D92/><U71/><E71/><V56/><F3/><W81/><G107/><T15/><D15/><U127/><E127/><V33/><F13/><W47/><G1/><T78/><D78/><U115/><E115/><V103/><F79/><W113/><G2/><RYUUKYOKU ba="3,1" sc="114,-10,191,30,308,-10,377,-10" hai1="44,50,54,65,67,73,77,82,85,94,99,101,105" /><INIT seed="5,4,1,0,3,117" ten="104,221,298,367" oya="1" hai0="111,125,16,27,127,93,62,95,40,25,106,123,103" hai1="82,119,63,92,75,34,7,56,14,130,101,13,100" hai2="51,52,87,67,50,74,53,70,37,43,29,22,80" hai3="114,23,35,59,102,6,115,42,129,110,118,20,124"/><U73/><E119/><V12/><F74/><W30/><G118/><T8/><D111/><U45/><E34/><V83/><F37/><W71/><G71/><T64/><D40/><U47/><E130/><V57/><F70/><W113/><G110/><T88/><D106/><U3/><E3/><V122/><F122/><W21/><G124/><N who="0" m="47691" /><D103/><N who="1" m="39499" /><E75/><V85/><F67/><W9/><G129/><T19/><D95/><U69/><E69/><V17/><F29/><W131/><G131/><T10/><D10/><N who="1" m="4319" /><E73/><V86/><REACH who="2" step="1"/><F43/><REACH who="2" ten="104,221,288,367" step="2"/><W44/><G42/><T58/><D123/><U77/><E45/><AGARI ba="4,2" hai="12,17,22,45,50,51,52,53,57,80,83,85,86,87" machi="45" ten="40,8000,1" yaku="1,1,2,1,8,1,54,1,53,0" doraHai="117" doraHaiUra="134" who="2" fromWho="1" sc="104,0,221,-92,288,112,367,0" /><INIT seed="6,0,0,5,0,68" ten="104,129,400,367" oya="2" hai0="108,71,31,134,135,35,81,49,72,19,87,18,56" hai1="103,45,14,20,65,119,63,42,34,60,98,26,84" hai2="117,101,109,107,59,53,89,32,52,12,48,27,64" hai3="36,123,17,93,113,129,23,118,124,114,79,83,39"/><V13/><F117/><W38/><G123/><T41/><D71/><U86/><E119/><V97/><F109/><W116/><G124/><T24/><D72/><U22/><E34/><V127/><F127/><W120/><G129/><T67/><D108/><U95/><E14/><V50/><F64/><W115/><G93/><T29/><D29/><U33/><E33/><V5/><F5/><W90/><G90/><N who="0" m="51567" /><D67/><U110/><E110/><V130/><F130/><W121/><G121/><T128/><D128/><U62/><E65/><V70/><F70/><W78/><G120/><T96/><D96/><U11/><E11/><V6/><F6/><W25/><G78/><T106/><D106/><U99/><E99/><V46/><REACH who="2" step="1"/><F89/><REACH who="2" ten="104,129,390,367" step="2"/><W37/><N who="3" m="9728" /><DORA hai="55" /><W132/><REACH who="3" step="1"/><G132/><REACH who="3" ten="104,129,390,357" step="2"/><T21/><D135/><U92/><E103/><V8/><F8/><W131/><G131/><T2/><D134/><U74/><E95/><V1/><F1/><W0/><G0/><T122/><D2/><U125/><E92/><V47/><F47/><W51/><G51/><T100/><D49/><U85/><E45/><V16/><F16/><W102/><G102/><T82/><D100/><U58/><E125/><V40/><F40/><W10/><G10/><T7/><D41/><U73/><E42/><V3/><F3/><W80/><G80/><T4/><D82/><U44/><E44/><V57/><F57/><W75/><AGARI ba="0,2" hai="17,23,25,75,79,83,113,114,115,116,118" m="9728" machi="75" ten="70,16000,3" yaku="1,1,0,1,15,1,11,1,52,4,53,1" doraHai="68,55" doraHaiUra="9,76" who="3" fromWho="3" sc="104,-40,129,-40,390,-80,357,180" /><INIT seed="7,0,0,1,4,80" ten="64,89,310,537" oya="3" hai0="78,92,59,52,15,25,17,27,96,75,86,46,19" hai1="134,45,77,16,107,18,66,112,126,94,87,62,40" hai2="99,11,50,101,28,8,21,3,120,0,121,22,60" hai3="104,7,93,38,125,83,119,58,4,79,14,114,53"/><W44/><G119/><T73/><D75/><U105/><E112/><V111/><F60/><W91/><G104/><T67/><D73/><U31/><E134/><V95/><F50/><W89/><G114/><T113/><D113/><U124/><E31/><V129/><F111/><W42/><G125/><N who="1" m="48234" /><E77/><V36/><F36/><W123/><G123/><N who="2" m="47177" /><F129/><W133/><G133/><T130/><D130/><U117/><E117/><V97/><F28/><W122/><G122/><T74/><D74/><U88/><E107/><V128/><F128/><W41/><G41/><T109/><D109/><U29/><E29/><V13/><F99/><W106/><G106/><T10/><D67/><U72/><E72/><V65/><F65/><W85/><G38/><T70/><D70/><N who="1" m="42327" /><E105/><V115/><F115/><W63/><G63/><N who="0" m="36327" /><D46/><U20/><E20/><N who="2" m="7787" /><F11/><W12/><G44/><T118/><D118/><U132/><E132/><V81/><F81/><W6/><G83/><N who="0" m="47479" /><D19/><AGARI ba="0,0" hai="0,3,8,13,19,95,97,101" m="7787,47177" machi="19" ten="30,1000,0" yaku="13,1" doraHai="80" who="2" fromWho="0" sc="64,-10,89,0,310,10,537,0" owari="54,-45.0,89,-31.0,320,12.0,537,64.0" /></mjloggm>