<mjloggm ver="2.3"><GO type="169" lobby="0"/><UN n0="%E3%82%A8%E3%82%B9%E3%83%86%E3%83%BC" n1="%E8%99%B9%E9%AD%94%E5%B0%8E%E5%A3%AB" n2="%68%61%79%61%74%6F%E2%98%86" n3="%E3%81%A4%E3%81%B0%E3%81%8D%E3%81%A1%30%33" dan="17,17,17,17" rate="2160.30,2169.64,2180.02,2156.21" sx="F,M,M,M"/><TAIKYOKU oya="0"/><INIT seed="0,0,0,2,3,56" ten="250,250,250,250" oya="0" hai0="54,127,72,86,20,42,115,44,57,130,124,84,35" hai1="125,60,15,93,45,85,53,1,4,112,77,21,41" hai2="90,111,58,119,101,37,113,118,51,65,97,71,91" hai3="83,92,19,126,117,100,95,96,134,73,8,5,36"/><T67/><D115/><U29/><E112/><V18/><F37/><W48/><G117/><N who="2" m="44553" /><F113/><W81/><G134/><T50/><D35/><U52/><E1/><V64/><F111/><W61/><G126/><N who="0" m="48171" /><D72/><U98/><E125/><V110/><F18/><W121/><G121/><T82/><D67/><N who="2" m="25674" /><F71/><W106/><G36/><N who="0" m="21575" /><D130/><U62/><E41/><V135/><F135/><W0/><G48/><T105/><D105/><U33/><E33/><V24/><F24/><W26/><G26/><T27/><D82/><N who="1" m="47311" /><E29/><AGARI ba="0,0" hai="20,27,29,50,54,57,84,86" m="21575,48171" machi="29" ten="30,1500,0" yaku="18,1" doraHai="56" who="0" fromWho="1" sc="250,15,250,-15,250,0,250,0" /><INIT seed="0,1,0,5,5,30" ten="265,235,250,250" oya="0" hai0="42,6,35,121,94,71,0,106,1,58,115,38,63" hai1="124,88,66,118,10,36,72,81,105,111,130,4,116" hai2="32,34,47,22,127,27,93,28,60,25,13,126,18" hai3="54,129,123,80,39,92,122,110,7,8,85,125,78"/><T77/><D121/><N who="3" m="46089" /><G110/><T56/><D106/><U109/><E105/><V84/><F60/><W31/><G129/><T133/><D115/><U89/><E130/><V40/><F84/><W49/><G39/><T26/><D133/><U5/><E36/><V108/><F93/><W59/><G31/><T20/><D71/><U19/><E66/><V46/><F108/><N who="1" m="41545" /><E124/><N who="2" m="47659" /><F40/><W48/><G125/><T51/><D38/><U45/><E45/><N who="2" m="16907" /><F27/><W50/><G92/><T44/><D26/><U29/><E72/><V24/><F25/><W73/><G73/><T14/><D77/><U95/><E29/><V75/><F75/><W87/><G85/><T104/><D94/><U135/><E135/><V83/><F83/><W9/><G9/><AGARI ba="1,0" hai="9,13,18,22,24,28,32,34" m="16907,47659" machi="9" ten="30,3900,0" yaku="18,1,52,2" doraHai="30" who="2" fromWho="3" sc="265,0,235,0,250,42,250,-42" /><INIT seed="1,0,0,2,4,135" ten="265,235,292,208" oya="1" hai0="69,11,31,83,65,98,90,85,134,77,54,36,126" hai1="121,113,14,46,102,16,47,17,20,124,68,73,13" hai2="101,49,117,116,42,25,91,60,45,50,29,64,112" hai3="37,0,28,120,1,12,8,128,41,62,95,79,109"/><U40/><E113/><V119/><F112/><W84/><G120/><T111/><D134/><U27/><E121/><V58/><F101/><W122/><G122/><T57/><D36/><U107/><E73/><V48/><F91/><W35/><G109/><T88/><D111/><U53/><E68/><V130/><F25/><W99/><G128/><T78/><D69/><U71/><E71/><V61/><F29/><W43/><G62/><T32/><D65/><U30/><E53/><V80/><F80/><W7/><G35/><T34/><D34/><U127/><E102/><V81/><F81/><W104/><G104/><T3/><D32/><U92/><E92/><V76/><F76/><W132/><G28/><T55/><D31/><U129/><E107/><V89/><F89/><W33/><G33/><T51/><D126/><N who="1" m="48171" /><E129/><V4/><F4/><W38/><G132/><T15/><D55/><U108/><E108/><V133/><F130/><W82/><G43/><T87/><D98/><U114/><E114/><V21/><F133/><W67/><G41/><T56/><D56/><U10/><E40/><V105/><F105/><W59/><G59/><T52/><D54/><U94/><E94/><V72/><F72/><W100/><G67/><T23/><D57/><U125/><E125/><V2/><F64/><W44/><G44/><T131/><D131/><U66/><E66/><V110/><F110/><W9/><G0/><T103/><D103/><U5/><E30/><V18/><F42/><W75/><G75/><T93/><D52/><U96/><E96/><V123/><F123/><W115/><G115/><RYUUKYOKU ba="0,0" sc="265,-15,235,15,292,-15,208,15" hai1="5,10,13,14,16,17,20,27,46,47" hai3="1,7,8,9,12,37,38,79,82,84,95,99,100" /><INIT seed="1,1,0,5,5,75" ten="250,250,277,223" oya="1" hai0="120,50,109,47,44,125,113,85,33,1,102,122,29" hai1="69,20,7,48,41,116,51,57,55,111,45,78,98" hai2="76,13,100,2,97,79,99,27,11,32,17,94,86" hai3="15,128,6,22,88,12,0,126,39,56,135,83,36"/><U43/><E116/><V121/><F121/><N who="0" m="46698" /><D113/><U103/><E69/><V72/><F72/><W66/><G126/><T84/><D1/><U70/><E70/><V127/><F127/><W93/><G128/><T114/><D114/><U118/><E118/><V30/><F2/><W46/><G135/><T3/><D3/><U77/><E7/><V40/><F40/><W133/><G133/><T71/><D125/><U87/><E111/><V53/><F86/><N who="0" m="33386" /><D71/><U25/><E87/><V82/><F82/><W34/><G83/><T90/><D90/><U124/><E43/><V14/><F53/><W64/><G34/><T18/><D18/><U5/><E5/><V134/><F134/><W67/><G0/><T4/><D4/><U68/><E68/><V101/><REACH who="2" step="1"/><F14/><REACH who="2" ten="250,250,267,223" step="2"/><W74/><G15/><T21/><D109/><U58/><E124/><V54/><F54/><W24/><G74/><T63/><D63/><U60/><E60/><V38/><F38/><W62/><G12/><T119/><D119/><U91/><E58/><V96/><F96/><N who="3" m="57383" /><G36/><T23/><D47/><U92/><REACH who="1" step="1"/><E103/><REACH who="1" ten="250,240,267,223" step="2"/><V130/><F130/><W123/><G123/><T28/><D102/><U49/><E49/><V104/><AGARI ba="1,2" hai="11,13,17,27,30,32,76,79,94,97,99,100,101,104" machi="104" ten="20,8000,1" yaku="1,1,0,1,7,1,52,2,53,0" doraHai="75" doraHaiUra="42" who="2" fromWho="2" sc="250,-21,240,-41,267,103,223,-21" /><INIT seed="2,0,0,3,2,14" ten="229,199,370,202" oya="2" hai0="94,130,65,45,41,46,123,78,6,53,86,34,58" hai1="121,81,47,82,88,74,100,91,68,10,31,12,22" hai2="129,132,26,102,67,33,42,5,95,40,99,0,128" hai3="131,61,119,69,13,109,18,48,118,79,122,83,106"/><V8/><F67/><W64/><G122/><T96/><D123/><U35/><E68/><V72/><F72/><W105/><G109/><T115/><D115/><U110/><E35/><V51/><F132/><W133/><G133/><T103/><D34/><U3/><E3/><V113/><F113/><W93/><G131/><N who="2" m="50249" /><F51/><W111/><G111/><T135/><D135/><U76/><E110/><V15/><F0/><W37/><G37/><T60/><D130/><U57/><E121/><V55/><F55/><W84/><G93/><T101/><D101/><U17/><E100/><V104/><F104/><W77/><G77/><T21/><D6/><U114/><E114/><V112/><F112/><W62/><G62/><T107/><D65/><U87/><E47/><V9/><F9/><W127/><G48/><T75/><D41/><U36/><E36/><V4/><F4/><W32/><G105/><T98/><D107/><U43/><E43/><V38/><F38/><W1/><G106/><T125/><D75/><U90/><REACH who="1" step="1"/><E57/><REACH who="1" ten="229,189,370,202" step="2"/><V24/><F33/><W50/><G1/><T54/><D46/><U27/><AGARI ba="0,1" hai="10,12,17,22,27,31,74,76,81,82,87,88,90,91" machi="27" ten="30,12000,2" yaku="1,1,2,1,0,1,52,1,54,1,53,1" doraHai="14" doraHaiUra="25" who="1" fromWho="1" sc="229,-30,189,130,370,-60,202,-30" /><INIT seed="3,0,0,2,2,120" ten="199,319,310,172" oya="3" hai0="117,101,102,61,38,72,59,88,28,16,31,0,34" hai1="100,39,50,45,77,134,109,40,133,19,67,26,33" hai2="76,98,121,54,52,9,130,20,30,85,42,11,51" hai3="94,135,46,41,6,55,37,105,90,86,69,84,95"/><W7/><G135/><N who="1" m="51722" /><E100/><N who="0" m="38505" /><D34/><U58/><E77/><V92/><F121/><W5/><G105/><T118/><D0/><U36/><E19/><V14/><F130/><W115/><G115/><T97/><D38/><N who="1" m="14379" /><E26/><N who="2" m="16711" /><F85/><W53/><REACH who="3" step="1"/><G69/><REACH who="3" ten="199,319,310,162" step="2"/><T116/><D116/><U110/><E33/><V93/><F76/><W80/><G80/><T22/><D117/><U125/><E125/><V128/><F128/><W17/><G17/><T10/><D118/><U123/><E123/><V48/><F92/><W75/><G75/><T87/><D72/><U64/><E58/><N who="2" m="33031" /><F14/><W15/><G15/><N who="0" m="9503" /><D10/><U71/><E71/><V57/><F42/><W81/><G81/><N who="0" m="49263" /><D97/><U35/><E35/><V43/><F43/><W49/><G49/><T62/><D62/><U12/><E12/><V4/><F4/><W89/><AGARI ba="0,1" hai="5,6,7,37,41,46,53,55,84,86,89,90,94,95" machi="89" ten="30,11700,0" yaku="1,1,0,1,9,1,53,1" doraHai="120" doraHaiUra="68" who="3" fromWho="3" sc="199,-39,319,-39,310,-39,162,127" /><INIT seed="3,1,0,3,3,58" ten="160,280,271,289" oya="3" hai0="132,43,16,47,6,102,91,109,1,3,9,57,11" hai1="17,108,112,135,30,66,31,130,106,111,18,133,32" hai2="44,134,56,121,62,71,36,8,15,117,79,35,94" hai3="123,98,61,99,69,128,4,59,115,70,77,105,110"/><W7/><G123/><T126/><D109/><N who="1" m="42059" /><E106/><V96/><F121/><W48/><G110/><T21/><D126/><U19/><E66/><V104/><F104/><W12/><G115/><T24/><D132/><N who="1" m="50763" /><E112/><V20/><F71/><W39/><G128/><T125/><D125/><U23/><E32/><V26/><F35/><W89/><G69/><T13/><D102/><U72/><E72/><V76/><F134/><W53/><G105/><T0/><D11/><U131/><E23/><V127/><F127/><W124/><G124/><T92/><D57/><U114/><E114/><V40/><F117/><W88/><G77/><T103/><D103/><U2/><E2/><V29/><F15/><W116/><G12/><T120/><D120/><U93/><E93/><V49/><F8/><W118/><G116/><T34/><D34/><U82/><E82/><V122/><F36/><W68/><G39/><T46/><REACH who="0" step="1"/><D43/><REACH who="0" ten="150,280,271,289" step="2"/><U95/><E95/><V90/><REACH who="2" step="1"/><F122/><REACH who="2" ten="150,280,261,289" step="2"/><W42/><G70/><T86/><AGARI ba="1,2" hai="0,1,3,6,9,13,16,21,24,46,47,86,91,92" machi="86" ten="30,7900,0" yaku="1,1,2,1,0,1,54,1,53,0" doraHai="58" doraHaiUra="51" who="0" fromWho="0" sc="150,102,280,-21,261,-21,289,-40" /><INIT seed="4,0,0,2,2,45" ten="252,259,240,249" oya="0" hai0="101,35,20,1,108,53,28,55,42,121,3,135,114" hai1="89,96,34,75,98,51,2,29,120,103,93,0,50" hai2="32,18,54,86,99,85,19,74,129,8,112,11,111" hai3="68,47,117,57,78,36,82,24,39,118,52,94,84"/><T71/><D121/><U10/><E75/><V109/><F99/><W26/><G68/><T113/><D35/><U38/><E38/><V133/><F54/><N who="0" m="20490" /><D71/><U124/><E120/><V63/><F63/><W14/><G118/><T59/><D59/><U72/><E72/><V126/><F32/><W91/><G117/><T80/><D108/><U92/><E124/><V132/><F74/><W88/><G39/><T64/><D64/><U33/><E10/><V73/><F73/><W122/><G122/><T5/><D135/><U127/><E127/><V56/><F56/><W76/><G36/><T69/><D69/><U131/><E29/><V106/><F126/><W13/><G47/><T66/><D66/><U43/><E43/><V37/><F37/><W46/><G46/><T16/><D42/><U79/><E79/><N who="3" m="30250" /><G14/><N who="0" m="9239" /><D5/><U17/><E17/><V130/><REACH who="2" step="1"/><F112/><REACH who="2" ten="252,259,230,249" step="2"/><W123/><G123/><T61/><D61/><U125/><E125/><V115/><F115/><W6/><G57/><T7/><D113/><U58/><E58/><V95/><F95/><W41/><G52/><T110/><D114/><U100/><E131/><V60/><F60/><W22/><G41/><T65/><D65/><U67/><E67/><V48/><F48/><W81/><G94/><T104/><D104/><AGARI ba="0,1" hai="8,11,18,19,85,86,104,106,109,111,129,130,132,133" machi="104" ten="25,3200,0" yaku="1,1,22,2,53,0" doraHai="45" doraHaiUra="70" who="2" fromWho="0" sc="252,-32,259,0,230,42,249,0" /><INIT seed="5,0,0,3,4,52" ten="220,259,272,249" oya="1" hai0="40,41,10,12,30,2,11,81,84,132,125,47,122" hai1="100,116,92,26,6,109,45,88,119,16,7,54,62" hai2="18,55,63,69,58,90,87,24,77,1,46,17,48" hai3="8,61,56,29,79,36,131,38,124,106,21,13,73"/><U37/><E109/><V108/><F1/><W71/><G106/><T51/><D125/><U107/><E107/><V70/><F108/><W91/><G71/><T59/><D132/><U130/><E100/><V67/><F77/><W97/><G124/><T80/><D122/><U49/><E130/><V114/><F114/><W134/><G134/><T120/><D120/><U72/><E72/><V33/><F33/><W95/><G131/><T74/><D74/><U93/><E93/><V43/><F24/><W102/><G91/><N who="0" m="51591" /><D2/><U50/><E37/><V66/><F69/><W103/><G103/><T101/><D101/><U34/><E62/><V19/><REACH who="2" step="1"/><F70/><REACH who="2" ten="220,259,262,249" step="2"/><W98/><G79/><T35/><D35/><U31/><E34/><V0/><F0/><W112/><G112/><T76/><D76/><U128/><E128/><V15/><F15/><W135/><G135/><T82/><D12/><U78/><E78/><V28/><F28/><W133/><G133/><T75/><D30/><U9/><E31/><V86/><F86/><W5/><G73/><T115/><D115/><U42/><E116/><V60/><F60/><W57/><G98/><T83/><D75/><U117/><E117/><V96/><F96/><W23/><G61/><T25/><D25/><U39/><E119/><V129/><F129/><W27/><REACH who="3" step="1"/><G23/><REACH who="3" ten="220,259,262,239" step="2"/><T20/><D20/><N who="1" m="13575" /><E88/><V127/><F127/><W118/><G118/><T65/><D81/><AGARI ba="0,2" hai="17,18,19,43,46,48,55,58,63,66,67,81,87,90" machi="81" ten="40,8000,1" yaku="1,1,8,1,52,1,53,1" doraHai="52" doraHaiUra="85" who="2" fromWho="0" sc="220,-80,259,0,262,100,239,0" /><INIT seed="6,0,0,3,1,122" ten="140,259,362,239" oya="2" hai0="62,114,56,1,92,63,42,121,9,98,128,12,66" hai1="119,40,72,68,5,74,4,135,102,133,113,47,36" hai2="52,55,25,127,19,57,0,51,130,15,82,34,6" hai3="32,73,33,112,48,22,49,38,109,88,106,100,35"/><V99/><F127/><W60/><G73/><T50/><D121/><U44/><E119/><V77/><F130/><W64/><G38/><T90/><D114/><U80/><E113/><V43/><F0/><W91/><G109/><T45/><D128/><U85/><E68/><V116/><F116/><W21/><G112/><T87/><D1/><U79/><E102/><V31/><F6/><N who="1" m="2665" /><E47/><V93/><F43/><W123/><G123/><T75/><D75/><U3/><E3/><V37/><F37/><W54/><G100/><T58/><D98/><U59/><E59/><V53/><F82/><W126/><G106/><T81/><D81/><U11/><E11/><V67/><F67/><W83/><G126/><T105/><D105/><U7/><E7/><V23/><REACH who="2" step="1"/><F77/><REACH who="2" ten="140,259,352,239" step="2"/><W46/><G83/><T86/><D66/><U30/><E80/><V95/><F95/><W117/><G117/><T118/><D118/><U89/><E79/><V129/><F129/><W115/><G115/><T24/><D92/><U70/><E36/><V61/><F61/><W41/><G60/><T103/><D62/><U111/><E40/><V39/><F39/><W84/><G64/><T28/><D63/><U16/><E70/><V120/><F120/><W125/><G125/><T2/><D2/><U107/><E107/><V69/><F69/><W10/><G41/><T18/><D42/><U13/><E72/><V65/><F65/><W78/><G78/><T131/><D131/><U101/><E74/><V96/><F96/><W17/><G49/><T20/><D50/><U71/><E71/><V26/><F26/><RYUUKYOKU ba="0,1" sc="140,-10,259,-10,352,30,239,-10" hai2="15,19,23,25,31,34,51,52,53,55,57,93,99" /><INIT seed="6,1,1,0,4,79" ten="130,249,382,229" oya="2" hai0="103,92,114,74,55,5,34,13,67,9,71,116,17" hai1="98,126,109,135,33,35,51,62,111,36,60,20,123" hai2="77,134,73,93,69,45,30,88,97,124,41,46,32" hai3="68,99,6,3,54,113,75,27,120,127,119,90,18"/><V107/><F69/><W104/><G90/><T78/><D34/><U121/><E36/><V53/><F124/><W94/><G94/><T132/><D114/><U70/><E126/><V131/><F131/><W49/><G75/><T7/><D132/><U89/><E70/><V117/><F117/><W80/><G68/><T64/><D116/><U100/><E89/><V129/><F129/><W8/><G80/><T105/><D105/><U38/><E38/><V24/><F134/><W43/><G43/><T106/><D106/><U91/><E91/><V48/><F107/><W87/><G87/><T130/><D130/><U2/><E2/><V4/><F4/><N who="0" m="1610" /><D71/><U59/><E33/><V110/><F110/><W56/><G120/><T39/><D74/><U102/><E35/><V26/><F26/><W112/><G119/><T63/><D39/><U122/><E135/><V133/><F133/><W21/><REACH who="3" step="1"/><G127/><REACH who="3" ten="130,249,382,219" step="2"/><T82/><D78/><U16/><E121/><V86/><F73/><W47/><G47/><T72/><D72/><U81/><E122/><V22/><F77/><W101/><AGARI ba="1,2" hai="3,6,8,18,21,27,49,54,56,99,101,104,112,113" machi="101" ten="30,4000,0" yaku="1,1,0,1,53,1" doraHai="79" doraHaiUra="15" who="3" fromWho="3" sc="130,-11,249,-11,382,-21,219,63" /><INIT seed="7,0,0,3,1,30" ten="119,238,361,282" oya="3" hai0="81,37,64,55,8,35,25,132,52,109,56,57,47" hai1="89,20,129,50,72,98,53,86,100,65,39,134,93" hai2="130,44,135,104,41,45,115,125,68,23,133,99,21" hai3="60,15,70,79,54,118,73,43,27,38,17,84,58"/><W36/><G118/><T91/><D109/><U1/><E39/><V31/><F68/><W61/><G73/><T127/><D127/><U33/><E72/><V123/><F123/><W14/><G43/><T78/><D132/><U80/><E134/><V22/><F31/><W12/><G70/><T51/><D91/><U69/><E1/><V13/><F104/><W71/><G71/><T28/><D37/><U75/><E129/><V7/><F44/><W40/><G40/><T5/><D64/><U113/><E69/><V16/><F45/><W32/><G32/><T96/><D96/><U92/><E33/><V88/><F41/><W11/><G38/><T29/><D29/><U128/><E75/><V6/><F125/><W120/><G120/><T97/><D97/><U76/><E65/><V131/><F99/><W63/><G36/><T102/><D102/><U111/><E100/><V116/><F116/><W107/><G107/><T103/><D103/><U126/><E98/><V74/><F74/><W67/><G67/><T121/><D121/><U106/><E106/><V122/><F122/><W9/><G27/><T49/><D47/><U119/><E119/><V110/><F110/><W10/><G17/><T83/><REACH who="0" step="1"/><D78/><REACH who="0" ten="109,238,361,282" step="2"/><N who="1" m="46359" /><E111/><V42/><F133/><W82/><AGARI ba="0,1" hai="9,10,11,12,14,15,54,58,60,61,63,79,82,84" machi="82" ten="40,3900,0" yaku="0,1,8,1" doraHai="30" who="3" fromWho="3" sc="109,-13,238,-13,361,-13,282,49" /><INIT seed="7,1,0,1,0,53" ten="96,225,348,331" oya="3" hai0="111,80,28,97,91,36,73,55,135,132,39,8,44" hai1="105,119,9,69,62,104,106,133,20,118,130,18,50" hai2="40,7,99,15,52,10,114,101,67,16,6,33,86" hai3="63,122,100,120,112,34,19,76,93,102,92,90,121"/><W12/><G34/><T64/><D111/><U31/><E31/><V60/><F33/><W3/><G3/><T123/><D123/><U107/><E9/><V13/><F114/><W51/><G112/><T5/><D28/><U24/><E130/><V27/><F40/><W87/><G76/><T115/><D115/><U54/><E133/><V83/><F27/><W96/><G51/><T89/><D64/><U81/><E81/><V113/><F113/><W30/><G63/><T126/><D126/><U59/><E69/><V58/><F67/><W14/><G30/><T72/><D97/><U26/><E26/><V116/><F116/><W47/><G47/><T38/><D55/><U45/><N who="1" m="26624" /><DORA hai="131" /><U43/><AGARI ba="1,0" hai="18,20,24,43,45,50,54,59,62,118,119" m="26624" machi="43" ten="60,7900,0" yaku="4,1,0,1,52,1" doraHai="53,131" who="1" fromWho="1" sc="96,-21,225,82,348,-21,331,-40" owari="75,-42.0,307,11.0,327,42.0,291,-11.0" /></mjloggm>