<mjloggm ver="2.3"><GO type="169" lobby="0"/><UN n0="%E3%82%A8%E3%82%B9%E3%83%86%E3%83%BC" n1="%E3%83%B4%E3%81%81%E3%81%AB%E3%82%89%E3%81%82%E3%81%84%E3%81%99" n2="%E3%83%AD%E3%83%83%E3%83%86%E9%9B%80%EF%BC%84%E6%94%B9" n3="%4B%53%4D%43" dan="17,16,16,16" rate="2134.40,2067.04,2151.14,2092.19" sx="M,M,M,M"/><TAIKYOKU oya="0"/><INIT seed="0,0,0,3,5,51" ten="250,250,250,250" oya="0" hai0="72,63,14,85,113,130,52,38,119,32,2,58,68" hai1="5,92,37,115,6,82,26,66,110,122,114,74,128" hai2="80,99,61,132,49,23,20,105,101,125,117,16,88" hai3="18,97,69,112,42,60,100,75,109,10,27,0,89"/><T40/><D2/><U103/><E37/><V50/><F125/><W12/><G109/><T90/><D113/><U19/><E122/><V121/><F121/><W33/><G112/><T21/><D119/><U78/><E128/><V4/><F132/><W86/><G75/><T93/><D130/><U118/><E110/><V41/><F117/><W56/><G69/><T107/><D107/><U64/><E118/><V44/><F4/><W59/><G42/><T127/><D127/><U108/><E108/><V76/><F23/><W17/><G0/><T129/><D129/><U48/><E6/><V46/><F61/><W34/><G18/><T126/><D126/><U73/><E5/><V94/><F76/><W54/><G59/><T9/><D32/><U134/><E74/><V104/><F80/><W83/><REACH who="3" step="1"/><G27/><REACH who="3" ten="250,250,250,240" step="2"/><T131/><D131/><U11/><E115/><V106/><F101/><W39/><G39/><T1/><D68/><U133/><E114/><V3/><F3/><W111/><G111/><T95/><D72/><U36/><E36/><V57/><F57/><W8/><G8/><T67/><D1/><U79/><E134/><V43/><F106/><AGARI ba="0,1" hai="10,12,17,33,34,54,56,60,83,86,89,97,100,106" machi="106" ten="30,3900,0" yaku="1,1,7,1,52,1,53,0" doraHai="51" doraHaiUra="47" who="3" fromWho="2" sc="250,0,250,0,250,-39,240,49" /><INIT seed="1,0,0,2,1,60" ten="250,250,211,289" oya="1" hai0="108,3,131,133,99,42,33,46,1,93,73,124,82" hai1="47,74,80,4,83,26,102,9,2,103,24,30,71" hai2="115,59,56,62,106,118,22,61,8,11,109,91,129" hai3="52,31,29,27,5,112,65,21,16,121,92,114,50"/><U44/><E71/><V123/><F118/><W13/><G121/><T10/><D33/><U88/><E26/><V125/><F123/><W117/><G117/><T66/><D124/><U49/><E44/><V86/><F125/><W55/><G112/><T23/><D131/><U7/><E7/><V89/><F129/><W78/><G114/><T77/><D133/><U85/><E80/><V104/><F115/><W96/><G78/><T0/><D108/><U34/><REACH who="1" step="1"/><E74/><REACH who="1" ten="250,240,211,289" step="2"/><V43/><F109/><W70/><G5/><T38/><D82/><U41/><AGARI ba="0,1" hai="2,4,9,24,30,34,41,47,49,83,85,88,102,103" machi="41" ten="20,12000,1" yaku="1,1,2,1,0,1,7,1,54,1,53,0" doraHai="60" doraHaiUra="90" who="1" fromWho="1" sc="250,-40,240,130,211,-40,289,-40" /><INIT seed="1,1,0,4,3,126" ten="210,370,171,249" oya="1" hai0="120,76,96,113,60,0,26,108,132,97,41,33,13" hai1="24,84,90,38,105,92,119,133,130,73,15,53,35" hai2="78,118,16,58,123,77,116,111,23,7,127,55,51" hai3="131,9,50,114,93,63,94,121,8,65,54,102,122"/><U52/><E105/><V48/><F127/><W20/><G114/><T47/><D0/><U135/><E73/><V2/><F123/><W3/><G121/><T125/><D113/><U81/><E38/><V87/><F111/><W57/><G122/><T1/><D1/><U49/><E119/><V106/><F106/><W6/><G131/><T68/><D13/><U129/><E15/><V46/><F2/><W91/><G9/><T117/><D117/><U31/><E81/><V98/><F7/><W14/><G3/><T80/><D125/><U42/><E42/><V30/><F30/><W95/><G20/><T22/><D33/><U128/><E53/><V115/><F115/><W75/><G102/><T44/><D108/><U11/><E11/><V62/><F98/><W5/><G5/><T100/><D120/><U64/><E64/><V110/><F110/><W82/><G75/><T70/><D60/><U104/><E104/><V107/><F107/><W36/><G36/><T59/><D96/><U29/><E29/><V134/><F134/><W39/><G39/><T67/><D132/><U109/><E109/><V101/><F101/><W18/><G6/><T99/><D99/><U79/><E79/><N who="2" m="30219" /><F87/><N who="3" m="50679" /><G95/><N who="0" m="58431" /><D70/><U69/><E69/><V12/><F118/><W89/><G89/><T103/><D103/><U34/><E34/><V66/><F116/><W40/><G40/><T74/><D41/><U85/><E85/><V21/><F21/><W28/><G28/><N who="0" m="17495" /><D68/><U19/><E19/><V61/><F66/><W124/><G124/><T37/><D37/><U4/><E4/><V86/><F86/><RYUUKYOKU ba="1,0" sc="210,0,370,0,171,0,249,0" hai0="44,47,59,67,74,76,80" hai1="24,31,35,49,52,84,90,92,128,129,130,133,135" hai2="12,16,23,46,48,51,55,58,61,62" hai3="8,14,18,50,54,57,63,65,93,94" /><INIT seed="1,2,0,3,5,117" ten="210,370,171,249" oya="1" hai0="31,62,36,118,82,120,51,26,19,39,98,134,97" hai1="94,7,4,11,24,128,29,121,103,131,44,73,81" hai2="21,72,20,6,9,5,71,92,16,12,112,59,52" hai3="111,14,108,100,33,102,105,67,61,96,104,109,84"/><U132/><E132/><V125/><F71/><W113/><G33/><T75/><D134/><U43/><E103/><V18/><F72/><W85/><G14/><T27/><D19/><U66/><E66/><V86/><F125/><W48/><G48/><T55/><D62/><U135/><E94/><V41/><F112/><W2/><G2/><T40/><D118/><U88/><E135/><V69/><F69/><W65/><G113/><T47/><D27/><U99/><E7/><V126/><F41/><W129/><G61/><T127/><D127/><U114/><E114/><V133/><F133/><W124/><G124/><T101/><D120/><U95/><E24/><N who="2" m="14343" /><F126/><W116/><G116/><T60/><D60/><U10/><E29/><V78/><F9/><W115/><G115/><T30/><D30/><U130/><E81/><N who="2" m="47415" /><F92/><W74/><G74/><T58/><D36/><N who="1" m="21607" /><E73/><V90/><F90/><W106/><G129/><T87/><D75/><U119/><E119/><V37/><F37/><W77/><G77/><T53/><D101/><N who="3" m="39017" /><G96/><T38/><D38/><U93/><E93/><V0/><F0/><W3/><G3/><T1/><D1/><N who="1" m="271" /><E11/><V76/><F76/><W110/><N who="3" m="27648" /><DORA hai="68" /><W123/><G106/><T50/><D39/><U122/><AGARI ba="2,0" hai="88,95,99,121,122,128,130,131" m="271,21607" machi="122" ten="40,12000,1" yaku="19,1,52,3,54,1" doraHai="117,68" who="1" fromWho="1" sc="210,-42,370,126,171,-42,249,-42" /><INIT seed="1,3,0,3,0,128" ten="168,496,129,207" oya="1" hai0="135,47,1,104,92,55,109,26,12,108,70,58,67" hai1="4,8,68,42,2,76,74,31,111,79,106,28,113" hai2="51,86,117,95,20,7,131,43,98,99,126,22,33" hai3="25,96,84,14,0,56,122,36,13,6,89,77,69"/><U82/><E68/><V32/><F117/><W46/><G69/><T75/><D1/><U133/><E113/><V114/><F131/><W110/><G110/><T44/><D104/><U73/><E106/><V116/><F116/><W115/><G115/><T17/><D75/><U40/><E111/><N who="0" m="42569" /><D26/><U132/><E28/><V129/><F7/><W5/><G122/><T54/><D92/><U90/><E90/><V19/><F129/><W62/><G77/><T61/><D12/><U78/><E31/><V112/><F51/><W72/><G72/><T23/><D23/><U71/><E71/><V80/><F43/><N who="1" m="16425" /><E82/><V27/><F80/><W85/><G46/><N who="0" m="17451" /><D17/><U66/><E66/><V16/><F95/><W64/><G36/><T52/><D135/><AGARI ba="3,0" hai="2,4,8,73,74,76,78,79,132,133,135" m="16425" machi="135" ten="30,11600,0" yaku="20,1,52,3" doraHai="128" who="1" fromWho="0" sc="168,-125,496,125,129,0,207,0" /><INIT seed="1,4,0,3,5,89" ten="43,621,129,207" oya="1" hai0="28,119,76,25,56,6,106,115,31,20,10,23,35" hai1="26,36,101,98,126,108,82,128,2,111,135,64,116" hai2="54,117,69,59,121,49,38,30,15,48,53,62,94" hai3="103,73,113,1,114,90,87,37,61,17,85,122,120"/><U21/><E116/><V57/><F121/><W99/><G1/><N who="0" m="335" /><D56/><U77/><E2/><V97/><F117/><W66/><G37/><T133/><D76/><U71/><E36/><V34/><F38/><W95/><G73/><T44/><D44/><U4/><E4/><V42/><F42/><W102/><G17/><N who="0" m="12431" /><D115/><N who="3" m="44041" /><G61/><T91/><D91/><U127/><E64/><V13/><F30/><N who="0" m="11306" /><D106/><U18/><E71/><V51/><F34/><W72/><G66/><T125/><D125/><U112/><E112/><V68/><F68/><W14/><G72/><T16/><D133/><U83/><E135/><V3/><F3/><W47/><G47/><T134/><D134/><U50/><E50/><N who="2" m="19563" /><F69/><W96/><G14/><N who="0" m="9623" /><D119/><U55/><E55/><V8/><F97/><N who="3" m="37451" /><G85/><T41/><D41/><U104/><E126/><V70/><F70/><W12/><G12/><T88/><D88/><U129/><E127/><V33/><F15/><W58/><G58/><T0/><D0/><U124/><E124/><V24/><F59/><W63/><G63/><T43/><D43/><U80/><REACH who="1" step="1"/><E77/><REACH who="1" ten="43,611,129,207" step="2"/><V74/><F54/><W78/><G78/><T93/><D93/><U118/><E118/><V65/><F94/><W29/><G95/><T40/><D40/><U19/><E19/><V130/><F53/><W22/><G120/><T60/><D60/><U32/><E32/><AGARI ba="4,1" hai="32,35" m="9623,11306,12431,335" machi="32" ten="30,12000,2" yaku="35,5,54,1" doraHai="89" who="0" fromWho="1" sc="43,142,611,-132,129,0,207,0" /><INIT seed="2,0,0,4,1,25" ten="185,479,129,207" oya="2" hai0="65,7,86,99,135,35,44,9,62,15,111,29,129" hai1="0,46,122,103,51,28,72,116,93,27,115,56,91" hai2="53,61,8,18,36,24,14,131,55,100,107,17,60" hai3="74,90,126,50,102,73,130,26,85,95,104,2,134"/><V16/><F36/><W57/><G2/><T123/><D123/><U58/><E116/><V41/><F131/><W39/><G130/><T96/><D129/><U108/><E72/><V110/><F110/><W117/><G117/><T5/><D111/><U63/><E0/><V31/><F41/><W19/><G39/><T52/><D135/><U112/><E108/><V23/><F107/><W64/><G126/><T78/><D5/><U11/><E11/><V118/><F100/><W40/><G134/><T70/><D78/><U4/><E122/><V83/><F118/><W13/><G74/><T113/><D113/><U92/><E4/><N who="2" m="3335" /><F83/><W106/><G73/><T109/><D109/><U101/><E93/><V38/><F38/><W76/><G26/><T34/><D86/><U12/><E12/><V67/><F67/><W37/><G37/><T94/><D94/><U80/><E80/><V124/><F124/><W133/><G133/><T66/><D66/><U71/><E71/><V98/><F98/><W42/><G104/><T82/><D82/><U3/><E3/><V30/><F30/><W89/><G106/><T32/><REACH who="0" step="1"/><D29/><REACH who="0" ten="175,479,129,207" step="2"/><U114/><E114/><V47/><F55/><N who="3" m="31991" /><G64/><T87/><D87/><U1/><E115/><V77/><F77/><W120/><G120/><T33/><N who="0" m="8192" /><DORA hai="22" /><T21/><D21/><U45/><E112/><V10/><F10/><N who="3" m="6583" /><G85/><T49/><AGARI ba="0,1" hai="7,9,15,44,49,52,62,65,70,96,99" m="8192" machi="49" ten="60,7900,0" yaku="1,1,0,1,54,1,53,0" doraHai="25,22" doraHaiUra="105,97" who="0" fromWho="0" sc="175,89,479,-20,129,-39,207,-20" /><INIT seed="3,0,0,0,4,15" ten="264,459,90,187" oya="3" hai0="132,4,91,133,76,119,18,131,32,87,126,35,55" hai1="34,30,135,78,100,47,2,7,9,109,37,93,104" hai2="120,103,65,51,13,45,59,46,105,96,57,77,0" hai3="98,115,129,54,53,81,83,61,95,27,86,88,89"/><W113/><G129/><T114/><D119/><U122/><E93/><V117/><F0/><W26/><G61/><T118/><D118/><U134/><E109/><V14/><F120/><W20/><G115/><T3/><D76/><U29/><E122/><V10/><F117/><W56/><G113/><T23/><D114/><U123/><E123/><V73/><F14/><W74/><G74/><T80/><D126/><U79/><E79/><V58/><F65/><W130/><G130/><T75/><D75/><U116/><E116/><V16/><REACH who="2" step="1"/><F51/><REACH who="2" ten="264,459,80,187" step="2"/><W64/><G64/><T17/><D131/><U5/><E2/><V92/><F92/><W107/><G107/><T6/><D3/><U38/><E104/><V8/><F8/><W124/><G124/><T128/><D128/><U19/><E9/><V24/><F24/><W101/><G81/><AGARI ba="0,1" hai="10,13,16,45,46,57,58,59,73,77,81,96,103,105" machi="81" ten="40,8000,1" yaku="1,1,52,1,54,1,53,1" doraHai="15" doraHaiUra="11" who="2" fromWho="3" sc="264,0,459,0,80,90,187,-80" /><INIT seed="4,0,0,4,2,30" ten="264,459,170,107" oya="0" hai0="124,44,74,3,128,130,131,15,126,127,43,122,40" hai1="119,96,27,23,71,85,4,98,120,91,9,38,88" hai2="94,1,58,75,31,92,18,104,110,60,10,111,113" hai3="105,66,69,54,97,7,132,63,12,65,16,29,55"/><T116/><D74/><U103/><E38/><V70/><F104/><W37/><G37/><N who="0" m="21519" /><D3/><U115/><E120/><V100/><F70/><W46/><G132/><T101/><D101/><U36/><E36/><V84/><F75/><W108/><G108/><T59/><D15/><N who="1" m="5543" /><E71/><V77/><F113/><W57/><G7/><T78/><D78/><U51/><E119/><V72/><F72/><W14/><G29/><T19/><D19/><N who="1" m="12799" /><E103/><V22/><F100/><W13/><G69/><T117/><D43/><U106/><E106/><V86/><F31/><W118/><G118/><N who="0" m="45675" /><D59/><U89/><E115/><V33/><F77/><W35/><G35/><T20/><D20/><U87/><E51/><V48/><F33/><W52/><G105/><T82/><D82/><U28/><E28/><V135/><F48/><N who="3" m="28951" /><G97/><AGARI ba="0,0" hai="85,87,88,89,91,96,97,98" m="12799,5543" machi="97" ten="30,2000,0" yaku="8,1,54,1" doraHai="30" who="1" fromWho="3" sc="264,0,459,20,170,0,107,-20" /><INIT seed="5,0,0,5,2,116" ten="264,479,170,87" oya="1" hai0="97,85,0,78,81,131,38,45,23,104,17,100,53" hai1="111,25,83,32,3,96,76,29,54,4,119,121,5" hai2="6,50,87,82,22,130,127,57,34,62,36,12,33" hai3="92,95,73,18,24,49,108,72,135,74,21,58,77"/><U101/><E111/><V113/><F36/><W40/><G108/><T110/><D110/><U102/><E119/><V42/><F127/><W31/><G135/><T64/><D131/><U67/><E121/><V128/><F113/><W65/><G77/><T109/><D109/><U19/><E67/><V106/><F106/><W93/><G65/><T99/><D99/><U94/><E101/><V44/><F6/><W26/><G58/><T9/><D64/><U14/><E3/><V51/><F51/><W75/><N who="3" m="18432" /><DORA hai="80" /><W20/><G49/><T124/><D124/><U84/><REACH who="1" step="1"/><E54/><REACH who="1" ten="264,469,170,87" step="2"/><V89/><F128/><W10/><G40/><T88/><D53/><U114/><E114/><V112/><F130/><W1/><G1/><T2/><D2/><U52/><E52/><V43/><F42/><W117/><G117/><T63/><D100/><U118/><E118/><V98/><F43/><W41/><G41/><T27/><D0/><U69/><E69/><V13/><F112/><W105/><G105/><T60/><D104/><U7/><E7/><V129/><F129/><W125/><G125/><T123/><D123/><U120/><E120/><V90/><F34/><W133/><G133/><T132/><D132/><U47/><E47/><V103/><F33/><W15/><G31/><N who="0" m="17919" /><D45/><U134/><E134/><V70/><F44/><W61/><G61/><T68/><D68/><U39/><E39/><V107/><F62/><W126/><G126/><T79/><D38/><U66/><E66/><V37/><F70/><W28/><G28/><T8/><D60/><U11/><AGARI ba="0,1" hai="4,5,11,14,19,25,29,32,76,83,84,94,96,102" machi="11" ten="20,12000,1" yaku="1,1,0,1,7,1,52,1,53,1" doraHai="116,80" doraHaiUra="91,56" who="1" fromWho="1" sc="264,-40,469,130,170,-40,87,-40" /><INIT seed="5,1,0,0,4,45" ten="224,599,130,47" oya="1" hai0="43,35,6,34,103,16,33,57,39,32,113,118,76" hai1="97,17,122,129,47,64,111,61,44,54,48,131,84" hai2="91,124,112,10,26,3,72,104,68,74,85,77,123" hai3="133,87,128,15,106,18,42,79,8,81,80,125,49"/><U83/><E122/><V130/><F123/><W36/><G125/><T40/><D34/><U101/><E111/><V71/><F124/><W29/><G128/><T70/><D70/><U88/><E17/><V89/><F104/><W22/><G133/><T66/><D118/><U116/><E116/><V28/><F112/><W55/><G106/><T20/><D6/><U105/><REACH who="1" step="1"/><E44/><REACH who="1" ten="224,589,130,47" step="2"/><V52/><F130/><W14/><G29/><T90/><D16/><U50/><E50/><V110/><F28/><W108/><G108/><T94/><D113/><U134/><E134/><V119/><F110/><W25/><G36/><T31/><D31/><U1/><E1/><V0/><F3/><W127/><G127/><T51/><D39/><U132/><E132/><V37/><F0/><W93/><G42/><T75/><D51/><U67/><E67/><V98/><F37/><W5/><G93/><T24/><D66/><U63/><E63/><V9/><F119/><W46/><REACH who="3" step="1"/><G81/><REACH who="3" ten="224,589,130,37" step="2"/><N who="0" m="45215" /><D43/><U92/><E92/><V27/><F74/><W82/><G82/><T121/><D40/><U2/><E2/><AGARI ba="1,2" hai="2,5,8,14,15,18,22,25,46,49,55,79,80,87" machi="2" ten="30,7700,0" yaku="1,1,7,1,52,1,53,1" doraHai="45" doraHaiUra="73" who="3" fromWho="1" sc="224,0,589,-80,130,0,37,100" /><INIT seed="6,0,0,4,4,26" ten="224,509,130,137" oya="2" hai0="107,79,81,32,10,68,132,36,61,22,102,121,29" hai1="34,115,82,24,60,47,71,114,43,40,25,128,50" hai2="48,44,86,127,117,15,126,90,120,38,103,30,109" hai3="125,21,57,23,54,95,100,96,131,58,75,76,59"/><V39/><F120/><W119/><G119/><T98/><D22/><U9/><E128/><V27/><F117/><W84/><G131/><T56/><D121/><U55/><E9/><V70/><F109/><W104/><G125/><N who="2" m="47625" /><F70/><W35/><G35/><T4/><D132/><U88/><E25/><V31/><F103/><W105/><G105/><T16/><D16/><U69/><E24/><V77/><F77/><W129/><G129/><T74/><D36/><N who="2" m="13866" /><F15/><W92/><G75/><T33/><D29/><N who="2" m="10762" /><F27/><W91/><G104/><T17/><D68/><U118/><E69/><V65/><F65/><W28/><G76/><T73/><D73/><U134/><E71/><V67/><F67/><W124/><G124/><T5/><D33/><U3/><E34/><V85/><F90/><W72/><G72/><T135/><D32/><U122/><E88/><V106/><F106/><W11/><G11/><T18/><D135/><U62/><E134/><V78/><F78/><W130/><G130/><T46/><D74/><U7/><E122/><V0/><F0/><W41/><G41/><AGARI ba="0,0" hai="41,44,48,85,86" m="10762,13866,47625" machi="41" ten="30,11600,0" yaku="18,1,52,3" doraHai="26" who="2" fromWho="3" sc="224,0,509,0,130,116,137,-116" /><INIT seed="6,1,0,4,3,71" ten="224,509,246,21" oya="2" hai0="123,125,93,110,21,111,57,97,30,7,74,29,69" hai1="46,98,38,62,16,12,18,1,43,133,58,91,17" hai2="129,80,47,117,73,34,14,4,55,35,26,31,78" hai3="113,45,77,116,106,59,37,42,132,79,107,40,10"/><V19/><F129/><W75/><G116/><T105/><D105/><U126/><E1/><V135/><F135/><W99/><G132/><T127/><D69/><U33/><E126/><N who="0" m="48137" /><D123/><U5/><E33/><V72/><F35/><W0/><G113/><T24/><D74/><U36/><E36/><V25/><F25/><W130/><G130/><T51/><D7/><U65/><E5/><V112/><F112/><W109/><G109/><T70/><D70/><U134/><E134/><V101/><F101/><W44/><G75/><T121/><D29/><U94/><REACH who="1" step="1"/><E133/><REACH who="1" ten="224,499,246,21" step="2"/><V85/><F4/><W8/><G99/><T60/><D121/><U84/><E84/><V67/><F73/><W20/><G20/><AGARI ba="1,1" hai="12,16,17,18,20,38,43,46,58,62,65,91,94,98" machi="20" ten="30,7700,0" yaku="1,1,7,1,52,1,54,1,53,0" doraHai="71" doraHaiUra="66" who="1" fromWho="3" sc="224,0,499,90,246,0,21,-80" owari="224,-18.0,589,69.0,246,5.0,-59,-56.0" /></mjloggm>