<mjloggm ver="2.3"><GO type="169" lobby="0"/><UN n0="%EF%BD%9E%E9%9A%BC%EF%BD%9E" n1="%73%65%61%73%75%69" n2="%E3%82%BF%E3%83%8A%E3%82%AE" n3="%E3%83%A9%E3%83%A0%E3%83%80%E3%81%95%E3%82%93" dan="17,17,18,16" rate="2193.08,2102.77,2193.86,2103.41" sx="M,M,M,M"/><TAIKYOKU oya="0"/><INIT seed="0,0,0,3,2,66" ten="250,250,250,250" oya="0" hai0="76,129,105,22,112,36,40,52,123,38,100,127,104" hai1="131,107,79,115,65,128,42,77,134,90,101,84,109" hai2="15,58,103,59,86,85,133,119,35,118,26,125,37" hai3="117,75,74,13,120,132,17,48,122,102,21,47,19"/><T87/><D112/><U20/><E42/><V82/><F37/><W0/><G117/><N who="2" m="44553" /><F103/><W70/><G0/><T124/><D123/><N who="3" m="47145" /><G132/><T23/><D129/><N who="1" m="49739" /><E65/><V97/><F133/><W83/><G102/><T3/><D3/><U95/><E20/><N who="0" m="7721" /><D52/><U25/><E25/><V69/><F97/><W12/><G83/><N who="0" m="47591" /><D100/><U88/><E115/><V2/><F2/><W78/><G78/><N who="1" m="29706" /><E134/><V45/><F125/><N who="0" m="48202" /><D40/><U110/><E90/><V27/><F59/><W7/><G74/><T80/><D80/><U5/><E5/><V99/><F58/><W71/><G75/><T57/><D57/><U98/><AGARI ba="0,0" hai="84,88,95,98,101,107,109,110" m="29706,49739" machi="98" ten="40,8000,1" yaku="19,1,34,2,54,1" doraHai="66" who="1" fromWho="1" sc="250,-40,250,80,250,-20,250,-20" /><INIT seed="1,0,0,5,0,27" ten="210,330,230,230" oya="1" hai0="44,31,53,114,38,80,70,105,23,54,112,13,116" hai1="74,129,119,133,46,55,72,9,17,59,98,28,82" hai2="106,125,73,0,104,12,33,25,51,90,26,16,41" hai3="99,29,30,91,57,83,39,37,34,101,42,92,45"/><U88/><E119/><V86/><F0/><W58/><G39/><T15/><D116/><U84/><E133/><V118/><F118/><W14/><G34/><T5/><D105/><U78/><E129/><V35/><F73/><W63/><G58/><T22/><D70/><U18/><E46/><V66/><F125/><W68/><G68/><T135/><D135/><U48/><E28/><V100/><F66/><W127/><G127/><T117/><D117/><U110/><E110/><V50/><F35/><W87/><REACH who="3" step="1"/><G14/><REACH who="3" ten="210,330,230,220" step="2"/><T89/><D38/><U52/><E55/><AGARI ba="0,1" hai="29,30,37,42,45,55,57,63,83,87,91,92,99,101" machi="55" ten="30,12000,2" yaku="1,1,2,1,7,1,52,2,53,2" doraHai="27" doraHaiUra="24" who="3" fromWho="1" sc="210,0,330,-120,230,0,220,130" /><INIT seed="2,0,0,2,2,134" ten="210,210,230,350" oya="2" hai0="120,113,10,127,82,83,77,41,107,65,92,18,4" hai1="24,32,124,129,21,66,79,109,50,27,2,67,3" hai2="29,52,95,81,130,61,86,90,75,85,42,57,0" hai3="99,98,17,116,80,97,12,11,55,40,7,45,78"/><V56/><F130/><W76/><G116/><T91/><D107/><U25/><E79/><V122/><F122/><W96/><G96/><T38/><D113/><U59/><E109/><V51/><F75/><W6/><G55/><T30/><D65/><U88/><E32/><V62/><F0/><W71/><G71/><T13/><D30/><U16/><E129/><V44/><F29/><W54/><G54/><T100/><D100/><U46/><E124/><V117/><F117/><W111/><G111/><T131/><D127/><U69/><E69/><V132/><F132/><W14/><G80/><T37/><D120/><U108/><E108/><V110/><F110/><W64/><G64/><T103/><D103/><U22/><E3/><V33/><F33/><W43/><G43/><T106/><D106/><U115/><E2/><V133/><F133/><W101/><G101/><T53/><D53/><N who="1" m="29911" /><E115/><V9/><F9/><W58/><G58/><T93/><D38/><U128/><E128/><V20/><F20/><W74/><G74/><T48/><D37/><U135/><E135/><V35/><F35/><W68/><G68/><T94/><D131/><U125/><E125/><V1/><F1/><W23/><REACH who="3" step="1"/><G7/><REACH who="3" ten="210,210,230,340" step="2"/><T5/><D5/><U73/><E73/><V87/><F81/><W31/><G31/><T47/><D4/><U105/><E66/><AGARI ba="0,1" hai="42,44,51,52,56,57,61,62,66,85,86,87,90,95" machi="66" ten="30,5800,0" yaku="7,1,8,1,54,1" doraHai="134" who="2" fromWho="1" sc="210,0,210,-58,230,68,340,0" /><INIT seed="2,1,0,0,4,14" ten="210,152,298,340" oya="2" hai0="49,13,25,58,35,50,105,128,64,31,37,56,82" hai1="17,132,85,130,32,66,67,40,36,111,9,102,87" hai2="18,21,59,22,75,1,3,60,33,89,98,91,96" hai3="110,80,88,79,74,28,5,20,54,2,94,95,112"/><V106/><F33/><W77/><G112/><T122/><D37/><U51/><E32/><V69/><F69/><W119/><G110/><T34/><D122/><U38/><E111/><V24/><F75/><W129/><G119/><T47/><D128/><U23/><E130/><V120/><F120/><W121/><G129/><T101/><D35/><U134/><E102/><V0/><F22/><W8/><G121/><T127/><D127/><U52/><E9/><V12/><F12/><W26/><G77/><T84/><D50/><U115/><E115/><V41/><F41/><W81/><REACH who="3" step="1"/><G54/><REACH who="3" ten="210,152,298,330" step="2"/><T16/><D64/><U113/><E113/><V7/><F0/><W11/><G11/><T61/><D105/><U117/><E117/><V116/><F116/><W126/><G126/><T29/><D101/><U125/><E125/><V45/><F1/><W46/><G46/><T4/><D47/><N who="1" m="27775" /><E66/><V42/><F106/><W30/><G30/><T10/><D31/><U86/><E67/><V72/><F45/><W71/><G71/><T107/><D107/><U124/><E124/><V92/><F3/><W57/><G57/><T27/><D29/><U44/><E38/><V48/><F59/><W73/><G73/><T90/><D58/><U70/><E70/><V6/><F72/><W93/><G93/><T83/><D56/><U19/><E134/><V133/><F133/><W78/><G78/><T62/><D62/><U118/><E132/><V108/><F60/><W76/><G76/><T109/><D61/><U135/><E135/><V114/><F114/><W68/><G68/><T15/><D109/><RYUUKYOKU ba="1,1" sc="210,-10,152,-10,298,-10,330,30" hai3="2,5,8,20,26,28,74,79,80,81,88,94,95" /><INIT seed="3,2,1,4,0,21" ten="200,142,288,360" oya="3" hai0="32,92,72,58,39,33,20,15,99,118,114,98,94" hai1="23,11,26,124,43,64,90,68,83,81,12,110,111" hai2="60,131,84,126,37,89,113,115,67,18,102,50,109" hai3="10,5,80,52,41,7,34,63,97,24,25,108,59"/><W76/><G108/><N who="1" m="41514" /><E124/><V93/><F37/><W125/><G125/><T120/><D118/><U117/><E117/><V91/><F126/><W127/><G127/><T82/><D120/><U135/><E135/><V105/><F109/><W9/><G34/><T47/><D114/><U36/><E36/><V95/><F50/><W73/><G41/><T55/><D47/><U66/><E43/><V134/><F134/><W78/><G78/><T74/><D39/><U79/><E90/><V2/><F2/><W28/><G28/><T31/><D32/><U119/><E119/><V87/><F131/><W85/><G73/><T69/><D69/><U100/><E100/><V29/><F29/><W112/><G112/><T104/><D33/><U17/><E68/><V0/><F0/><W122/><G122/><T8/><D104/><U54/><E54/><V48/><F48/><W19/><G19/><T30/><D74/><N who="1" m="43255" /><E83/><V128/><F128/><W42/><G42/><T44/><D82/><U45/><E45/><V53/><F53/><W13/><G97/><N who="0" m="36875" /><D44/><U130/><E130/><V51/><F115/><W62/><G62/><N who="0" m="36191" /><D72/><U132/><E132/><V22/><F113/><W133/><G133/><T3/><D3/><AGARI ba="2,1" hai="3,5,7,9,10,13,24,25,52,59,63,76,80,85" machi="3" ten="30,11600,0" yaku="7,1,52,2,54,1" doraHai="21" who="3" fromWho="0" sc="200,-122,142,0,288,0,360,132" /><INIT seed="3,3,0,0,5,30" ten="78,142,288,492" oya="3" hai0="6,14,57,52,112,121,130,115,84,106,48,126,47" hai1="1,89,66,109,61,79,5,133,102,31,113,28,73" hai2="37,62,71,74,63,15,20,85,33,13,58,117,86" hai3="101,26,82,50,54,36,118,122,123,40,49,132,135"/><W110/><G101/><T51/><D121/><N who="3" m="46089" /><G82/><T10/><D126/><U59/><E113/><V116/><F20/><W18/><G18/><T95/><D130/><U12/><E133/><N who="3" m="51274" /><G26/><T92/><D106/><U43/><E43/><V90/><F58/><W108/><G118/><T127/><D127/><U42/><E109/><N who="3" m="42090" /><G54/><T9/><D9/><U77/><E102/><V124/><F116/><W75/><G75/><T91/><REACH who="0" step="1"/><D92/><REACH who="0" ten="68,142,288,492" step="2"/><U93/><E93/><V22/><F117/><W78/><G78/><T2/><D2/><U111/><E1/><V46/><F124/><W67/><G67/><T94/><D94/><U69/><E66/><V56/><F74/><W27/><G27/><T38/><D38/><U3/><E73/><V99/><F37/><W100/><G100/><T53/><AGARI ba="3,1" hai="6,10,14,47,48,51,52,53,57,84,91,95,112,115" machi="53" ten="30,7900,0" yaku="1,1,0,1,54,1,53,1" doraHai="30" doraHaiUra="4" who="0" fromWho="0" sc="68,98,142,-23,288,-23,492,-42" /><INIT seed="4,0,0,4,3,30" ten="166,119,265,450" oya="0" hai0="85,18,25,95,110,68,108,21,46,72,104,51,130" hai1="39,76,112,120,31,126,92,102,27,93,58,125,45" hai2="123,49,63,28,134,8,131,87,117,105,56,6,89" hai3="11,1,9,100,16,115,71,50,7,84,113,53,106"/><T19/><D104/><U65/><E120/><V14/><F123/><W122/><G122/><T70/><D72/><U111/><E111/><N who="0" m="42537" /><D130/><U54/><E76/><V61/><F131/><W44/><G71/><N who="0" m="27179" /><D95/><U79/><E79/><V66/><F105/><W13/><REACH who="3" step="1"/><G84/><REACH who="3" ten="166,119,265,440" step="2"/><T74/><D85/><U129/><E129/><V57/><F87/><W36/><G36/><T90/><D74/><U69/><E39/><V15/><F117/><W32/><G32/><T47/><D90/><U2/><E125/><V3/><F89/><W26/><G26/><T124/><D124/><U97/><E126/><V55/><F134/><W38/><G38/><T0/><D0/><U81/><E27/><V64/><F28/><W135/><G135/><T83/><D83/><U121/><E31/><V107/><F107/><W86/><G86/><T132/><D132/><U22/><E121/><V96/><F96/><AGARI ba="0,1" hai="1,7,9,11,13,16,44,50,53,96,100,106,113,115" machi="96" ten="40,2600,0" yaku="1,1,54,1,53,0" doraHai="30" doraHaiUra="24" who="3" fromWho="2" sc="166,0,119,0,265,-26,440,36" /><INIT seed="5,0,0,1,0,92" ten="166,119,239,476" oya="1" hai0="72,94,125,0,1,57,80,71,95,26,22,74,91" hai1="59,58,16,86,63,114,61,53,40,51,35,44,3" hai2="83,106,93,102,70,77,21,27,79,9,107,120,67" hai3="118,132,129,126,99,23,110,41,128,36,39,8,12"/><U32/><E3/><V65/><F120/><W38/><G110/><T103/><D71/><U37/><E114/><V25/><F9/><W43/><G132/><T66/><D125/><U69/><E86/><V75/><F77/><W54/><G23/><T112/><D72/><U33/><E69/><V109/><F109/><W134/><G134/><T105/><D112/><U2/><E2/><V18/><F27/><W13/><G54/><T6/><D6/><U111/><E111/><V55/><F93/><W19/><G13/><T115/><D105/><U98/><E59/><V46/><F65/><W7/><G7/><T81/><D74/><U116/><E116/><V68/><F68/><W31/><G31/><N who="0" m="17879" /><D0/><U28/><E28/><V45/><F55/><W11/><G11/><T104/><D104/><U47/><E47/><V130/><F107/><W97/><G126/><T101/><D1/><U17/><REACH who="1" step="1"/><E98/><REACH who="1" ten="166,109,239,476" step="2"/><N who="3" m="37386" /><G118/><T29/><D29/><U82/><E82/><V10/><F83/><W135/><G135/><T50/><D81/><U42/><E42/><V123/><F123/><W5/><G43/><T127/><D127/><U113/><E113/><V85/><F70/><W15/><G41/><T87/><D115/><U89/><E89/><V52/><F85/><W108/><G108/><T96/><D80/><U34/><N who="1" m="8192" /><DORA hai="124" /><U24/><E24/><V100/><F25/><W56/><G56/><T20/><D87/><U4/><E4/><V14/><F75/><W117/><G117/><T90/><D57/><U131/><E131/><N who="3" m="50250" /><G5/><T48/><D90/><U64/><E64/><V88/><F67/><RYUUKYOKU ba="0,1" sc="166,-15,109,15,239,-15,476,15" hai1="16,17,37,40,44,51,53,58,61,63" hai3="8,12,15,19,36,38,39" /><INIT seed="5,1,1,4,5,109" ten="151,124,224,491" oya="1" hai0="105,64,27,15,113,77,44,53,116,9,74,104,61" hai1="78,16,66,73,7,55,59,91,71,95,50,39,106" hai2="19,41,18,125,102,63,40,36,30,119,84,48,56" hai3="38,72,103,1,24,82,35,33,98,87,67,46,112"/><U89/><E106/><V114/><F119/><W70/><G72/><T76/><D116/><U12/><E39/><V2/><F2/><W79/><G1/><T86/><D74/><U100/><E7/><V68/><F36/><W110/><G110/><T22/><D104/><U118/><E118/><V49/><F68/><W90/><G90/><T129/><D105/><U122/><E122/><V108/><F108/><W107/><G38/><T13/><D13/><U120/><E120/><V83/><F125/><W37/><G37/><T133/><D133/><U8/><E73/><V43/><F102/><W20/><G46/><T92/><D64/><U96/><REACH who="1" step="1"/><E78/><REACH who="1" ten="151,114,224,491" step="2"/><V58/><F40/><W3/><G79/><T28/><D77/><U80/><E80/><V131/><F41/><W32/><G107/><T34/><D76/><U14/><E14/><V23/><F43/><W99/><G82/><T26/><D15/><U21/><E21/><V29/><F83/><W134/><G20/><T101/><D22/><U25/><E25/><V135/><F23/><W5/><G24/><T45/><D26/><U4/><E4/><V47/><F30/><W124/><G5/><T127/><D28/><U0/><E0/><V128/><F29/><W54/><G3/><T117/><D27/><U11/><E11/><V88/><F18/><W65/><G134/><T132/><D9/><U10/><E10/><V121/><F19/><W111/><G111/><T93/><D132/><U97/><E97/><V31/><F135/><W42/><G99/><T52/><D117/><U130/><E130/><V17/><F131/><RYUUKYOKU ba="1,2" sc="151,-10,114,30,224,-10,491,-10" hai1="8,12,16,50,55,59,66,71,89,91,95,96,100" /><INIT seed="5,2,2,1,0,88" ten="141,144,214,481" oya="1" hai0="7,90,80,20,97,92,1,94,35,111,98,72,9" hai1="99,77,15,76,83,58,89,56,13,36,122,127,5" hai2="47,65,3,113,107,63,133,60,30,100,67,114,79" hai3="33,17,55,66,106,120,75,53,73,108,130,26,24"/><U71/><E71/><V37/><F3/><W31/><G108/><T2/><D35/><U119/><E119/><V118/><F118/><W121/><G106/><T87/><D111/><U115/><E122/><V109/><F109/><W84/><G66/><T96/><D1/><U39/><E127/><V69/><F133/><W12/><G26/><T19/><REACH who="0" step="1"/><D72/><REACH who="0" ten="131,144,214,481" step="2"/><U14/><E115/><V59/><F113/><W10/><G75/><T132/><D132/><U104/><E5/><V103/><F114/><W93/><G73/><T82/><D82/><U4/><E4/><V101/><F107/><W16/><G33/><T62/><D62/><U91/><E104/><V32/><F60/><W50/><G121/><T61/><D61/><U34/><E34/><V49/><F32/><W44/><G120/><T126/><D126/><U57/><E99/><V64/><F67/><W70/><G84/><T116/><D116/><U28/><E28/><V40/><F30/><W54/><G31/><T102/><D102/><U117/><E117/><V51/><F65/><W134/><G134/><T95/><D95/><U43/><E43/><V27/><F40/><W25/><G93/><T128/><D128/><U105/><E105/><V29/><F29/><W42/><G130/><T41/><D41/><U131/><E131/><V23/><F64/><W46/><G42/><T78/><D78/><N who="1" m="30315" /><E83/><V129/><F129/><W68/><G17/><T135/><D135/><U85/><E85/><V6/><F6/><W86/><G86/><T110/><D110/><U8/><E8/><V81/><F81/><W11/><G10/><RYUUKYOKU ba="2,3" sc="131,15,144,15,214,-15,481,-15" hai0="2,7,9,19,20,80,87,90,92,94,96,97,98" hai1="13,14,15,36,39,56,57,58,89,91" /><INIT seed="5,3,3,2,4,78" ten="146,159,199,466" oya="1" hai0="86,127,16,128,37,76,115,19,17,65,45,53,0" hai1="120,1,90,96,75,113,88,27,4,29,132,98,63" hai2="109,111,100,130,69,122,91,95,106,129,103,107,74" hai3="32,50,84,70,62,25,28,87,89,82,114,77,24"/><U56/><E120/><V67/><F69/><W41/><G114/><T7/><D115/><U2/><E113/><V112/><F67/><W33/><G70/><T94/><D128/><N who="2" m="49258" /><F112/><W14/><G62/><T3/><D127/><U48/><E48/><V131/><N who="2" m="49266" /><V133/><DORA hai="6" /><F133/><W59/><G14/><T20/><D65/><U126/><E126/><V31/><F31/><W12/><G12/><T10/><D0/><U121/><E132/><V85/><F74/><W71/><G71/><T116/><D116/><U21/><E121/><V40/><F40/><W99/><G99/><N who="1" m="37930" /><E75/><V93/><F93/><W51/><G41/><T108/><D108/><N who="2" m="41546" /><F122/><W44/><G59/><T18/><D37/><U8/><E2/><V134/><F134/><W43/><G51/><T119/><D119/><U13/><E1/><V9/><F9/><W5/><G50/><T81/><D94/><U46/><E46/><V101/><AGARI ba="3,3" hai="85,91,95,100,101,103,106,107" m="41546,49266" machi="101" ten="50,6400,0" yaku="19,1,34,2" doraHai="78,6" who="2" fromWho="2" sc="146,-19,159,-35,199,103,466,-19" /><INIT seed="6,0,0,5,5,56" ten="127,124,302,447" oya="2" hai0="70,14,21,101,9,46,62,111,96,11,2,128,104" hai1="45,40,126,86,116,37,55,118,35,125,97,71,122" hai2="88,24,41,75,109,50,39,53,80,48,59,115,112" hai3="98,113,17,134,25,110,120,69,77,23,15,31,54"/><V91/><F109/><W131/><G120/><T26/><D111/><U0/><E35/><V95/><F39/><W99/><G69/><T27/><D128/><U8/><E97/><V93/><F24/><W18/><G110/><T123/><D123/><U38/><E86/><V58/><F75/><W124/><G131/><T87/><D87/><U29/><E29/><V68/><F80/><W22/><G134/><T83/><D83/><U84/><E122/><V102/><F102/><W28/><G124/><N who="1" m="47722" /><E71/><V66/><F68/><W90/><G113/><N who="2" m="43593" /><F41/><W73/><G73/><T63/><D70/><U133/><E133/><V12/><F12/><W89/><G77/><T61/><D2/><U60/><E38/><V100/><F100/><W52/><G15/><T81/><D81/><U78/><E78/><V7/><F7/><W49/><G49/><T47/><D27/><AGARI ba="0,0" hai="17,18,22,23,25,27,28,31,52,54,89,90,98,99" machi="27" ten="25,6400,0" yaku="22,2,8,1,54,1" doraHai="56" who="3" fromWho="0" sc="127,-64,124,0,302,0,447,64" /><INIT seed="7,0,0,1,0,19" ten="63,124,302,511" oya="3" hai0="85,84,123,114,95,104,53,76,4,81,21,64,119" hai1="125,109,43,34,65,60,38,87,26,117,101,82,33" hai2="100,15,23,36,20,48,25,7,14,77,55,11,73" hai3="1,133,39,62,66,122,118,13,80,51,56,129,47"/><W102/><G1/><T6/><D119/><U96/><E109/><V128/><F36/><W135/><G102/><T18/><D104/><U74/><E74/><V120/><F128/><W49/><G80/><T42/><D123/><U113/><E117/><V108/><F108/><W35/><G13/><T79/><D114/><U121/><E121/><V52/><F120/><W99/><G99/><T97/><D64/><U106/><E113/><V37/><F37/><W132/><G35/><T72/><D42/><U71/><E125/><V22/><F100/><W54/><G122/><T32/><D32/><U27/><E27/><V111/><F111/><W68/><G118/><T10/><D53/><U131/><E131/><V130/><F130/><W61/><G129/><T0/><D4/><U29/><E34/><V63/><F73/><W17/><G17/><T44/><D44/><U134/><E134/><V75/><F75/><W89/><G89/><T86/><D79/><N who="1" m="46559" /><E38/><V107/><F77/><W105/><G105/><T12/><REACH who="0" step="1"/><D84/><REACH who="0" ten="53,124,302,511" step="2"/><U2/><E43/><AGARI ba="0,1" hai="39,43,47,49,51,54,56,61,62,66,68,132,133,135" machi="43" ten="40,12000,1" yaku="20,1,34,3" doraHai="19" who="3" fromWho="1" sc="53,0,124,-120,302,0,511,130" owari="53,-35.0,4,-50.0,302,10.0,641,75.0" /></mjloggm>