<mjloggm ver="2.3"><GO type="169" lobby="0"/><UN n0="%E9%AB%98%E7%94%BA%E3%83%B4%E3%82%A3%E3%83%B4%E3%82%A3%E3%82%AA%E2%98%86" n1="%68%61%6D%6F%6E" n2="%E3%81%82%E3%81%84%E3%81%82%E3%81%8A%E3%81%84" n3="%E3%83%94%E3%83%A7%E3%83%B3%E5%90%89" dan="16,16,19,17" rate="2093.26,2118.33,2231.20,2138.98" sx="F,M,M,F"/><TAIKYOKU oya="0"/><INIT seed="0,0,0,5,5,63" ten="250,250,250,250" oya="0" hai0="38,41,118,89,102,111,21,121,104,133,14,37,103" hai1="90,45,81,80,27,85,4,32,72,106,1,43,51" hai2="113,98,71,25,29,17,134,112,57,128,114,69,33" hai3="109,55,60,101,91,23,11,28,108,66,20,15,50"/><T5/><D118/><U131/><E106/><V24/><F134/><W64/><G101/><T56/><D121/><U93/><E131/><V34/><F128/><W115/><G115/><T127/><D41/><U76/><E1/><V73/><F73/><W126/><G91/><T30/><D89/><U96/><E4/><V68/><F98/><W84/><G84/><T6/><D127/><U12/><E12/><V74/><F74/><W97/><G60/><T86/><D86/><U107/><E32/><V36/><F36/><W39/><G97/><T70/><D70/><U52/><E27/><V49/><F17/><N who="3" m="8447" /><G39/><T110/><D133/><U44/><E107/><V130/><F130/><W75/><G75/><T58/><D104/><U7/><E7/><V22/><F25/><N who="3" m="16423" /><G23/><T132/><D21/><U92/><REACH who="1" step="1"/><E96/><REACH who="1" ten="250,240,250,250" step="2"/><V3/><F3/><W9/><G9/><T125/><D132/><U13/><E13/><V65/><F34/><W31/><G126/><T42/><D125/><U40/><E40/><V95/><F33/><W117/><G117/><T48/><D42/><U78/><E78/><V82/><F113/><W122/><G122/><T99/><D99/><U105/><E105/><V0/><F112/><W129/><G129/><T79/><D79/><U100/><E100/><V124/><F124/><W119/><G119/><T83/><D6/><U47/><E47/><V77/><F77/><W116/><G116/><T46/><D5/><U61/><E61/><V54/><F114/><W16/><G31/><T8/><D30/><U94/><E94/><V120/><F95/><W2/><G2/><RYUUKYOKU ba="0,1" sc="250,-10,240,30,250,-10,250,-10" hai1="43,44,45,51,52,72,76,80,81,85,90,92,93" /><INIT seed="1,1,1,4,0,45" ten="240,270,240,240" oya="1" hai0="37,111,58,54,103,119,43,49,91,134,83,41,70" hai1="17,88,7,27,15,3,82,84,55,61,53,64,118" hai2="133,96,12,19,32,121,50,85,74,77,86,113,47" hai3="48,115,57,100,66,112,132,90,16,124,5,52,117"/><U33/><E118/><V80/><F121/><W104/><G117/><T76/><D70/><U122/><E122/><V63/><F32/><W62/><G124/><T10/><D119/><U2/><E2/><V56/><F96/><W93/><G132/><T1/><D111/><U107/><E107/><V75/><F75/><W25/><G5/><T30/><D103/><U9/><E27/><V40/><F133/><W8/><G100/><T18/><D91/><U39/><E39/><V97/><F97/><W11/><G104/><T36/><D30/><U94/><E33/><V51/><F113/><W20/><G115/><T130/><D130/><U114/><E82/><V22/><REACH who="2" step="1"/><F51/><REACH who="2" ten="240,270,230,240" step="2"/><W65/><G112/><T69/><D134/><U109/><E114/><V78/><F78/><W126/><G126/><T127/><D127/><U67/><E109/><V46/><F46/><N who="3" m="27671" /><G66/><AGARI ba="1,2" hai="12,19,22,40,47,50,56,63,66,74,77,80,85,86" machi="66" ten="30,3900,0" yaku="1,1,7,1,52,1,53,0" doraHai="45" doraHaiUra="108" who="2" fromWho="3" sc="240,0,270,0,230,62,240,-42" /><INIT seed="2,0,0,0,2,12" ten="240,270,292,198" oya="2" hai0="3,87,75,37,21,65,115,35,13,107,90,7,119" hai1="29,31,44,78,45,50,59,28,86,46,30,39,68" hai2="18,67,104,123,133,80,64,8,25,58,11,14,72" hai3="116,69,43,118,94,128,79,130,134,41,121,42,32"/><V111/><F104/><W125/><G32/><T4/><D75/><U132/><E68/><V15/><F123/><W19/><G121/><T103/><D35/><U114/><E114/><V51/><F133/><W17/><G134/><T91/><D37/><U38/><E132/><V110/><F25/><W53/><G69/><T63/><D115/><U40/><E39/><V2/><F2/><W49/><G79/><T20/><D3/><U47/><E59/><V102/><F102/><W62/><G94/><T124/><D124/><U5/><E5/><V10/><F10/><W100/><G62/><T112/><D112/><U6/><E6/><V83/><F51/><W33/><G33/><T95/><D91/><U61/><E61/><N who="2" m="37943" /><F67/><W55/><G100/><T106/><D119/><N who="3" m="45609" /><G125/><T108/><D107/><U135/><E135/><V70/><F72/><W23/><G23/><T66/><D21/><U27/><E38/><V24/><F24/><W89/><G89/><T9/><D103/><U60/><E60/><V85/><F85/><W77/><G77/><T93/><D106/><U34/><E86/><V57/><F57/><N who="3" m="32943" /><G55/><T56/><D65/><U26/><E78/><V98/><F98/><W97/><G97/><T96/><D96/><U120/><E120/><V81/><F70/><W1/><G1/><T129/><D66/><U126/><E126/><V0/><F0/><W22/><G22/><T99/><D99/><U76/><E76/><V52/><F52/><W74/><G74/><T109/><D63/><U113/><E113/><V84/><F84/><W54/><G54/><T131/><D87/><RYUUKYOKU ba="0,0" sc="240,-30,270,10,292,10,198,10" hai1="26,27,28,29,30,31,34,40,44,45,46,47,50" hai2="8,11,14,15,18,80,81,83,110,111" hai3="17,19,41,42,43,128,130" /><INIT seed="2,1,0,4,3,31" ten="210,280,302,208" oya="2" hai0="60,66,49,106,96,54,26,116,23,115,130,127,62" hai1="134,107,104,113,57,86,27,25,42,24,63,40,55" hai2="19,109,6,38,108,2,120,15,20,82,5,97,93" hai3="89,46,47,45,92,77,112,72,56,44,111,70,33"/><V50/><F38/><W131/><G70/><T126/><D115/><U17/><E113/><V16/><F120/><W118/><G112/><T34/><D130/><U0/><E0/><V22/><F82/><W52/><G131/><T41/><D41/><N who="1" m="15979" /><E107/><V1/><F50/><W114/><G114/><T39/><D39/><U129/><E104/><V53/><F53/><W125/><G118/><T101/><D116/><U102/><E102/><V90/><F2/><W43/><G43/><T51/><D60/><U11/><E134/><V81/><F81/><W128/><G128/><T78/><D78/><U65/><E86/><V35/><F35/><W71/><G71/><N who="0" m="42455" /><D23/><U4/><E4/><V123/><F123/><W29/><G111/><N who="2" m="42569" /><F1/><W67/><G77/><T105/><D105/><U100/><E129/><V61/><F61/><W95/><G72/><T83/><D83/><U13/><E100/><V7/><F7/><W73/><G73/><T133/><D133/><U76/><E76/><V79/><F79/><W12/><G67/><AGARI ba="1,0" hai="11,13,17,24,25,27,55,57,63,65,67" m="15979" machi="67" ten="30,1000,0" yaku="8,1" doraHai="31" who="1" fromWho="3" sc="210,0,280,13,302,0,208,-13" /><INIT seed="3,0,0,5,1,103" ten="210,293,302,195" oya="3" hai0="94,12,52,66,57,100,2,26,112,107,96,47,120" hai1="99,14,38,117,41,111,6,25,8,122,50,104,105" hai2="56,53,19,15,35,86,4,125,123,87,44,131,101" hai3="89,1,108,115,127,40,24,70,59,46,109,42,93"/><W134/><G115/><T37/><D120/><U67/><E122/><V62/><F35/><W114/><G70/><T97/><D2/><U17/><E38/><V31/><F31/><W64/><G114/><T91/><D112/><U11/><E111/><N who="3" m="42570" /><G1/><T79/><D79/><U5/><E117/><V51/><F123/><W77/><G77/><T83/><D83/><U39/><E39/><V63/><F125/><W23/><G127/><T28/><D12/><U20/><E67/><V133/><F133/><W3/><G3/><T116/><D66/><U58/><E11/><V72/><F72/><W13/><G13/><T130/><D130/><U27/><E27/><V113/><F131/><W128/><G128/><T88/><D91/><U102/><E6/><V132/><F4/><W18/><G46/><T129/><D129/><U135/><E135/><V48/><F101/><W32/><G32/><T7/><D7/><U69/><E69/><V82/><F132/><W54/><G64/><T121/><D121/><U9/><E9/><N who="2" m="6639" /><F113/><W73/><G73/><T68/><D68/><U34/><E34/><V22/><F22/><W21/><G21/><T0/><D0/><U45/><REACH who="1" step="1"/><E58/><REACH who="1" ten="210,283,302,195" step="2"/><V80/><F56/><W110/><G134/><T75/><D57/><U61/><E61/><V76/><F63/><N who="3" m="36343" /><G110/><T85/><D116/><U92/><AGARI ba="0,1" hai="5,8,14,17,20,25,41,45,50,92,99,102,104,105" machi="92" ten="20,8000,1" yaku="1,1,0,1,7,1,52,2,53,0" doraHai="103" doraHaiUra="71" who="1" fromWho="1" sc="210,-20,283,90,302,-20,195,-40" /><INIT seed="4,0,0,5,0,134" ten="190,373,282,155" oya="0" hai0="31,13,101,7,114,66,86,28,26,119,91,0,80" hai1="9,133,68,87,79,128,116,53,22,115,25,38,54" hai2="44,129,126,82,135,90,46,121,83,30,52,74,14" hai3="110,35,64,99,1,105,3,33,23,73,125,2,17"/><T36/><D119/><U84/><E68/><V95/><F121/><W29/><G73/><T45/><D0/><U34/><E116/><V59/><F135/><W71/><G110/><T72/><D72/><U62/><E34/><V58/><F30/><W96/><G105/><T60/><D114/><U47/><E133/><V75/><F75/><W56/><G71/><T50/><D36/><U27/><E115/><V117/><F117/><W107/><G107/><T132/><D101/><U37/><E9/><V61/><F129/><W16/><G29/><T76/><D91/><U21/><E62/><V51/><F126/><W106/><G125/><T127/><D127/><U89/><E79/><V6/><F6/><W57/><G106/><T111/><D111/><U19/><E128/><V8/><F74/><W131/><G131/><T5/><D13/><U98/><E98/><N who="3" m="37418" /><G23/><T78/><D132/><U120/><E120/><V15/><F15/><W130/><G64/><T41/><D76/><U67/><E67/><V94/><F82/><W124/><G124/><T109/><D31/><U42/><E38/><V20/><F83/><W70/><G70/><T43/><D109/><U48/><E37/><V49/><F20/><W32/><G130/><T39/><D41/><U85/><E89/><V88/><F94/><W92/><G92/><T18/><D39/><U97/><E97/><N who="2" m="57575" /><F90/><W40/><G40/><T102/><D28/><AGARI ba="0,0" hai="19,21,22,25,27,28,42,47,48,53,54,84,85,87" machi="28" ten="40,1300,0" yaku="8,1" doraHai="134" who="1" fromWho="0" sc="190,-13,373,13,282,0,155,0" /><INIT seed="5,0,0,2,4,110" ten="177,386,282,155" oya="1" hai0="100,22,71,95,93,49,61,6,135,10,111,105,47" hai1="94,21,52,120,0,97,108,109,16,28,107,23,86" hai2="98,50,129,62,17,88,106,103,123,72,7,55,31" hai3="53,19,70,132,8,81,69,25,80,38,78,56,91"/><U68/><E120/><V134/><F72/><W118/><G132/><T84/><D111/><N who="1" m="42571" /><E68/><V119/><F134/><W37/><G118/><T30/><D135/><U27/><E0/><V92/><F119/><W40/><G37/><T24/><D71/><U89/><E52/><V33/><F7/><W124/><G53/><T36/><D36/><U117/><E117/><V42/><F42/><W130/><G40/><T64/><D105/><U99/><E107/><V113/><F62/><W114/><G69/><T59/><D100/><U4/><E4/><V75/><F75/><W116/><G70/><T9/><D84/><U51/><E51/><V44/><F123/><W104/><G38/><T14/><REACH who="0" step="1"/><D10/><REACH who="0" ten="167,386,282,155" step="2"/><U12/><AGARI ba="0,1" hai="12,16,21,23,27,28,86,89,94,97,99" m="42571" machi="12" ten="30,3000,0" yaku="10,1,54,1" doraHai="110" who="1" fromWho="1" sc="167,-10,386,40,282,-10,155,-10" /><INIT seed="5,1,0,5,0,7" ten="157,426,272,145" oya="1" hai0="31,5,9,130,67,43,106,81,49,28,90,3,19" hai1="71,105,131,50,2,88,47,20,99,68,82,29,42" hai2="89,109,26,120,108,22,62,133,12,65,110,48,73" hai3="55,135,95,56,114,32,122,72,58,129,94,38,44"/><U107/><E131/><V21/><F73/><W11/><G122/><T113/><D106/><U74/><E2/><V75/><F75/><W91/><G129/><T76/><D113/><U86/><E74/><V100/><F120/><W34/><G72/><T24/><D67/><U35/><E35/><V13/><F100/><W1/><G114/><T98/><D130/><U64/><E64/><V40/><F22/><W39/><G135/><T111/><D111/><U69/><REACH who="1" step="1"/><E99/><REACH who="1" ten="157,416,272,145" step="2"/><V116/><F65/><W16/><G32/><T63/><D98/><U45/><E45/><V79/><F109/><W117/><G34/><T66/><D66/><U102/><E102/><V57/><F110/><W27/><G1/><T83/><D3/><U96/><E96/><V52/><F108/><W59/><G44/><T37/><D37/><U14/><E14/><V0/><F12/><N who="3" m="7199" /><G38/><T15/><D15/><U121/><E121/><V84/><F13/><W128/><G39/><T41/><D24/><AGARI ba="1,1" hai="20,24,29,42,47,50,68,69,71,82,86,88,105,107" machi="24" ten="40,3900,0" yaku="1,1,54,1,53,0" doraHai="7" doraHaiUra="125" who="1" fromWho="0" sc="157,-42,416,52,272,0,145,0" /><INIT seed="5,2,0,0,4,14" ten="115,468,272,145" oya="1" hai0="73,53,134,128,37,130,69,99,88,124,11,35,12" hai1="61,15,7,119,129,127,24,97,36,131,34,22,71" hai2="39,125,31,66,118,112,17,116,65,55,51,40,64" hai3="59,45,91,2,68,57,19,79,95,83,8,107,94"/><U122/><E122/><V41/><F31/><W104/><G68/><T132/><D35/><U90/><E119/><V42/><F17/><W96/><G45/><T93/><D73/><U78/><E36/><V33/><F33/><W101/><G95/><T103/><D69/><U56/><E71/><V67/><F125/><W60/><G101/><T38/><D53/><U29/><E127/><V77/><F77/><W86/><G57/><T28/><D28/><U109/><E109/><V3/><F3/><W48/><G48/><T121/><D124/><U70/><E70/><V43/><F112/><W123/><G123/><T30/><D30/><U21/><E78/><V114/><F114/><W87/><G87/><T13/><D103/><U102/><E90/><V126/><F65/><W47/><G47/><T106/><D106/><U115/><E115/><V76/><F76/><W4/><G19/><N who="0" m="8607" /><D13/><U9/><E22/><V27/><F27/><W74/><G74/><T92/><D92/><N who="1" m="58663" /><E34/><V133/><F126/><W100/><G100/><T5/><D5/><U85/><E85/><V20/><F20/><W10/><G10/><T46/><D121/><U105/><E105/><V18/><F40/><W111/><G111/><T75/><D75/><U63/><BYE who="0" /><E63/><UN n0="%E9%AB%98%E7%94%BA%E3%83%B4%E3%82%A3%E3%83%B4%E3%82%A3%E3%82%AA%E2%98%86" /><V84/><F39/><N who="0" m="14858" /><D46/><U52/><E52/><AGARI ba="2,0" hai="2,4,8,52,59,60,79,83,86,91,94,96,104,107" machi="52" ten="30,2000,0" yaku="7,1,54,1" doraHai="14" who="3" fromWho="1" sc="115,0,468,-26,272,0,145,26" /><INIT seed="6,0,0,1,3,103" ten="115,442,272,171" oya="2" hai0="48,69,41,135,113,120,127,50,32,7,10,46,100" hai1="106,94,70,62,22,95,114,102,4,35,14,96,25" hai2="111,98,34,61,36,131,64,26,130,71,5,52,53" hai3="92,83,67,11,72,57,86,107,119,55,45,33,9"/><V99/><F36/><W16/><G107/><T87/><D120/><U81/><E114/><V29/><F5/><W54/><G33/><T58/><D32/><U104/><E104/><V39/><F39/><W51/><G67/><T59/><D69/><U3/><E3/><V121/><F121/><W30/><G30/><T31/><D127/><U49/><E49/><V110/><F98/><W12/><G72/><T133/><D113/><U8/><E81/><V60/><F99/><W1/><G92/><T68/><D31/><N who="1" m="19951" /><E22/><V126/><F126/><W80/><G119/><T23/><D23/><U73/><E73/><V118/><F118/><W43/><G55/><N who="2" m="21065" /><F61/><W17/><G86/><T38/><D87/><U134/><E134/><N who="0" m="51209" /><D100/><U122/><E122/><V115/><F115/><W79/><G79/><T21/><D21/><U108/><E108/><AGARI ba="0,0" hai="26,29,34,60,64,71,108,110,111,130,131" m="21065" machi="108" ten="30,2900,0" yaku="10,1,54,1" doraHai="103" who="2" fromWho="1" sc="115,0,442,-29,272,29,171,0" /><INIT seed="6,1,0,3,3,102" ten="115,413,301,171" oya="2" hai0="111,9,29,56,83,77,104,119,69,128,13,125,5" hai1="16,97,43,28,25,76,53,18,109,116,8,61,54" hai2="10,95,42,15,131,81,89,1,65,135,44,94,120" hai3="45,121,124,93,101,85,30,37,105,86,21,73,126"/><V118/><F120/><W79/><G30/><T91/><D111/><U129/><E109/><V40/><F118/><W107/><G21/><T70/><D119/><U48/><E116/><V22/><F1/><W35/><G35/><T39/><D39/><U99/><E129/><V33/><F33/><W117/><G117/><T115/><D115/><U14/><E43/><V87/><F131/><W24/><G24/><T31/><D128/><U84/><E18/><V17/><F65/><W98/><G121/><T34/><D125/><N who="3" m="48233" /><G45/><T41/><D41/><U3/><E3/><V67/><F67/><W49/><G49/><T55/><D91/><U46/><E61/><V82/><F135/><W110/><G37/><T132/><D132/><U2/><E54/><V11/><F42/><W27/><G27/><T19/><D19/><U106/><E2/><V50/><F94/><W74/><G110/><T60/><D104/><N who="3" m="40009" /><G79/><T103/><D103/><U51/><E106/><V112/><F112/><W32/><G32/><T90/><D77/><U63/><E51/><V57/><F57/><W66/><G66/><T0/><D34/><U100/><E100/><V127/><F127/><W23/><G23/><T80/><D31/><U6/><E28/><V123/><F123/><W62/><G62/><T68/><D29/><U59/><E63/><V12/><REACH who="2" step="1"/><F22/><REACH who="2" ten="115,413,291,171" step="2"/><W20/><G20/><T96/><D0/><U64/><E64/><V113/><F113/><W134/><G134/><T52/><REACH who="0" step="1"/><D55/><REACH who="0" ten="105,413,291,171" step="2"/><U133/><E53/><V130/><F130/><W58/><G58/><T72/><D72/><AGARI ba="1,2" hai="72,73,74,85,86,93,98,101" m="40009,48233" machi="72" ten="40,12000,2" yaku="18,1,34,2,52,3" doraHai="102" who="3" fromWho="0" sc="105,-123,413,0,291,0,171,143" owari="-18,-52.0,413,52.0,291,-11.0,314,11.0" /></mjloggm>