<mjloggm ver="2.3"><GO type="169" lobby="0"/><UN n0="%E3%81%BE%E3%81%8A%E3%82%89%E3%82%93" n1="%E3%83%A1%E3%82%AB%E3%82%BC%E3%83%83%E3%83%88%E3%83%B3" n2="%E8%92%BC%E9%B4%89" n3="%E9%8A%80%E8%9E%8D%E6%A9%9F%E9%96%A2" dan="17,16,16,16" rate="2176.69,2131.13,2105.93,2100.91" sx="F,M,M,M"/><TAIKYOKU oya="0"/><INIT seed="0,0,0,2,5,22" ten="250,250,250,250" oya="0" hai0="110,24,23,118,90,72,119,135,13,130,132,53,75" hai1="20,96,43,69,2,78,59,87,17,133,16,101,57" hai2="134,45,3,99,64,8,32,85,33,91,83,112,104" hai3="52,126,80,92,77,37,1,94,38,103,12,50,117"/><T93/><D13/><U122/><E69/><V51/><F134/><N who="0" m="51242" /><D53/><U88/><E2/><V31/><F112/><W34/><G1/><T124/><D110/><U73/><E133/><V129/><F129/><W98/><G117/><N who="0" m="44555" /><D130/><U71/><E71/><V131/><F131/><W89/><G34/><T25/><D124/><U4/><E4/><V30/><F64/><W95/><G126/><T11/><D11/><U62/><E43/><V82/><F82/><W54/><G12/><T18/><D25/><N who="1" m="14471" /><E122/><V67/><F67/><W120/><G120/><T97/><AGARI ba="0,0" hai="18,23,24,72,75,90,93,97" m="44555,51242" machi="97" ten="30,3000,0" yaku="20,1,52,1" doraHai="22" who="0" fromWho="0" sc="250,30,250,-10,250,-10,250,-10" /><INIT seed="0,1,0,5,4,63" ten="280,240,240,240" oya="0" hai0="118,12,35,75,46,54,9,81,6,42,130,15,84" hai1="68,111,114,41,34,1,108,133,38,101,64,24,10" hai2="50,110,18,127,124,77,117,17,102,62,3,58,80" hai3="106,60,82,113,79,128,115,52,33,5,91,121,23"/><T131/><D75/><U59/><E68/><V22/><F3/><W125/><G33/><T67/><D54/><U98/><E133/><V49/><F102/><W126/><G106/><T61/><D35/><U19/><E114/><V132/><F110/><N who="1" m="42025" /><E41/><V85/><F117/><W99/><G5/><T30/><D30/><U36/><E1/><V65/><F132/><W66/><G128/><N who="0" m="49195" /><D9/><U90/><E90/><V45/><F50/><W69/><G121/><T103/><D103/><U40/><E40/><V72/><F72/><W32/><G32/><T2/><D6/><U86/><E86/><V11/><F11/><W120/><G120/><T100/><D100/><U0/><E0/><V4/><F4/><W92/><G23/><T78/><D2/><U112/><E112/><V71/><F71/><W39/><G39/><N who="0" m="21855" /><D118/><U129/><E129/><V57/><F22/><W88/><G91/><T74/><D84/><U44/><E44/><V73/><F73/><W56/><G115/><T123/><D123/><U21/><E10/><V43/><REACH who="2" step="1"/><F57/><AGARI ba="1,0" hai="12,15,57,61,67,74,78,81" m="21855,49195" machi="57" ten="30,2900,0" yaku="19,1,52,1" doraHai="63" who="0" fromWho="2" sc="280,32,240,0,240,-32,240,0" /><INIT seed="0,2,0,2,4,128" ten="312,240,208,240" oya="0" hai0="120,90,51,18,60,106,37,67,47,38,94,105,55" hai1="104,12,44,107,124,127,15,63,1,74,70,75,72" hai2="45,7,11,93,80,56,3,4,81,58,20,87,65" hai3="121,32,36,114,116,115,95,8,22,27,111,42,134"/><T39/><D18/><U49/><E1/><V122/><F122/><W29/><G116/><T50/><D50/><U6/><E63/><V118/><F118/><W102/><G121/><T79/><D79/><U76/><E70/><V113/><F113/><W46/><G111/><T5/><D5/><U77/><E6/><V69/><F69/><W133/><G8/><T30/><D30/><U25/><E25/><V43/><F4/><W26/><G102/><T91/><D120/><U108/><E108/><V33/><F33/><W130/><G130/><T10/><D10/><U99/><E99/><V110/><F110/><W35/><G95/><T117/><D117/><U61/><E61/><V84/><F93/><W125/><G125/><N who="1" m="48202" /><E49/><V83/><F20/><W85/><G85/><T66/><D66/><U123/><E44/><V40/><F40/><W0/><G0/><T59/><REACH who="0" step="1"/><D91/><REACH who="0" ten="302,240,208,240" step="2"/><U135/><E123/><V126/><F126/><W89/><G89/><T71/><D71/><U34/><E77/><V57/><REACH who="2" step="1"/><F65/><REACH who="2" ten="302,240,198,240" step="2"/><W97/><G115/><T28/><D28/><U31/><E31/><V14/><F14/><W131/><G29/><T119/><D119/><U96/><E15/><V62/><F62/><W101/><G114/><T13/><D13/><U21/><E12/><V100/><F100/><W54/><G101/><T73/><D73/><U52/><E72/><V132/><F132/><W16/><G134/><T98/><AGARI ba="2,2" hai="37,38,39,47,51,55,59,60,67,90,94,98,105,106" machi="98" ten="30,3000,0" yaku="1,1,0,1,53,0" doraHai="128" doraHaiUra="2" who="0" fromWho="0" sc="302,56,240,-12,198,-12,240,-12" /><INIT seed="0,3,0,3,4,20" ten="358,228,186,228" oya="0" hai0="88,9,90,41,60,51,126,50,36,78,77,25,62" hai1="63,33,54,17,135,49,125,37,102,85,68,134,73" hai2="53,94,2,111,44,97,86,6,107,89,29,80,65" hai3="91,39,79,118,58,46,76,55,129,110,22,69,116"/><T27/><D36/><U103/><E37/><V10/><F111/><W81/><G110/><T13/><D126/><U35/><E73/><V30/><F107/><W66/><G129/><T99/><D99/><U23/><E125/><V8/><F65/><W67/><G69/><T16/><D60/><U83/><E63/><V57/><F10/><W109/><G109/><T71/><D71/><U5/><E5/><V61/><REACH who="2" step="1"/><F44/><REACH who="2" ten="358,228,176,228" step="2"/><W0/><G46/><N who="0" m="25935" /><D62/><U40/><E135/><V45/><F45/><W34/><G66/><T24/><D51/><U1/><E134/><V124/><F124/><W70/><G67/><T75/><D75/><U108/><E49/><V117/><F117/><W21/><G39/><T47/><D47/><U112/><E108/><V121/><F121/><W114/><G118/><T84/><D90/><AGARI ba="3,1" hai="2,6,8,29,30,53,57,61,80,86,89,90,94,97" machi="90" ten="30,2000,0" yaku="1,1,7,1,53,0" doraHai="20" doraHaiUra="12" who="2" fromWho="0" sc="358,-29,228,0,176,39,228,0" /><INIT seed="1,0,0,4,1,60" ten="329,228,215,228" oya="1" hai0="121,36,10,35,115,119,94,109,30,61,127,8,48" hai1="20,103,58,116,87,83,25,14,79,62,125,39,130" hai2="56,88,81,15,38,29,93,122,1,27,86,72,84" hai3="17,4,66,71,99,73,85,96,52,45,82,59,77"/><U44/><E116/><V106/><F122/><W80/><G4/><T104/><D104/><U105/><E130/><V98/><F1/><W7/><G7/><T24/><D36/><U54/><E125/><V13/><F38/><W41/><G17/><T37/><D37/><U70/><E14/><V101/><F56/><W43/><G43/><T42/><D119/><U46/><E39/><V0/><F0/><W18/><G18/><T22/><D115/><U65/><E103/><V40/><F40/><W78/><G71/><T34/><D34/><U128/><E105/><V19/><F19/><W133/><G133/><T12/><D35/><U129/><E129/><V3/><F3/><W63/><G66/><T32/><D32/><U117/><E117/><V120/><F120/><W50/><AGARI ba="0,0" hai="41,45,50,52,59,63,73,77,78,80,82,85,96,99" machi="50" ten="20,2700,0" yaku="0,1,7,1,54,1" doraHai="60" who="3" fromWho="3" sc="329,-7,228,-13,215,-7,228,27" /><INIT seed="2,0,0,1,4,131" ten="322,215,208,255" oya="2" hai0="1,0,68,35,129,62,7,93,25,18,125,46,22" hai1="91,127,33,133,49,108,10,120,30,107,51,61,110" hai2="100,88,122,56,123,73,41,80,66,38,55,48,14" hai3="65,69,113,90,97,116,28,89,63,31,60,11,58"/><V19/><F100/><W103/><G116/><T86/><D35/><U44/><E107/><V99/><F66/><W50/><G113/><T87/><D129/><U4/><E127/><V17/><F73/><W3/><G50/><T32/><D46/><U2/><E120/><V6/><F6/><W21/><G3/><T40/><D40/><U81/><E61/><V43/><F19/><W24/><G11/><T101/><D32/><U135/><E30/><V130/><F130/><W16/><G31/><T124/><D62/><U95/><E81/><V77/><F77/><W23/><G69/><T8/><D1/><U27/><E27/><V64/><F64/><W121/><G63/><T94/><D68/><U72/><E72/><V26/><F26/><W96/><G121/><T67/><D67/><U13/><E33/><V118/><F118/><W75/><G75/><T42/><D42/><N who="1" m="24727" /><E51/><V134/><F122/><W85/><G85/><N who="0" m="32267" /><D101/><U34/><E34/><V59/><F123/><W74/><G74/><T83/><D83/><U114/><E114/><V112/><F112/><W128/><G128/><T117/><D117/><U102/><E102/><V5/><F80/><W36/><G36/><T54/><D54/><U47/><E47/><V104/><F55/><W37/><G37/><T109/><D109/><N who="1" m="42091" /><E2/><V78/><F48/><W79/><G79/><T98/><D94/><U15/><E15/><V9/><F78/><W45/><G45/><T92/><D93/><U111/><N who="1" m="42099" /><U20/><DORA hai="39" /><E20/><V53/><F38/><W29/><G29/><T84/><D98/><AGARI ba="0,0" hai="4,10,13,91,95,98,133,135" m="42099,24727" machi="98" ten="40,8000,1" yaku="14,1,52,3" doraHai="131,39" who="1" fromWho="0" sc="322,-80,215,80,208,0,255,0" /><INIT seed="3,0,0,3,0,37" ten="242,295,208,255" oya="3" hai0="23,117,9,6,97,67,35,43,4,130,121,34,66" hai1="115,54,133,104,116,93,91,31,13,56,15,131,120" hai2="30,84,81,28,87,127,73,17,110,39,5,44,22" hai3="53,108,106,21,79,47,98,132,55,95,92,65,128"/><W42/><G65/><T74/><D74/><U38/><E104/><V99/><F110/><W102/><G108/><T12/><D121/><U25/><E115/><V11/><F127/><W1/><G1/><T126/><D6/><U109/><E109/><V36/><F73/><W76/><G132/><T77/><D77/><U57/><E120/><V88/><F99/><W58/><G128/><T59/><D130/><U90/><E131/><V113/><F113/><W46/><G106/><T100/><D67/><U51/><E38/><V29/><F87/><W85/><G21/><T18/><D117/><U27/><E133/><V10/><F44/><W89/><G47/><T86/><D86/><U40/><E116/><V107/><F11/><W122/><G122/><T26/><D126/><U124/><E124/><V52/><F52/><N who="3" m="20043" /><G58/><T71/><D59/><U103/><E57/><V64/><F64/><W96/><G85/><T19/><D66/><U112/><E56/><V105/><F105/><W2/><G2/><T125/><D71/><U69/><E69/><V20/><F20/><W3/><G3/><T50/><D125/><U49/><E112/><V119/><F107/><W78/><G46/><N who="0" m="25951" /><D35/><U123/><E123/><V32/><F32/><W82/><G82/><T8/><D34/><U68/><E68/><V111/><F111/><W16/><G16/><N who="0" m="6187" /><D9/><U61/><E49/><V33/><F33/><W135/><G135/><T80/><D80/><U118/><E51/><V63/><F119/><W94/><G95/><N who="0" m="58431" /><D23/><U70/><E118/><V101/><F22/><W62/><G62/><T24/><AGARI ba="0,0" hai="4,8,12,24,26" m="58431,6187,25951" machi="24" ten="30,7900,0" yaku="5,1,8,1,52,1,54,1" doraHai="37" who="0" fromWho="0" sc="242,79,295,-20,208,-20,255,-39" /><INIT seed="4,0,0,3,5,84" ten="321,275,188,216" oya="0" hai0="72,0,120,105,2,27,112,77,70,122,38,10,89" hai1="12,26,108,63,59,118,78,41,135,54,102,49,67" hai2="134,91,28,76,83,19,119,14,9,66,82,87,113" hai3="126,96,42,58,44,69,13,20,24,4,25,92,37"/><T123/><D70/><U62/><E108/><V43/><F113/><W132/><G69/><T3/><D112/><U80/><E135/><V56/><F134/><W104/><G104/><T6/><D105/><U121/><E121/><V50/><F119/><W109/><G109/><T29/><D38/><U88/><E118/><V47/><F28/><W30/><G132/><T75/><D89/><U57/><E102/><V85/><F56/><W35/><G126/><T79/><D79/><U133/><E133/><V60/><F60/><W73/><G73/><T61/><D61/><U86/><E26/><V31/><F31/><W71/><G71/><T115/><D115/><U124/><E124/><V23/><REACH who="2" step="1"/><F9/><REACH who="2" ten="321,275,178,216" step="2"/><W33/><G58/><T81/><REACH who="0" step="1"/><D75/><REACH who="0" ten="311,275,178,216" step="2"/><U34/><E63/><V45/><F45/><W48/><G44/><T46/><D46/><U116/><E62/><V17/><F17/><W8/><G30/><T5/><D5/><U100/><E116/><V11/><F11/><W129/><G8/><T55/><D55/><U40/><E54/><V16/><F16/><W127/><G127/><T7/><D7/><U125/><E125/><V94/><F94/><W93/><G93/><T32/><AGARI ba="0,2" hai="0,2,3,6,10,27,29,32,72,77,81,120,122,123" machi="32" ten="30,11700,0" yaku="1,1,0,1,23,2,53,0" doraHai="84" doraHaiUra="65" who="0" fromWho="0" sc="311,137,275,-39,178,-39,216,-39" /><INIT seed="4,1,0,2,5,119" ten="448,236,139,177" oya="0" hai0="96,93,94,24,113,47,27,80,82,54,25,65,33" hai1="18,61,4,91,85,107,66,28,9,29,0,108,11" hai2="131,130,34,72,100,104,112,1,15,5,109,103,71" hai3="12,68,21,73,105,114,83,56,53,49,42,14,75"/><T16/><D33/><U126/><E107/><V117/><RYUUKYOKU type="yao9" ba="1,0" sc="448,0,236,0,139,0,177,0" hai2="1,5,15,34,71,72,100,103,104,109,112,117,130,131" /><INIT seed="4,2,0,4,0,24" ten="448,236,139,177" oya="0" hai0="21,63,81,20,53,85,130,113,27,2,96,40,72" hai1="19,86,61,47,10,58,49,114,17,125,34,0,68" hai2="9,106,133,134,35,13,121,93,123,91,109,8,31" hai3="33,16,56,104,30,51,89,60,11,76,46,15,18"/><T42/><D2/><U59/><E68/><V64/><F109/><W94/><G104/><T126/><D72/><U71/><E71/><V82/><F106/><W70/><G70/><T117/><D113/><U69/><E69/><V62/><F82/><W73/><G73/><T131/><D96/><U52/><E34/><V1/><F1/><W6/><G76/><T55/><D21/><U95/><E114/><V101/><F101/><W5/><G5/><T120/><D117/><U87/><E125/><V74/><F74/><W100/><G100/><T99/><D99/><U124/><E124/><V48/><F48/><W4/><G4/><T23/><D23/><U12/><E0/><V80/><F80/><W75/><G75/><T111/><D120/><U67/><E95/><V127/><F127/><W45/><G33/><T14/><D14/><N who="1" m="7383" /><E47/><N who="3" m="17930" /><G51/><T88/><D126/><U129/><E129/><N who="0" m="49161" /><D111/><U135/><E135/><V38/><F123/><W78/><G78/><T36/><D36/><U65/><E65/><V25/><F38/><W83/><G83/><T132/><D132/><N who="2" m="50794" /><F121/><W54/><G30/><N who="0" m="17767" /><D63/><U44/><E44/><V128/><F13/><W103/><G103/><T102/><D102/><U97/><E97/><AGARI ba="2,0" hai="6,11,15,16,18,54,56,60,89,94,97" m="17930" machi="97" ten="30,2000,0" yaku="8,1,54,1" doraHai="24" who="3" fromWho="1" sc="448,0,236,-26,139,0,177,26" /><INIT seed="5,0,0,4,3,75" ten="448,210,139,203" oya="1" hai0="124,102,37,5,113,10,74,108,78,94,49,58,43" hai1="72,80,99,57,73,54,82,34,131,79,36,46,48" hai2="62,1,41,22,14,103,7,26,38,119,92,27,20" hai3="3,121,19,122,115,0,50,114,66,132,6,42,9"/><U47/><E34/><V76/><F119/><W105/><G105/><T15/><D37/><U90/><E131/><V29/><F1/><W53/><G42/><T71/><D71/><U70/><E70/><V24/><F38/><W112/><G0/><T64/><D108/><U68/><E68/><V95/><F41/><W65/><G132/><T130/><D130/><U126/><E126/><V4/><F62/><W8/><G8/><T44/><D124/><U91/><E36/><V11/><F4/><W118/><G19/><T101/><D94/><N who="2" m="35882" /><F103/><W67/><REACH who="3" step="1"/><G118/><REACH who="3" ten="448,210,139,193" step="2"/><T13/><D10/><U129/><E129/><V106/><F106/><W33/><G33/><T93/><D43/><U63/><E99/><V69/><F29/><W85/><G85/><T77/><D74/><U31/><E31/><V96/><F96/><W39/><G39/><T52/><D101/><U25/><E25/><V55/><F26/><W125/><G125/><T97/><D15/><U128/><E128/><V120/><F27/><W45/><AGARI ba="0,1" hai="3,6,9,45,50,53,65,66,67,112,114,115,121,122" machi="45" ten="40,8000,1" yaku="1,1,0,1,15,1,53,1" doraHai="75" doraHaiUra="40" who="3" fromWho="3" sc="448,-20,210,-40,139,-20,193,90" /><INIT seed="6,0,0,0,0,121" ten="428,170,119,283" oya="2" hai0="4,7,30,52,114,48,34,58,66,86,22,68,47" hai1="125,106,70,99,9,11,16,3,131,130,56,49,12" hai2="8,6,39,27,115,31,19,119,69,124,91,129,33" hai3="57,90,25,17,67,59,20,2,78,126,51,45,14"/><V103/><F119/><W92/><G2/><T32/><D68/><U134/><E70/><V95/><F115/><W85/><G126/><T122/><D122/><U98/><E125/><V44/><F124/><W89/><G78/><T1/><D1/><U37/><E37/><V55/><F129/><N who="1" m="49161" /><E106/><V63/><F103/><W26/><G90/><T60/><D34/><U65/><E134/><V54/><F19/><W5/><G67/><T118/><D32/><U38/><E38/><V88/><F69/><W94/><G94/><T43/><D114/><U75/><E75/><V132/><F132/><W76/><G76/><T71/><D118/><U15/><E3/><V40/><F63/><W100/><G100/><T117/><D117/><U64/><E49/><V53/><REACH who="2" step="1"/><F95/><REACH who="2" ten="428,170,109,283" step="2"/><W23/><G5/><T120/><D71/><U105/><E105/><V84/><F84/><W128/><G128/><T81/><D120/><U77/><E99/><V83/><F83/><W18/><REACH who="3" step="1"/><G14/><AGARI ba="0,1" hai="6,8,14,27,31,33,39,40,44,53,54,55,88,91" machi="14" ten="40,3900,0" yaku="1,1,54,1,53,0" doraHai="121" doraHaiUra="112" who="2" fromWho="3" sc="428,0,170,0,109,49,283,-39" /><INIT seed="6,1,0,1,0,44" ten="428,170,158,244" oya="2" hai0="30,45,117,56,31,38,108,100,95,99,15,57,1" hai1="9,11,92,43,124,106,46,28,33,49,19,5,32" hai2="105,63,67,88,130,58,113,23,65,76,17,8,80" hai3="3,41,134,114,20,81,66,127,110,64,62,70,71"/><V119/><F119/><W82/><G110/><T74/><D1/><U87/><E106/><V93/><F105/><W132/><G3/><T90/><D74/><U18/><E124/><V122/><F122/><W40/><G20/><T29/><D108/><U125/><E125/><V0/><F113/><W121/><G127/><T55/><D117/><U42/><E42/><V85/><F130/><W50/><G82/><T24/><D15/><U98/><E87/><N who="2" m="48519" /><F0/><W2/><G2/><T35/><D56/><U72/><E72/><V60/><F8/><W61/><G81/><T133/><D100/><U107/><E107/><V13/><F63/><W77/><G77/><T21/><D35/><U91/><E11/><V120/><F120/><W54/><G121/><T129/><D129/><U111/><E111/><V73/><F73/><W75/><G75/><T128/><D128/><U118/><E118/><V135/><F135/><N who="3" m="51755" /><G114/><T69/><D133/><U126/><E126/><V10/><F10/><W78/><G78/><T115/><D69/><U39/><E33/><V53/><AGARI ba="1,0" hai="13,17,23,53,58,60,65,67,85,88,93" m="48519" machi="53" ten="30,3000,0" yaku="8,1,54,1" doraHai="44" who="2" fromWho="2" sc="428,-11,170,-11,158,33,244,-11" /><INIT seed="6,2,0,1,1,32" ten="417,159,191,233" oya="2" hai0="17,70,134,75,49,52,79,28,112,116,12,14,132" hai1="95,66,86,90,77,26,72,60,38,98,8,41,48" hai2="7,122,15,115,11,37,87,123,80,81,68,51,118" hai3="9,25,124,5,101,4,63,42,109,96,36,93,92"/><V110/><F37/><W46/><G109/><T54/><D70/><U84/><E38/><V65/><F118/><W97/><G124/><T85/><D75/><U64/><E26/><V111/><F51/><W23/><G63/><T18/><D28/><U29/><E29/><V35/><F35/><W22/><G25/><T58/><D116/><U69/><E64/><V13/><F13/><W126/><G126/><T43/><D43/><U129/><E129/><V125/><F125/><W10/><G10/><T19/><D112/><U100/><E72/><V44/><F44/><W103/><REACH who="3" step="1"/><G4/><REACH who="3" ten="417,159,191,223" step="2"/><T99/><D132/><U120/><E8/><N who="2" m="4511" /><F111/><W104/><G104/><T108/><D134/><U57/><E120/><V6/><F11/><W119/><G119/><T47/><D108/><U121/><E121/><V67/><F6/><W114/><G114/><T82/><D99/><U61/><E61/><AGARI ba="2,1" hai="12,14,17,18,19,47,49,52,54,58,61,79,82,85" machi="61" ten="40,2600,0" yaku="8,1,54,1" doraHai="32" who="0" fromWho="1" sc="417,42,159,-32,191,0,223,0" /><INIT seed="7,0,0,1,5,51" ten="459,127,191,223" oya="3" hai0="22,88,58,95,61,1,33,108,18,43,49,81,38" hai1="4,11,12,19,8,102,80,126,63,41,56,96,93" hai2="124,67,5,97,92,132,32,39,47,111,21,99,42" hai3="103,76,72,109,50,115,73,130,13,26,36,86,106"/><W123/><G123/><T44/><D1/><U45/><E126/><V0/><F32/><W85/><G36/><T135/><D33/><U23/><E80/><V127/><F111/><W83/><G109/><T25/><D108/><U74/><E74/><V60/><F132/><W31/><G115/><T15/><D135/><U7/><E11/><N who="2" m="2471" /><F21/><W14/><G130/><T62/><D81/><U82/><E82/><V100/><F92/><W70/><G70/><T91/><D38/><U119/><E119/><V20/><F20/><W114/><G114/><T112/><D112/><U113/><E113/><V37/><F37/><W90/><G72/><T110/><D110/><U69/><E69/><N who="2" m="42215" /><F100/><W87/><G90/><T34/><D34/><U101/><E101/><V10/><F10/><W79/><G79/><T77/><D77/><U59/><E59/><V29/><F29/><W118/><G118/><T105/><D105/><U40/><E45/><V48/><F39/><W16/><G50/><T68/><D68/><U104/><E104/><V98/><F42/><W2/><G2/><T6/><D91/><U28/><E28/><V128/><F128/><W65/><G31/><T117/><D117/><U89/><E102/><V116/><F116/><W75/><G75/><T78/><D78/><U9/><E9/><V107/><F107/><W131/><G131/><T52/><D62/><U3/><REACH who="1" step="1"/><E4/><REACH who="1" ten="459,117,191,223" step="2"/><V30/><F30/><W54/><G103/><T84/><D6/><U125/><E125/><V57/><F47/><W121/><G106/><T55/><D25/><U120/><E120/><V129/><F129/><RYUUKYOKU ba="0,1" sc="459,10,117,10,191,10,223,-30" hai0="15,18,22,43,44,49,52,55,58,61,84,88,95" hai1="3,7,8,12,19,23,40,41,56,63,89,93,96" hai2="48,57,97,98,99,124,127" owari="479,58.0,127,-37.0,201,0.0,193,-21.0" /></mjloggm>