<mjloggm ver="2.3"><GO type="169" lobby="0"/><UN n0="%79%61%62%61%69" n1="%73%61%6C%74%79%64%6F%67" n2="%EF%BC%88%E2%89%A7%E2%96%BD%E2%89%A6%EF%BC%89" n3="%E5%B2%A1%E6%9D%91%E9%9D%96%E5%B9%B8" dan="17,16,20,16" rate="2150.69,2021.26,2194.98,2176.61" sx="M,M,M,M"/><TAIKYOKU oya="0"/><INIT seed="0,0,0,0,3,107" ten="250,250,250,250" oya="0" hai0="2,122,44,18,80,84,83,52,31,101,81,102,21" hai1="42,92,60,129,112,27,64,35,73,109,105,15,26" hai2="56,53,120,11,76,89,97,115,4,118,46,72,25" hai3="34,45,116,48,128,121,8,43,100,133,103,3,119"/><T14/><D122/><U19/><E105/><V132/><F120/><W0/><G121/><T66/><D2/><U78/><E112/><V82/><F115/><W99/><G34/><T5/><D66/><U127/><E109/><V87/><F118/><W30/><G30/><T9/><D31/><U1/><E1/><V50/><F132/><W110/><G133/><T51/><REACH who="0" step="1"/><D84/><REACH who="0" ten="240,250,250,250" step="2"/><U38/><E35/><V10/><F97/><W126/><G0/><T75/><D75/><U39/><E73/><V131/><F131/><W67/><G67/><T104/><D104/><U28/><E129/><V125/><F125/><W58/><G126/><T88/><D88/><U32/><E127/><V29/><F4/><W85/><G128/><T59/><D59/><U62/><E64/><V79/><F56/><W94/><G58/><T108/><D108/><U117/><E28/><V61/><F79/><W90/><G110/><T16/><D16/><U93/><E78/><V111/><F111/><W77/><G77/><T40/><D40/><U69/><E42/><V6/><F6/><N who="3" m="1119" /><G85/><T114/><D114/><U68/><E117/><V96/><F96/><W33/><G33/><T113/><D113/><U54/><E32/><N who="2" m="20527" /><F72/><W17/><G17/><T23/><D23/><U41/><E41/><N who="2" m="24911" /><F76/><W49/><G119/><T98/><D98/><U86/><E86/><V37/><F37/><N who="3" m="21743" /><G116/><T95/><D95/><U47/><E19/><V130/><F130/><W57/><G57/><T124/><D124/><U65/><E39/><V13/><F87/><W7/><G7/><T74/><D74/><U55/><E38/><RYUUKYOKU ba="0,1" sc="240,15,250,-15,250,-15,250,15" hai0="5,9,14,18,21,44,51,52,80,81,83,101,102" hai3="48,49,90,94,99,100,103" /><INIT seed="0,1,1,3,3,111" ten="255,235,235,265" oya="0" hai0="112,53,49,122,126,11,65,6,57,66,26,50,135" hai1="37,77,93,133,105,68,29,97,102,9,10,0,78" hai2="38,98,42,128,22,118,4,94,109,95,82,5,121" hai3="45,76,130,110,96,74,73,114,99,1,84,59,67"/><T13/><D122/><U51/><E68/><V25/><F121/><W34/><G110/><T101/><D126/><U71/><E71/><V33/><F109/><W43/><G34/><T91/><D135/><U7/><E133/><V41/><F33/><W48/><G1/><T12/><D101/><U70/><E70/><V19/><F128/><W86/><G130/><T63/><D112/><U31/><E37/><V81/><F118/><W35/><G114/><T92/><D13/><U16/><E105/><V44/><F42/><W83/><G35/><T56/><D26/><U30/><REACH who="1" step="1"/><E51/><REACH who="1" ten="255,225,235,265" step="2"/><N who="0" m="19465" /><D57/><U69/><E69/><V20/><F38/><W62/><G74/><T61/><D61/><U107/><E107/><V47/><F47/><W90/><REACH who="3" step="1"/><G73/><REACH who="3" ten="255,225,235,255" step="2"/><T104/><D104/><U124/><E124/><V117/><F117/><W131/><G131/><T119/><D119/><U27/><E27/><V21/><F25/><W23/><G23/><T79/><D79/><U129/><E129/><V89/><F21/><W8/><G8/><T120/><D120/><U54/><E54/><V58/><F22/><W88/><G88/><T103/><D103/><U18/><E18/><V116/><F19/><W132/><G132/><T72/><D72/><U14/><AGARI ba="1,3" hai="0,7,9,10,14,16,29,30,31,77,78,93,97,102" machi="14" ten="30,4000,0" yaku="1,1,0,1,54,1,53,0" doraHai="111" doraHaiUra="100" who="1" fromWho="1" sc="255,-21,225,73,235,-11,255,-11" /><INIT seed="1,0,0,0,2,53" ten="234,298,224,244" oya="1" hai0="1,59,102,73,77,127,55,4,64,23,10,39,20" hai1="126,99,31,129,115,101,74,12,78,45,75,29,25" hai2="108,62,76,65,61,68,52,40,79,121,133,27,71" hai3="3,7,32,72,123,110,89,88,41,106,46,60,26"/><U104/><E115/><V86/><F121/><W93/><G123/><T15/><D64/><U120/><E12/><V0/><F133/><W96/><G110/><T69/><D69/><U11/><E120/><V38/><F108/><W43/><G72/><T47/><D102/><U44/><E11/><V67/><F0/><W131/><G106/><T35/><D35/><U114/><E114/><V42/><F27/><W21/><G32/><T113/><D113/><U63/><E129/><V116/><F116/><W122/><G131/><T130/><D130/><U95/><E126/><V118/><F118/><W111/><G111/><T48/><D15/><U83/><E74/><V90/><F52/><W14/><G3/><T117/><D117/><U81/><E83/><V22/><F22/><W128/><G128/><T16/><D16/><U109/><E109/><V98/><F98/><W91/><G122/><T19/><D19/><U18/><E63/><V105/><F105/><W8/><G60/><T84/><D127/><U132/><E132/><V58/><F71/><W107/><G107/><T5/><D84/><U24/><E18/><V66/><F66/><W125/><G125/><T97/><D5/><U2/><E2/><V51/><F67/><W85/><G85/><T37/><D97/><U134/><E134/><V124/><F124/><W112/><G112/><T30/><D30/><N who="1" m="11275" /><E104/><V119/><F119/><W50/><G43/><N who="0" m="23023" /><D39/><U80/><E81/><AGARI ba="0,0" hai="1,4,10,20,23,48,55,59,73,77,81" m="23023" machi="81" ten="30,2000,0" yaku="25,1,52,1" doraHai="53" who="0" fromWho="1" sc="234,20,298,-20,224,0,244,0" /><INIT seed="2,0,0,1,2,90" ten="254,278,224,244" oya="2" hai0="88,82,40,131,13,50,80,109,125,48,123,0,45" hai1="46,53,3,59,17,73,9,51,96,67,120,61,117" hai2="74,15,79,16,68,84,34,77,129,24,41,19,97" hai3="95,94,44,12,32,11,36,93,60,56,85,121,112"/><V25/><F74/><W23/><G121/><T4/><D123/><U78/><E120/><V30/><F129/><W43/><G32/><T42/><D0/><U100/><E117/><V66/><F41/><W57/><G112/><T35/><D35/><U118/><E118/><V101/><F24/><W14/><G85/><N who="0" m="50215" /><D131/><U54/><E78/><V37/><F37/><W6/><REACH who="3" step="1"/><G60/><REACH who="3" ten="254,278,224,234" step="2"/><T86/><D125/><U21/><E61/><N who="2" m="40015" /><F84/><W91/><G91/><N who="0" m="51671" /><D109/><U115/><E115/><V114/><F114/><W126/><G126/><T64/><D64/><U5/><E67/><V133/><F79/><W71/><G71/><T135/><D135/><U62/><E73/><V102/><F77/><W8/><G8/><N who="0" m="4231" /><D50/><U33/><E33/><V26/><F133/><W127/><G127/><T63/><D63/><U1/><E96/><V20/><F34/><W27/><G27/><T128/><D128/><U119/><E119/><V132/><F132/><W49/><G49/><T38/><D38/><U69/><E69/><V2/><F26/><W98/><G98/><T99/><D99/><U116/><E116/><V76/><F97/><W87/><G87/><T55/><AGARI ba="0,1" hai="40,42,45,48,55" m="4231,51671,50215" machi="55" ten="30,2000,0" yaku="8,1,54,1" doraHai="90" who="0" fromWho="0" sc="254,30,278,-5,224,-10,234,-5" /><INIT seed="3,0,0,1,5,120" ten="284,273,214,229" oya="3" hai0="22,3,99,56,31,129,26,8,64,54,44,107,104" hai1="123,20,82,45,36,81,63,27,88,34,12,4,105" hai2="46,77,94,30,58,9,83,132,15,115,17,43,75" hai3="35,76,78,74,111,39,90,5,68,67,92,98,51"/><W112/><G39/><T89/><D129/><U103/><E123/><V41/><F115/><W95/><G112/><T135/><D135/><U124/><E34/><V117/><F117/><W91/><G35/><T110/><D64/><U2/><E2/><V24/><F132/><W48/><G5/><T47/><D107/><U93/><E124/><V118/><F118/><W108/><G67/><T65/><D65/><U14/><E105/><V119/><F119/><W55/><G68/><T72/><D72/><U97/><E36/><V37/><F43/><W18/><G18/><T73/><D73/><U57/><E45/><V10/><F94/><W7/><G7/><T128/><D128/><U52/><E4/><V53/><F9/><W13/><G13/><N who="1" m="5226" /><E103/><V134/><F134/><W133/><G133/><T21/><D104/><U125/><E125/><V1/><F1/><W42/><G42/><T96/><D8/><U0/><E0/><V80/><F80/><W106/><G106/><T85/><D3/><U60/><E63/><V131/><F131/><W49/><G55/><T66/><D66/><U84/><E84/><V50/><F24/><W122/><G122/><T11/><D11/><U116/><E116/><V70/><F70/><W61/><G61/><T100/><D26/><U25/><E25/><V19/><REACH who="2" step="1"/><F30/><AGARI ba="0,0" hai="20,27,30,52,57,60,81,82,88,93,97" m="5226" machi="30" ten="30,3900,0" yaku="8,1,54,2" doraHai="120" who="1" fromWho="2" sc="284,0,273,39,214,-39,229,0" /><INIT seed="4,0,0,3,5,23" ten="284,312,175,229" oya="0" hai0="5,3,100,57,119,10,128,88,93,68,70,72,76" hai1="27,79,0,31,135,95,130,112,94,105,46,13,40" hai2="56,63,44,4,74,55,133,91,107,1,12,51,123" hai3="113,102,80,87,36,126,34,134,53,85,106,8,33"/><T61/><D119/><U26/><E105/><V54/><F107/><W20/><G36/><T103/><D70/><U66/><E0/><V49/><F74/><W24/><G134/><T64/><D128/><U97/><E130/><V82/><F123/><W83/><G126/><T15/><D68/><U45/><E135/><V84/><F133/><W11/><G113/><T77/><D3/><U50/><E79/><N who="0" m="30281" /><D72/><U109/><E109/><V39/><F1/><W118/><G118/><T116/><D116/><U6/><E66/><V32/><F32/><W92/><G106/><T124/><D124/><U90/><E31/><V127/><F127/><W62/><G34/><T122/><D122/><U21/><E112/><V43/><F39/><W117/><G33/><T96/><AGARI ba="0,0" hai="5,10,15,57,61,64,88,93,96,100,103" m="30281" machi="96" ten="30,3000,0" yaku="8,1,54,1" doraHai="23" who="0" fromWho="0" sc="284,30,312,-10,175,-10,229,-10" /><INIT seed="4,1,0,0,3,20" ten="314,302,165,219" oya="0" hai0="78,70,122,11,12,103,64,82,46,68,19,57,16" hai1="90,114,6,72,10,36,34,101,29,74,93,118,21" hai2="108,2,61,128,115,132,79,63,52,4,120,49,30" hai3="69,134,131,56,31,13,109,47,86,48,121,96,125"/><T43/><D122/><U67/><E118/><V0/><F120/><W75/><G109/><T110/><D110/><U3/><E36/><V39/><F108/><W127/><G75/><T126/><D126/><N who="3" m="48137" /><G69/><T65/><D103/><U18/><E101/><V100/><F39/><W41/><G134/><T95/><D95/><U99/><E67/><V33/><F132/><W24/><G131/><T81/><D70/><U129/><E129/><V83/><F128/><W1/><G1/><T135/><D68/><U133/><E133/><V55/><F115/><W58/><G121/><T107/><D107/><U116/><E116/><V113/><F113/><W84/><G13/><N who="0" m="7231" /><D135/><U54/><E54/><V50/><F100/><W112/><G96/><T94/><D94/><U9/><E9/><V22/><F33/><N who="3" m="20711" /><G112/><T38/><D38/><U88/><E114/><V23/><F4/><W7/><G7/><T53/><D78/><U71/><E71/><V73/><F79/><W59/><AGARI ba="1,0" hai="41,47,48,56,58,59,84,86" m="20711,48137" machi="59" ten="30,2000,0" yaku="18,1,52,1" doraHai="20" who="3" fromWho="3" sc="314,-11,302,-6,165,-6,219,23" /><INIT seed="5,0,0,4,2,26" ten="303,296,159,242" oya="1" hai0="27,50,31,125,83,66,109,92,68,116,60,114,84" hai1="103,43,34,119,69,1,61,90,129,111,133,30,58" hai2="93,6,21,11,49,53,135,18,134,40,73,67,4" hai3="54,100,87,24,65,106,122,105,7,123,104,91,29"/><U94/><E119/><V95/><F73/><W47/><G100/><T126/><D116/><U64/><E1/><V79/><F79/><W8/><G65/><T56/><D109/><U14/><E111/><V132/><F40/><W86/><G54/><N who="0" m="31831" /><D114/><U35/><E129/><V13/><F67/><W117/><G47/><T17/><D92/><U33/><E133/><V59/><REACH who="2" step="1"/><F4/><REACH who="2" ten="303,296,149,242" step="2"/><W36/><G117/><T76/><D66/><U63/><E43/><V85/><F85/><W102/><G87/><T112/><D84/><U115/><E115/><V70/><F70/><W127/><G86/><T12/><D76/><U57/><E69/><V20/><F20/><W78/><G7/><T124/><D68/><U81/><E35/><V107/><F107/><W10/><G78/><T131/><D112/><U19/><E34/><V44/><F44/><W75/><G105/><T108/><D108/><U51/><E33/><V89/><F89/><W38/><G75/><T128/><D128/><U48/><E64/><V77/><F77/><W5/><G5/><T110/><D110/><U71/><E71/><V97/><F97/><W120/><G91/><T15/><D131/><U28/><E90/><V52/><F52/><W72/><G72/><T113/><D113/><U82/><E103/><V32/><F32/><N who="3" m="20519" /><G106/><T23/><D126/><U121/><E58/><V25/><AGARI ba="0,1" hai="6,11,13,18,21,25,49,53,59,93,95,132,134,135" machi="25" ten="30,4000,0" yaku="1,1,0,1,20,1,53,0" doraHai="26" doraHaiUra="39" who="2" fromWho="2" sc="303,-10,296,-20,149,50,242,-10" /><INIT seed="6,0,0,0,5,126" ten="293,276,199,232" oya="2" hai0="56,124,95,11,16,79,61,88,73,50,37,6,21" hai1="108,77,59,55,41,36,97,76,80,103,13,39,49" hai2="125,115,4,102,94,96,47,78,42,85,122,86,84" hai3="19,22,135,70,89,29,90,38,107,120,98,54,44"/><V28/><F122/><W127/><G70/><T51/><D37/><U104/><E108/><V3/><F125/><W0/><G120/><T62/><D124/><U65/><E76/><V30/><F115/><W48/><G0/><T83/><D61/><U5/><E65/><V27/><F78/><W123/><G123/><T110/><D110/><U60/><E41/><V24/><F3/><W131/><G127/><T134/><D134/><U34/><E34/><V72/><F4/><W68/><G68/><T116/><D116/><U91/><E91/><V87/><N who="2" m="21504" /><DORA hai="92" /><V58/><F72/><W9/><G38/><T128/><D128/><U99/><E97/><V10/><F10/><W113/><G131/><T57/><D57/><U52/><E13/><V69/><F58/><W112/><G29/><N who="2" m="11369" /><F69/><W18/><G9/><T101/><D11/><U23/><E5/><V1/><F1/><W119/><G119/><T32/><D6/><U8/><E8/><V82/><F82/><W63/><G135/><T117/><D117/><U93/><E104/><V109/><F109/><W20/><G113/><T17/><D32/><U66/><E39/><V74/><F74/><W130/><G112/><T132/><D132/><U40/><E36/><V15/><F15/><N who="3" m="9311" /><G130/><T133/><D133/><U121/><E121/><V118/><F118/><W31/><G31/><T26/><D17/><U25/><E80/><V46/><F42/><N who="3" m="24599" /><G107/><T75/><D75/><U43/><E77/><V14/><F14/><N who="3" m="9591" /><G98/><T12/><D73/><U53/><E49/><V81/><F81/><W100/><G100/><T129/><D101/><RYUUKYOKU ba="0,0" sc="293,-30,276,10,199,10,232,10" hai1="23,25,40,43,52,53,55,59,60,66,93,99,103" hai2="24,27,46,47,94,96,102" hai3="54,63,89,90" /><INIT seed="6,1,0,5,0,75" ten="263,286,209,242" oya="2" hai0="34,132,84,21,104,16,5,96,55,110,98,122,59" hai1="101,71,51,47,107,19,94,60,100,48,129,81,69" hai2="73,40,66,8,91,6,7,126,108,79,135,125,13" hai3="82,46,103,133,54,45,62,30,57,20,115,123,83"/><V3/><F135/><W88/><G133/><T127/><D132/><U63/><E107/><V95/><F108/><W111/><G111/><T24/><D122/><U87/><E129/><V28/><F66/><W26/><G123/><T0/><D110/><U92/><E47/><N who="3" m="17930" /><G115/><T32/><D0/><U38/><E81/><N who="3" m="30730" /><G103/><T64/><D5/><U27/><E87/><N who="2" m="52735" /><F40/><W130/><G130/><T128/><D128/><U116/><E38/><V118/><F118/><W86/><G86/><T37/><D64/><U1/><E1/><V56/><F56/><W36/><G36/><T31/><D37/><U35/><E35/><V53/><F53/><W85/><G85/><T106/><D84/><U105/><E105/><V109/><F109/><W102/><G102/><T78/><D104/><U61/><E116/><V65/><F65/><W43/><G43/><T120/><D106/><U11/><E71/><V112/><F112/><W97/><G97/><T76/><D34/><U131/><E69/><V52/><F52/><W15/><G88/><T10/><D32/><U119/><E131/><V113/><F113/><W77/><G77/><N who="0" m="29803" /><D120/><U2/><E119/><V117/><F117/><W90/><G90/><T23/><D10/><U68/><E68/><V58/><F79/><W72/><G72/><T70/><D70/><U22/><E2/><V89/><F73/><W124/><G124/><N who="2" m="47721" /><F89/><W17/><G57/><T67/><D127/><U99/><E11/><N who="2" m="4343" /><F58/><W42/><G42/><T134/><D134/><U29/><E29/><AGARI ba="1,0" hai="3,7,8,28,29" m="4343,47721,52735" machi="29" ten="30,1500,0" yaku="18,1" doraHai="75" who="2" fromWho="1" sc="263,0,286,-18,209,18,242,0" /><INIT seed="6,2,0,0,3,29" ten="263,268,227,242" oya="2" hai0="92,4,64,102,12,62,94,42,32,7,61,49,51" hai1="99,114,90,14,96,109,82,52,44,1,117,98,57" hai2="11,106,103,135,118,17,79,126,37,21,81,16,122" hai3="91,40,28,97,101,123,46,45,41,89,56,27,74"/><V85/><F122/><W38/><G74/><T113/><D113/><U5/><E109/><V54/><F118/><W107/><G56/><N who="0" m="36903" /><D32/><U115/><E1/><V77/><F37/><W95/><G123/><T3/><D3/><U86/><E44/><V59/><F135/><W75/><G75/><T104/><D104/><U9/><REACH who="1" step="1"/><E117/><REACH who="1" ten="263,258,227,242" step="2"/><V93/><F126/><W47/><G46/><T50/><D42/><U108/><E108/><V33/><F106/><W84/><G107/><T119/><D119/><U18/><E18/><V19/><F11/><W105/><G105/><T63/><D7/><U125/><E125/><V23/><F77/><W83/><G45/><T8/><D102/><U34/><E34/><V72/><F33/><W15/><G41/><T55/><D55/><U39/><E39/><V10/><F10/><W53/><G53/><T0/><D0/><U36/><E36/><V129/><F129/><W2/><G2/><T116/><D116/><U58/><E58/><V31/><F31/><W43/><G40/><T6/><D6/><U112/><E112/><V80/><F54/><W127/><G127/><T69/><D69/><U73/><E73/><V30/><F59/><W24/><G28/><T121/><D121/><U66/><E66/><V110/><F30/><W26/><G101/><T65/><D65/><U22/><E22/><V124/><F124/><W67/><G67/><T87/><D4/><U111/><E111/><V60/><F110/><W128/><G128/><T132/><D132/><U13/><E13/><V130/><F130/><W134/><G134/><T68/><D68/><RYUUKYOKU ba="2,1" sc="263,-15,258,15,227,-15,242,15" hai1="5,9,14,52,57,82,86,90,96,98,99,114,115" hai3="15,24,26,27,38,43,47,83,84,89,91,95,97" /><INIT seed="7,3,1,4,0,113" ten="248,273,212,257" oya="3" hai0="82,40,95,98,4,112,11,28,81,86,74,50,72" hai1="14,119,0,108,96,89,59,35,44,20,104,127,25" hai2="90,101,45,102,55,121,105,17,106,71,10,122,1" hai3="9,114,67,8,110,80,118,133,65,16,115,97,27"/><W6/><G118/><T91/><D112/><N who="3" m="43049" /><G133/><T54/><D28/><U56/><E0/><V76/><F71/><W93/><G110/><T131/><D131/><U58/><E108/><V24/><F76/><W85/><G27/><T77/><D82/><U13/><E35/><V117/><F90/><N who="3" m="51495" /><G16/><T123/><D123/><N who="2" m="47114" /><F117/><W46/><G46/><N who="0" m="25927" /><D54/><U78/><E119/><V51/><F24/><W21/><G21/><T68/><D68/><U111/><E111/><V107/><F17/><W125/><G125/><T3/><D3/><U116/><E127/><V87/><F87/><W83/><G83/><T92/><D74/><U43/><E116/><V61/><F61/><W70/><G70/><T12/><D72/><U129/><E78/><V5/><AGARI ba="3,1" hai="1,5,10,45,51,55,101,102,105,106,107" m="47114" machi="5" ten="40,1500,0" yaku="13,1" doraHai="113" who="2" fromWho="2" sc="248,-7,273,-7,212,34,257,-10" /><INIT seed="8,0,0,4,1,131" ten="241,266,246,247" oya="0" hai0="68,2,24,130,81,132,61,98,115,49,118,77,113" hai1="36,119,134,58,86,23,124,114,47,99,108,55,4" hai2="42,69,60,84,76,133,20,101,39,41,97,53,82" hai3="52,30,102,44,43,65,125,34,26,57,112,116,31"/><T13/><D2/><U8/><E119/><V62/><F133/><W123/><G112/><T117/><D132/><U79/><E108/><V7/><F39/><W95/><G116/><N who="0" m="44651" /><D130/><U22/><E114/><V83/><F7/><W67/><G31/><T73/><D24/><U91/><E134/><V45/><F69/><W14/><G14/><T104/><D49/><U135/><E135/><V29/><F82/><W19/><G19/><T56/><D13/><U51/><E124/><V127/><F127/><W21/><G34/><T90/><D68/><U64/><E36/><V122/><F122/><W71/><G71/><T120/><D120/><U17/><E79/><V88/><F76/><W70/><G70/><T15/><D15/><N who="1" m="5511" /><E99/><V3/><F3/><W121/><G125/><T6/><D6/><U94/><E17/><V32/><F32/><W63/><G123/><T37/><D37/><U92/><E92/><N who="2" m="58535" /><F29/><W27/><G27/><T11/><D11/><U54/><E64/><V12/><F12/><W93/><G121/><T75/><D75/><U89/><E91/><V25/><F25/><W40/><G95/><N who="0" m="56695" /><D104/><U96/><E23/><V107/><F107/><W33/><G33/><T105/><D105/><U10/><E22/><V46/><F20/><W9/><G9/><T103/><D103/><U50/><E10/><V1/><F1/><W78/><G102/><T100/><D100/><U110/><E110/><V18/><F18/><W5/><G5/><T28/><D28/><U66/><E66/><AGARI ba="0,0" hai="56,61,66,73,77,81,113,115" m="56695,44651" machi="66" ten="30,1500,0" yaku="16,1" doraHai="131" who="0" fromWho="1" sc="241,15,266,-15,246,0,247,0" /><INIT seed="8,1,0,3,1,98" ten="256,251,246,247" oya="0" hai0="88,119,44,125,11,25,75,4,105,131,74,41,104" hai1="77,90,13,47,19,89,121,96,57,48,38,87,52" hai2="103,93,7,129,39,106,86,21,122,45,6,114,109" hai3="23,97,78,85,20,130,63,10,68,56,31,34,51"/><T69/><D119/><U14/><E121/><V100/><F122/><W58/><G130/><T79/><D69/><U15/><E38/><V43/><F114/><W107/><G10/><T2/><D131/><U108/><E108/><V84/><F129/><W91/><G78/><T5/><D5/><N who="2" m="1546" /><F39/><W117/><G117/><T67/><D67/><U126/><E126/><V24/><F106/><W29/><G51/><T82/><D75/><U32/><E32/><V54/><F43/><W72/><G72/><T112/><D112/><U127/><E127/><V59/><F45/><W116/><G116/><T102/><D125/><U111/><E111/><V115/><F115/><W66/><G31/><T28/><D88/><N who="1" m="33899" /><E96/><N who="2" m="59407" /><F103/><N who="3" m="62959" /><G58/><T110/><D102/><U33/><E33/><V36/><F36/><W60/><G56/><T70/><D70/><U134/><E134/><V132/><F132/><W73/><G73/><T71/><D71/><U118/><E118/><V55/><F109/><W135/><G135/><T42/><D110/><U26/><E47/><V50/><F55/><W46/><G46/><T83/><D42/><U27/><E19/><AGARI ba="1,0" hai="19,21,24,50,54,59,84,86" m="59407,1546" machi="19" ten="30,2000,0" yaku="8,1,52,1" doraHai="98" who="2" fromWho="1" sc="256,0,251,-23,246,23,247,0" /><INIT seed="9,0,0,5,3,62" ten="256,228,269,247" oya="1" hai0="57,128,81,82,22,125,93,10,38,119,53,104,95" hai1="75,115,90,8,52,120,37,16,7,46,94,134,121" hai2="74,65,84,131,39,127,42,117,61,135,73,98,2" hai3="11,72,85,106,15,28,67,27,92,132,36,17,9"/><U69/><E69/><V0/><F84/><W34/><G106/><T14/><D104/><U100/><E115/><V112/><F112/><W64/><G72/><N who="2" m="27753" /><F135/><W43/><G132/><T130/><D38/><U113/><E113/><V108/><F131/><N who="0" m="50218" /><D119/><U83/><E121/><V51/><F51/><W48/><G36/><T40/><D40/><U50/><E120/><V114/><F127/><W29/><G9/><T102/><D22/><U88/><E134/><V101/><F108/><W80/><G92/><N who="0" m="35403" /><D102/><U78/><E37/><V44/><F117/><W124/><G124/><T99/><D99/><U133/><E133/><V66/><F114/><W30/><G27/><T19/><D125/><U76/><E78/><V24/><F24/><W49/><G34/><T89/><D89/><U21/><E100/><V109/><F109/><W47/><G49/><AGARI ba="0,0" hai="10,14,19,49,53,57,81,82" m="35403,50218" machi="49" ten="30,1000,0" yaku="19,1" doraHai="62" who="0" fromWho="3" sc="256,10,228,0,269,0,247,-10" /><INIT seed="10,0,0,0,2,15" ten="266,228,269,237" oya="2" hai0="128,71,37,44,102,115,26,101,29,132,52,99,116" hai1="86,2,105,81,63,35,85,92,75,66,6,7,125" hai2="36,111,121,11,119,122,78,106,68,129,103,19,30" hai3="60,69,40,64,131,90,55,45,80,96,61,100,24"/><V113/><F36/><W135/><G131/><T17/><D115/><U33/><E105/><V51/><F68/><W70/><G135/><T41/><D128/><U83/><E75/><V46/><F113/><W1/><G1/><T9/><D132/><U76/><E2/><V74/><F111/><W49/><G24/><T50/><D71/><U28/><E92/><V120/><F30/><W87/><G61/><T4/><D116/><U79/><E125/><V72/><F78/><W107/><G40/><T54/><D37/><U93/><E93/><V22/><F11/><W118/><G118/><T62/><D29/><U31/><E63/><V23/><F23/><W91/><G70/><T97/><D4/><U25/><E66/><V42/><F119/><W38/><G38/><T53/><D62/><U117/><E117/><V3/><F3/><W134/><G134/><T18/><D9/><U84/><E84/><V12/><F129/><W59/><G69/><T43/><D43/><U16/><E25/><V123/><F123/><W110/><G110/><T126/><D126/><U133/><E133/><V5/><F5/><W98/><G98/><N who="0" m="37387" /><D26/><U10/><E10/><V114/><F114/><W88/><AGARI ba="0,0" hai="45,49,55,59,60,64,80,87,88,90,91,96,100,107" machi="88" ten="20,2700,0" yaku="0,1,7,1,54,1" doraHai="15" who="3" fromWho="3" sc="266,-7,228,-7,269,-13,237,27" /><INIT seed="11,0,0,3,5,105" ten="259,221,256,264" oya="3" hai0="38,123,60,89,115,5,32,81,110,20,48,73,129" hai1="58,122,82,7,95,22,77,75,47,44,108,116,94" hai2="34,25,112,133,42,15,111,24,12,84,35,40,96" hai3="87,74,14,27,36,76,10,72,126,41,18,4,127"/><W51/><G36/><T130/><D32/><U114/><E122/><V56/><F111/><W63/><G63/><T65/><D38/><U121/><E121/><V100/><F112/><W99/><G99/><T29/><D123/><U91/><E108/><V109/><F133/><W86/><G27/><N who="2" m="10313" /><F35/><W30/><G30/><T80/><D110/><U118/><E114/><V62/><F34/><W64/><G64/><T128/><D115/><U57/><E7/><V66/><F84/><N who="3" m="32299" /><G18/><T125/><D125/><N who="3" m="47625" /><G76/><N who="0" m="44047" /><D29/><U16/><E47/><AGARI ba="0,0" hai="4,10,14,41,47,51,72,74" m="47625,32299" machi="47" ten="30,5800,0" yaku="18,1,52,2" doraHai="105" who="3" fromWho="1" sc="259,0,221,-58,256,0,264,58" owari="259,6.0,163,-34.0,256,-14.0,322,42.0" /></mjloggm>