<mjloggm ver="2.3"><GO type="169" lobby="0"/><UN n0="%E3%82%88%E3%81%98%E3%81%92%E3%82%93" n1="%E3%81%BE%E3%81%AA%E3%81%84%E3%81%9F%E3%82%88%E3%81%86%E3%81%98%E3%82%87" n2="%73%68%6F%6F%74%33%39" n3="%49%63%68%69%67%65%6B%69" dan="17,16,16,17" rate="2090.14,2121.81,2128.84,2229.64" sx="M,M,M,M"/><TAIKYOKU oya="0"/><INIT seed="0,0,0,3,3,77" ten="250,250,250,250" oya="0" hai0="105,26,84,0,123,38,40,87,78,63,90,71,120" hai1="32,129,55,69,58,110,103,101,133,1,62,49,2" hai2="52,106,64,60,43,46,128,39,102,79,76,80,119" hai3="7,130,109,5,127,11,17,33,31,97,73,96,83"/><T53/><D105/><U117/><E117/><V50/><F119/><W99/><G109/><T8/><D78/><U98/><E101/><V37/><F128/><W3/><G130/><T44/><D87/><U48/><E129/><V100/><F79/><W95/><G127/><T68/><D68/><U14/><E110/><V4/><F4/><W47/><G7/><T118/><D118/><U104/><E49/><V22/><F22/><W89/><G17/><T113/><D113/><U18/><E32/><V81/><F39/><W61/><G47/><T74/><D74/><U134/><E69/><N who="2" m="42119" /><F76/><W13/><G3/><T108/><D108/><U88/><E62/><V30/><F30/><W35/><G61/><T75/><D75/><U107/><E107/><V91/><F91/><W124/><G124/><T72/><D72/><U131/><E131/><V57/><F102/><W132/><G35/><T21/><D8/><U116/><E116/><V125/><F125/><W115/><G115/><T10/><D10/><U70/><E70/><V135/><F135/><W54/><G132/><T121/><D0/><U25/><E1/><V6/><F6/><W45/><G31/><N who="0" m="17871" /><D53/><U19/><E2/><V28/><F28/><W51/><G33/><T36/><D36/><U111/><E111/><V86/><F86/><N who="3" m="50399" /><G73/><T85/><D90/><AGARI ba="0,0" hai="5,11,13,45,51,54,90,95,96,97,99" m="50399" machi="90" ten="30,2000,0" yaku="8,1,52,1" doraHai="77" who="3" fromWho="0" sc="250,-20,250,0,250,0,250,20" /><INIT seed="1,0,0,2,5,127" ten="230,250,250,270" oya="1" hai0="122,86,21,60,9,37,83,40,26,121,38,44,96" hai1="133,77,72,33,24,6,32,1,8,58,67,103,112" hai2="71,119,43,91,97,93,57,11,61,104,87,84,65" hai3="54,75,126,73,131,19,128,125,62,29,94,114,52"/><U108/><E112/><V107/><F119/><W45/><G114/><T81/><D60/><U129/><E133/><V98/><F43/><W0/><G0/><T111/><D111/><U53/><E67/><V47/><F47/><W14/><G29/><T69/><D69/><U55/><E103/><V2/><F71/><W70/><G94/><T99/><D37/><U12/><E55/><N who="3" m="21034" /><G45/><T90/><D83/><U78/><E1/><V82/><F87/><W64/><G75/><T20/><D9/><U22/><E108/><V17/><F98/><W36/><G73/><T59/><D59/><U116/><E116/><V76/><REACH who="2" step="1"/><F17/><REACH who="2" ten="230,250,240,270" step="2"/><W35/><G36/><T123/><REACH who="0" step="1"/><D20/><REACH who="0" ten="220,250,240,270" step="2"/><U4/><E22/><V101/><F101/><W34/><G34/><T51/><D51/><U50/><E32/><V46/><F46/><W102/><G102/><T80/><D80/><U49/><E49/><V74/><F74/><W118/><G35/><T39/><D39/><U100/><E72/><V124/><F124/><N who="3" m="47723" /><G118/><T41/><D41/><U106/><E33/><V18/><F18/><AGARI ba="0,2" hai="18,21,26,38,40,44,81,86,90,96,99,121,122,123" machi="18" ten="40,2600,0" yaku="1,1,13,1,53,0" doraHai="127" doraHaiUra="66" who="0" fromWho="2" sc="220,46,250,0,240,-26,270,0" /><INIT seed="2,0,0,2,1,32" ten="266,250,214,270" oya="2" hai0="30,33,114,106,60,4,6,112,122,93,23,123,1" hai1="17,36,45,83,113,135,126,12,34,68,104,51,94" hai2="24,9,96,35,128,105,21,18,88,129,70,27,61" hai3="73,82,19,76,100,99,65,91,48,57,13,71,38"/><V46/><F46/><W52/><G38/><T111/><D106/><U85/><E68/><V56/><F70/><W58/><G71/><T49/><D60/><U67/><E36/><V107/><F9/><W118/><G118/><T103/><D49/><U63/><E104/><V121/><F121/><W69/><G69/><T89/><D103/><U55/><E34/><V87/><F35/><W15/><G91/><T62/><D62/><U116/><E116/><V101/><F27/><W8/><G15/><T124/><D33/><U7/><E113/><N who="0" m="43625" /><D89/><U14/><E94/><V2/><F2/><W26/><G26/><N who="0" m="16735" /><D93/><U42/><E67/><V11/><F11/><W41/><G41/><T95/><D95/><U119/><E119/><V97/><F107/><W47/><G65/><T80/><D80/><U22/><E63/><V86/><F97/><W117/><G117/><T74/><D74/><U75/><E75/><V115/><F115/><W127/><G127/><T131/><D124/><U102/><E102/><V29/><F29/><W109/><G109/><T31/><D111/><U16/><E126/><V64/><REACH who="2" step="1"/><F87/><REACH who="2" ten="266,250,204,270" step="2"/><W125/><G125/><T3/><D31/><U44/><E44/><V0/><F0/><N who="0" m="74" /><D131/><U120/><E45/><V110/><F110/><W59/><G47/><T78/><D123/><U133/><E120/><V54/><F54/><W98/><G98/><T84/><D122/><U90/><E55/><V50/><F50/><W28/><G28/><T39/><D39/><U92/><E51/><V77/><F77/><W37/><G37/><T5/><D78/><U79/><E79/><RYUUKYOKU ba="0,1" sc="266,10,250,-30,204,10,270,10" hai0="4,5,6,84" hai2="18,21,24,56,61,64,86,88,96,101,105,128,129" hai3="8,13,19,48,52,57,58,59,73,76,82,99,100" /><INIT seed="2,1,1,5,3,130" ten="276,220,214,280" oya="2" hai0="2,10,23,96,83,116,30,49,70,115,41,94,102" hai1="87,66,6,53,123,54,29,57,28,64,79,21,7" hai2="36,58,109,110,77,40,114,89,18,82,12,15,92" hai3="1,35,19,45,97,74,106,24,80,85,120,48,103"/><V71/><F71/><W50/><G120/><T59/><D115/><U90/><E79/><V55/><F114/><W32/><G1/><T121/><D121/><U135/><E123/><V5/><F5/><N who="1" m="1545" /><E135/><V88/><F40/><W131/><G131/><T60/><D2/><U78/><E78/><V73/><F36/><W93/><G74/><T3/><D70/><U11/><E11/><V20/><F12/><W26/><G106/><T31/><D10/><U39/><E39/><V63/><REACH who="2" step="1"/><F92/><REACH who="2" ten="276,220,204,280" step="2"/><W100/><G93/><N who="0" m="58639" /><D41/><U69/><E69/><V46/><F46/><W62/><G45/><T14/><D94/><N who="1" m="54623" /><E57/><V44/><F44/><W91/><G26/><T112/><D14/><U134/><E66/><V68/><F68/><W117/><G24/><T33/><D59/><U13/><E64/><V67/><F67/><W4/><G117/><T17/><D116/><U22/><E13/><V43/><F43/><W65/><G4/><T99/><D112/><U124/><E53/><V127/><F127/><W76/><G65/><T72/><D3/><U126/><E54/><V111/><AGARI ba="1,2" hai="15,18,20,55,58,63,73,77,82,88,89,109,110,111" machi="111" ten="30,18000,2" yaku="1,1,0,1,14,1,10,1,54,1,53,2" doraHai="130" doraHaiUra="84" who="2" fromWho="2" sc="276,-61,220,-61,204,203,280,-61" /><INIT seed="2,2,0,1,2,15" ten="215,159,407,219" oya="2" hai0="71,6,108,130,78,3,48,46,106,33,129,117,73" hai1="0,24,107,23,91,8,58,89,76,29,125,19,50" hai2="44,84,39,27,41,90,94,28,121,16,57,109,97" hai3="85,64,18,37,131,118,101,60,126,7,25,87,63"/><V123/><F109/><W22/><G118/><T14/><D106/><U40/><E107/><V1/><F1/><W67/><G37/><T119/><D71/><U21/><E125/><V99/><F28/><W51/><G126/><T61/><D61/><N who="3" m="23625" /><G131/><T135/><D78/><U111/><E76/><V124/><F124/><W4/><G101/><T13/><D73/><U35/><E111/><V43/><F43/><W102/><G51/><T26/><D108/><U79/><E79/><V42/><F42/><W120/><G120/><T36/><D36/><U38/><E38/><V31/><F57/><W86/><G102/><T95/><D95/><U88/><E58/><V12/><F123/><W105/><G105/><T62/><D62/><U114/><E114/><V112/><F112/><W34/><G34/><T47/><D48/><U9/><E0/><V103/><F121/><W134/><G134/><T2/><D6/><AGARI ba="2,0" hai="4,6,7,18,22,25,64,67,85,86,87" m="23625" machi="6" ten="30,2000,0" yaku="8,1,52,1" doraHai="15" who="3" fromWho="0" sc="215,-26,159,0,407,0,219,26" /><INIT seed="3,0,0,0,3,16" ten="189,159,407,245" oya="3" hai0="36,1,56,51,74,19,112,33,94,110,2,79,6" hai1="38,127,113,78,71,66,76,64,102,15,96,134,81" hai2="88,34,14,129,114,13,21,70,128,62,82,48,132" hai3="68,43,53,115,85,67,45,57,17,0,58,41,11"/><W23/><G115/><T52/><D110/><U120/><E120/><V97/><F34/><W133/><G133/><T75/><D112/><U121/><E121/><V46/><F114/><W73/><G73/><T25/><D36/><U86/><E113/><V99/><F132/><W3/><G68/><T24/><D79/><U39/><E134/><V32/><F32/><W106/><G106/><T93/><D33/><U104/><E78/><V89/><F62/><N who="3" m="38359" /><G3/><T87/><D19/><U63/><E66/><V80/><F70/><W130/><G0/><T40/><D56/><U54/><E127/><V12/><F21/><W8/><G85/><T84/><D40/><N who="3" m="15433" /><G45/><T122/><D122/><U31/><E54/><V55/><F129/><W123/><G123/><T35/><D35/><U90/><E31/><V26/><F128/><W92/><G92/><T95/><D94/><U101/><E101/><V111/><F111/><W59/><G59/><T83/><D52/><U98/><E98/><V49/><F49/><W20/><G130/><T22/><D51/><U50/><E50/><V103/><F99/><W47/><G47/><T30/><D30/><U61/><E61/><V9/><F97/><W5/><G5/><T100/><D6/><U29/><E29/><V108/><F108/><W124/><G124/><T91/><D100/><U126/><E126/><V118/><F103/><W109/><G109/><T117/><D117/><U60/><E60/><V37/><F118/><W7/><G7/><T18/><D1/><U77/><E39/><V69/><F37/><W72/><G72/><T119/><D75/><RYUUKYOKU ba="0,0" sc="189,0,159,0,407,0,245,0" /><INIT seed="4,1,0,5,5,50" ten="189,159,407,245" oya="0" hai0="46,65,75,21,123,82,111,99,2,24,63,54,25" hai1="85,106,13,69,86,55,105,134,102,97,135,119,71" hai2="126,98,34,22,108,0,92,95,101,132,129,91,118" hai3="77,29,6,59,90,114,48,15,89,84,58,62,121"/><T52/><D123/><U60/><E119/><V23/><F34/><W17/><G121/><T110/><D2/><U1/><E1/><V18/><F0/><W68/><G68/><T117/><D117/><U130/><E106/><V3/><F3/><W120/><G120/><T38/><D99/><U49/><E130/><V109/><F118/><W31/><G6/><T12/><D12/><U45/><E71/><V33/><F33/><W44/><G77/><T53/><D75/><U127/><E127/><V64/><F129/><W32/><G32/><T78/><D78/><U42/><E13/><V122/><F126/><W100/><G100/><T26/><D82/><U81/><E81/><V37/><F37/><W93/><G89/><T28/><D38/><U16/><E16/><V112/><F112/><W103/><G103/><T40/><D40/><U74/><E74/><V5/><F5/><W4/><G4/><T47/><D21/><U87/><REACH who="1" step="1"/><E42/><REACH who="1" ten="189,149,407,245" step="2"/><V73/><F73/><W115/><G115/><T66/><D28/><N who="3" m="10825" /><G114/><T61/><D110/><U80/><E80/><V57/><F122/><W72/><G72/><T39/><D111/><U131/><E131/><V124/><F124/><W30/><G30/><T94/><D94/><U9/><E9/><V56/><F109/><W20/><G62/><N who="0" m="23563" /><D39/><U107/><E107/><V27/><F108/><W88/><G15/><T10/><D10/><U125/><E125/><V67/><F18/><W41/><G17/><T104/><D104/><U70/><E70/><V36/><F36/><W7/><G7/><T8/><D8/><U11/><E11/><RYUUKYOKU ba="1,1" sc="189,15,149,15,407,-15,245,-15" hai0="24,25,26,46,47,52,53,54,65,66" hai1="45,49,55,60,69,85,86,87,97,102,105,134,135" /><INIT seed="4,2,1,5,4,112" ten="204,164,392,230" oya="0" hai0="38,8,82,111,84,129,27,88,127,63,15,130,18" hai1="14,65,117,85,74,87,80,128,115,97,46,120,44" hai2="81,57,102,86,72,33,56,36,67,91,23,116,50" hai3="47,99,4,31,25,53,110,55,3,22,105,1,106"/><T12/><D38/><U10/><E120/><V29/><F33/><W24/><G110/><T0/><D0/><U132/><E65/><V101/><F36/><W95/><G25/><T2/><D2/><U60/><E60/><N who="2" m="38279" /><F72/><W19/><G3/><T103/><D111/><U114/><E128/><V73/><F73/><W123/><G123/><T13/><D127/><U119/><E74/><V108/><F116/><N who="1" m="44617" /><E97/><V131/><F131/><N who="0" m="50186" /><D103/><U51/><E132/><V20/><F108/><W69/><G69/><T58/><D27/><U62/><E62/><V79/><F79/><W133/><G133/><T26/><D26/><U100/><E100/><N who="2" m="38507" /><F29/><W52/><G31/><T134/><D134/><U121/><E121/><V21/><F57/><W30/><G30/><T64/><AGARI ba="2,1" hai="8,12,13,15,18,58,63,64,82,84,88" m="50186" machi="64" ten="30,3000,0" yaku="19,1,54,1" doraHai="112" who="0" fromWho="0" sc="204,46,164,-12,392,-12,230,-12" /><INIT seed="4,3,0,2,0,98" ten="250,152,380,218" oya="0" hai0="103,28,96,60,120,16,127,118,27,32,7,77,49" hai1="25,110,80,108,36,20,67,53,56,48,55,65,30" hai2="40,73,52,23,74,64,31,97,38,42,132,43,18" hai3="100,50,135,0,2,92,22,3,62,58,89,131,37"/><T75/><D118/><U44/><E36/><V106/><F38/><W72/><G37/><T47/><D120/><U115/><E115/><V6/><F6/><W21/><G72/><T5/><D127/><U82/><E110/><V122/><F64/><N who="1" m="24649" /><E108/><V119/><F31/><W102/><G131/><T41/><D60/><AGARI ba="3,0" hai="20,25,30,44,48,53,55,56,60,80,82" m="24649" machi="60" ten="30,1000,0" yaku="8,1" doraHai="98" who="1" fromWho="0" sc="250,-19,152,19,380,0,218,0" /><INIT seed="5,0,0,1,2,65" ten="231,171,380,218" oya="1" hai0="68,108,101,51,87,12,53,75,91,46,48,4,59" hai1="89,13,36,96,52,107,56,94,90,30,102,39,100" hai2="120,57,82,11,95,99,112,31,97,27,85,127,5" hai3="117,19,8,29,74,88,111,35,128,64,58,134,43"/><U121/><E121/><V93/><F120/><W41/><G111/><T130/><D108/><U38/><E30/><V123/><F123/><W98/><G74/><T9/><D75/><U80/><E107/><V26/><F127/><W131/><G134/><T23/><D130/><N who="3" m="49705" /><G117/><T63/><D101/><U17/><E89/><V40/><F40/><W49/><G29/><T32/><D32/><U28/><E28/><V132/><F132/><W77/><G77/><T135/><D135/><U20/><REACH who="1" step="1"/><E80/><REACH who="1" ten="231,161,380,218" step="2"/><V3/><F82/><W81/><G35/><T50/><D91/><U113/><E113/><V83/><F31/><W15/><G98/><T78/><D78/><U84/><E84/><V124/><F112/><W7/><G88/><T6/><D87/><U22/><E22/><V122/><F122/><W118/><G81/><T54/><D23/><U37/><N who="1" m="9216" /><DORA hai="79" /><U133/><E133/><V72/><F72/><W110/><G110/><T16/><D9/><U125/><E125/><V115/><F115/><W0/><G118/><T24/><D46/><U47/><E47/><V86/><F124/><W126/><G126/><T71/><D4/><U18/><E18/><V116/><F116/><W44/><G19/><T33/><D6/><U119/><E119/><V105/><F105/><W66/><G8/><T34/><D16/><U55/><E55/><V14/><F86/><W21/><G44/><T42/><D53/><U62/><AGARI ba="0,1" hai="13,17,20,52,56,62,90,94,96,100,102" m="9216" machi="62" ten="60,11700,0" yaku="1,1,0,1,54,1,53,0" doraHai="65,79" doraHaiUra="60,1" who="1" fromWho="1" sc="231,-39,161,127,380,-39,218,-39" /><INIT seed="5,1,0,2,4,38" ten="192,288,341,179" oya="1" hai0="52,115,119,9,103,33,67,110,54,61,40,13,41" hai1="46,122,23,74,60,44,1,117,56,135,128,81,64" hai2="53,0,105,12,121,120,127,51,4,123,86,5,28" hai3="102,6,133,22,94,7,97,11,69,79,75,111,55"/><U70/><E117/><V39/><F39/><W32/><G111/><T130/><D33/><U42/><E122/><V126/><F105/><W31/><G32/><T26/><D110/><U90/><E128/><V88/><F28/><W36/><G69/><T134/><D119/><U58/><E46/><N who="2" m="27895" /><F12/><W113/><G113/><T95/><D115/><U47/><E47/><V106/><F106/><W34/><G34/><T107/><D107/><U2/><E135/><V57/><F57/><W72/><G79/><T89/><D103/><U17/><E58/><V20/><F20/><W68/><G68/><T84/><D130/><U59/><E59/><V73/><F73/><W92/><G55/><N who="0" m="21035" /><D134/><U45/><E45/><V96/><F96/><W116/><G116/><T21/><D67/><U108/><E56/><V25/><F25/><W76/><G36/><T80/><D61/><U35/><E35/><V77/><F77/><W3/><G76/><N who="0" m="46087" /><D21/><U15/><E108/><V14/><F0/><W43/><G75/><T24/><D26/><U49/><E74/><V50/><F14/><W114/><G72/><T78/><D24/><U18/><E1/><V65/><F65/><W30/><G133/><T93/><D78/><U62/><E2/><V63/><F50/><W48/><G114/><T112/><D112/><U132/><E132/><V104/><F63/><W71/><G71/><T27/><D27/><N who="1" m="14831" /><E64/><V124/><F104/><W85/><G22/><T83/><D83/><AGARI ba="1,0" hai="4,5,83,86,88,120,121,123,124,126,127" m="27895" machi="83" ten="40,2600,0" yaku="18,1,54,1" doraHai="38" who="2" fromWho="0" sc="192,-29,288,0,341,29,179,0" /><INIT seed="6,0,0,1,2,132" ten="163,288,370,179" oya="2" hai0="107,85,37,72,116,88,82,29,50,26,102,30,49" hai1="123,23,62,58,121,32,100,133,24,11,52,46,47" hai2="67,59,55,101,65,104,61,44,63,96,125,86,84" hai3="89,83,35,33,111,97,129,45,118,2,108,39,60"/><V34/><F34/><W78/><G118/><T12/><D37/><U48/><E32/><V112/><F112/><W117/><G117/><T3/><D3/><U94/><E133/><V5/><F5/><W103/><G89/><T115/><D116/><U15/><E121/><V21/><F125/><W114/><G60/><T42/><D115/><U71/><E71/><V135/><F135/><W90/><G90/><T98/><D12/><U79/><E79/><V80/><F21/><W87/><G114/><T53/><D42/><U99/><E123/><V22/><F22/><W130/><G2/><T70/><D70/><U41/><E41/><V6/><F6/><W91/><G91/><T131/><D131/><N who="3" m="50185" /><G45/><T54/><D72/><U18/><REACH who="1" step="1"/><E62/><REACH who="1" ten="163,278,370,179" step="2"/><V124/><F63/><W69/><G69/><T93/><D107/><U64/><E64/><V74/><F67/><W13/><G35/><T66/><D66/><U120/><E120/><V27/><F61/><W14/><G33/><T40/><D40/><U43/><E43/><V0/><F65/><W57/><G39/><T81/><D82/><U122/><E122/><V25/><F80/><W9/><G83/><T4/><D50/><U51/><E51/><V56/><F104/><W19/><G78/><T134/><D134/><U28/><AGARI ba="0,1" hai="11,15,18,23,24,28,46,47,48,52,58,94,99,100" machi="28" ten="20,8000,1" yaku="1,1,0,1,7,1,8,1,54,1,53,0" doraHai="132" doraHaiUra="109" who="1" fromWho="1" sc="163,-20,278,90,370,-40,179,-20" /><INIT seed="7,0,0,4,0,68" ten="143,368,330,159" oya="3" hai0="64,94,125,43,22,63,40,30,97,51,71,29,99" hai1="131,2,19,53,25,62,98,123,88,72,49,20,89" hai2="103,81,16,31,0,116,122,52,127,21,35,87,82" hai3="3,6,104,26,86,92,45,90,60,119,1,67,75"/><W27/><G119/><T59/><D125/><U124/><E123/><V11/><F116/><W5/><G75/><T126/><D126/><U58/><E124/><V96/><F122/><W95/><G104/><T70/><D71/><U74/><E2/><V121/><F121/><W55/><G3/><T50/><D70/><U102/><E131/><V77/><F127/><W115/><G115/><T9/><D9/><U23/><E74/><V83/><F35/><W48/><G1/><T33/><D33/><U4/><E4/><N who="3" m="1642" /><G95/><T38/><D99/><U42/><E72/><V84/><F0/><W54/><G67/><T32/><D32/><U7/><E7/><V37/><F37/><W117/><G117/><T17/><D38/><U100/><E100/><V129/><F129/><W69/><G69/><T111/><D111/><U105/><E42/><N who="0" m="15913" /><D30/><U12/><E62/><V13/><F84/><W93/><G93/><T80/><D80/><U106/><E106/><V114/><F114/><W133/><G133/><T24/><D17/><AGARI ba="0,0" hai="12,17,19,20,23,25,49,53,58,88,89,98,102,105" machi="17" ten="30,2000,0" yaku="7,1,54,1" doraHai="68" who="1" fromWho="0" sc="143,-20,368,20,330,0,159,0" owari="123,-38.0,388,49.0,330,13.0,159,-24.0" /></mjloggm>