<mjloggm ver="2.3"><GO type="169" lobby="0"/><UN n0="%E3%82%89%E3%81%8F%E3%81%A0%EF%BC%90%EF%BC%91%EF%BC%90%EF%BC%99" n1="%E5%9F%BA%E7%A4%8E%E8%AB%96" n2="%E3%81%9F%E3%81%BE%E3%81%AD%E3%81%8E%E5%89%A3%E5%A3%AB" n3="%E3%81%94%E3%82%8D%E3%81%AB%E3%82%83%E3%83%BC" dan="16,18,16,17" rate="2129.78,2139.38,2057.35,2115.13" sx="M,M,M,M"/><TAIKYOKU oya="0"/><INIT seed="0,0,0,1,3,43" ten="250,250,250,250" oya="0" hai0="59,69,94,32,25,102,31,93,111,88,103,120,75" hai1="64,68,45,51,36,130,127,47,109,50,112,125,23" hai2="58,6,42,1,46,70,49,22,18,117,62,115,124" hai3="30,8,76,48,61,3,53,118,11,105,100,123,24"/><T80/><D120/><U89/><E89/><V98/><F115/><W65/><G118/><T60/><D69/><U106/><E106/><V121/><F117/><W90/><G76/><T66/><D111/><U34/><E34/><V40/><F70/><W128/><G3/><T10/><D94/><U9/><E9/><V95/><F124/><N who="1" m="47689" /><E112/><V74/><F74/><W97/><G90/><T17/><D75/><U55/><E23/><V13/><F121/><W35/><G128/><T101/><D80/><U28/><E28/><V113/><F113/><W67/><G67/><T21/><D10/><U122/><E122/><V41/><F6/><W108/><G108/><T119/><D119/><U16/><E16/><V26/><F1/><W73/><G73/><T71/><D71/><U85/><E85/><V57/><F13/><W2/><G2/><T91/><REACH who="0" step="1"/><D93/><REACH who="0" ten="240,250,250,250" step="2"/><U52/><E109/><V78/><F95/><W14/><G123/><T72/><D72/><U5/><E5/><V110/><F110/><W19/><G8/><T20/><D20/><U114/><E114/><V38/><F22/><W7/><G105/><T54/><D54/><U63/><E36/><V135/><F38/><W129/><G11/><T33/><D33/><U116/><E116/><V104/><F104/><W92/><G35/><T83/><D83/><U4/><E4/><V134/><F135/><W27/><G7/><T37/><D37/><U96/><E96/><V44/><F98/><W12/><G97/><T126/><D126/><U39/><E39/><V87/><F134/><W99/><G99/><T81/><D81/><RYUUKYOKU ba="0,1" sc="240,15,250,15,250,-15,250,-15" hai0="17,21,25,31,32,59,60,66,88,91,101,102,103" hai1="45,47,50,51,52,55,63,64,68,130" /><INIT seed="0,1,1,1,4,119" ten="255,265,235,235" oya="0" hai0="37,111,1,73,101,86,95,21,72,91,102,64,46" hai1="135,16,75,0,113,120,106,100,114,79,68,107,45" hai2="93,12,83,3,17,54,26,112,30,2,60,109,125" hai3="42,80,118,92,84,124,28,57,126,55,14,63,123"/><T67/><D1/><U78/><E68/><V53/><F112/><N who="1" m="43113" /><E0/><V31/><F109/><W52/><G118/><T62/><D111/><U130/><E45/><V13/><F125/><N who="3" m="48235" /><G42/><T51/><D37/><U38/><E38/><V74/><F93/><W77/><G28/><T97/><D102/><U56/><E56/><V35/><F31/><W9/><G92/><T89/><D89/><U8/><E130/><V90/><F2/><W104/><G104/><N who="1" m="39978" /><E100/><V41/><F3/><W40/><G40/><T82/><D21/><U116/><E116/><V66/><F41/><W49/><G55/><T11/><D11/><U131/><E131/><V32/><F32/><W110/><G110/><T69/><D64/><U105/><E105/><V50/><F66/><W71/><G71/><T7/><D7/><U33/><E33/><V36/><F36/><W10/><G63/><T81/><D81/><U115/><E115/><V48/><F60/><W117/><G117/><T25/><D25/><U121/><E135/><V19/><F35/><W47/><G57/><T61/><D61/><U58/><E58/><V128/><F128/><W103/><G103/><T108/><D108/><U96/><E96/><V27/><F30/><W134/><G134/><T34/><D34/><U129/><E129/><V18/><F27/><W76/><G76/><N who="1" m="29226" /><E75/><V5/><F74/><W88/><G77/><T87/><D87/><U29/><E29/><V122/><F26/><W94/><G94/><T99/><D99/><U59/><E59/><V15/><F5/><N who="3" m="3375" /><G10/><T132/><D132/><U44/><E44/><V70/><F70/><RYUUKYOKU ba="1,1" sc="255,10,265,10,235,-30,235,10" hai0="46,51,62,67,69,72,73,82,86,91,95,97,101" hai1="8,16,120,121" hai3="47,49,52,80,84,88,123" /><INIT seed="0,2,1,0,2,115" ten="265,275,205,245" oya="0" hai0="60,0,57,126,37,108,59,58,55,131,89,38,66" hai1="109,79,50,18,70,117,40,23,104,82,29,96,9" hai2="14,98,25,130,127,4,15,16,20,27,12,67,22" hai3="34,86,21,87,77,121,93,41,111,72,101,39,2"/><T49/><D0/><U62/><E70/><V78/><F127/><W125/><G34/><T5/><D5/><U106/><E62/><V110/><F110/><W71/><G111/><T112/><D108/><U73/><E109/><V42/><F130/><W133/><G71/><N who="0" m="42439" /><D89/><U43/><E29/><V116/><F78/><W107/><G125/><T17/><D17/><U134/><E9/><V118/><F67/><W10/><G21/><T44/><D126/><U103/><E104/><V83/><F83/><W46/><G107/><T100/><D100/><U88/><E50/><V19/><F42/><W13/><G133/><T65/><D112/><U1/><E1/><V122/><F122/><W90/><G101/><T129/><D65/><U113/><E134/><V64/><F64/><W128/><G128/><AGARI ba="2,1" hai="37,38,44,49,55,57,58,59,128,129,131" m="42439" machi="128" ten="30,5800,0" yaku="19,1,34,2" doraHai="115" who="0" fromWho="3" sc="265,74,275,0,205,0,245,-64" /><INIT seed="0,3,0,5,1,113" ten="339,275,205,181" oya="0" hai0="44,16,57,53,20,23,54,24,0,132,119,7,68" hai1="63,71,32,105,90,94,55,22,117,47,121,62,116" hai2="13,27,89,10,122,91,21,76,107,130,59,80,4" hai3="131,97,79,75,128,69,33,60,48,81,19,36,96"/><T12/><D68/><U1/><E32/><V126/><F107/><W108/><G36/><T92/><D119/><U85/><E105/><V109/><F109/><W14/><G33/><T29/><D132/><U50/><E121/><V65/><F122/><W58/><G108/><T93/><D0/><U11/><E22/><V28/><F126/><W74/><G48/><N who="0" m="28807" /><D7/><U102/><E102/><V101/><F130/><N who="3" m="49707" /><G69/><T37/><D37/><U124/><E124/><V40/><F40/><W5/><G5/><T17/><D17/><U72/><E72/><V86/><F101/><W129/><N who="3" m="49715" /><W135/><DORA hai="88" /><G75/><T46/><D46/><U95/><E95/><V61/><AGARI ba="3,0" hai="4,10,13,21,27,28,59,61,65,76,80,86,89,91" machi="61" ten="30,2000,0" yaku="0,1,8,1" doraHai="113,88" who="2" fromWho="2" sc="339,-13,275,-8,205,29,181,-8" /><INIT seed="1,0,0,4,5,127" ten="326,267,234,173" oya="1" hai0="80,36,94,77,34,113,47,45,97,33,63,112,57" hai1="65,131,38,71,18,52,40,37,8,17,12,67,9" hai2="74,58,6,91,100,126,28,55,51,32,16,92,68" hai3="93,27,82,26,19,133,134,69,29,79,81,48,39"/><U118/><E118/><V96/><F68/><W101/><G39/><T1/><D1/><U98/><E71/><V56/><F126/><W7/><G69/><T104/><D104/><U73/><E73/><V30/><F74/><W44/><G7/><T130/><D130/><U102/><E131/><V0/><F32/><W59/><G59/><T111/><D111/><U114/><E114/><V99/><F6/><W110/><G110/><T72/><D113/><U109/><E109/><V106/><F0/><W2/><G2/><T62/><D62/><U76/><E76/><V116/><F116/><W46/><G19/><T121/><D121/><U124/><E124/><V119/><F119/><W53/><G46/><T21/><D112/><U35/><E35/><V23/><REACH who="2" step="1"/><F56/><REACH who="2" ten="326,267,224,173" step="2"/><W75/><G134/><T135/><D135/><U78/><E38/><V43/><F43/><W87/><G133/><T15/><D34/><U49/><E40/><V64/><F64/><W129/><G129/><T4/><D33/><U24/><E37/><V41/><F41/><W70/><G70/><T122/><D122/><U13/><E24/><AGARI ba="0,1" hai="16,23,24,28,30,51,55,58,91,92,96,99,100,106" machi="24" ten="30,3900,0" yaku="1,1,7,1,54,1,53,0" doraHai="127" doraHaiUra="42" who="2" fromWho="1" sc="326,0,267,-39,224,49,173,0" /><INIT seed="2,0,0,2,1,102" ten="326,228,273,173" oya="2" hai0="86,31,107,105,35,28,62,65,26,63,34,96,90" hai1="115,101,95,9,52,121,32,94,15,135,37,80,69" hai2="20,0,54,110,25,116,42,92,84,58,88,117,78" hai3="127,59,2,89,100,118,72,55,44,8,11,21,76"/><V7/><F110/><W10/><G118/><T98/><D86/><U108/><E69/><V133/><F133/><W128/><G128/><T99/><D90/><U12/><E37/><V23/><F23/><W123/><G123/><T109/><D109/><U45/><E32/><N who="0" m="12329" /><D26/><U30/><E30/><N who="0" m="11305" /><D65/><U61/><E121/><V103/><F42/><W56/><G89/><T3/><D3/><U75/><E135/><V112/><F112/><W29/><G2/><T40/><D40/><U18/><E115/><V131/><F131/><W83/><G44/><T130/><D130/><U46/><E75/><V71/><F71/><W119/><G119/><T50/><D50/><U17/><E80/><V104/><F78/><W81/><G81/><T16/><D16/><U129/><E129/><V82/><F82/><W122/><G122/><T13/><D13/><U49/><E108/><V38/><F38/><W66/><G66/><T22/><D22/><U73/><E73/><V97/><F0/><W5/><G59/><T24/><D24/><U125/><E49/><V27/><F27/><W70/><G70/><T57/><D57/><N who="1" m="34983" /><E46/><V77/><F77/><W126/><G56/><T120/><D120/><U19/><E45/><V33/><F33/><W87/><G55/><T124/><D124/><U1/><E125/><N who="3" m="47626" /><G72/><T67/><D67/><U4/><E95/><V6/><F116/><W39/><G39/><T14/><D14/><N who="1" m="5163" /><E94/><V48/><F117/><W113/><G113/><T51/><D51/><U91/><E91/><V53/><F54/><W64/><G64/><T111/><D111/><U68/><E68/><RYUUKYOKU ba="0,0" sc="326,10,228,10,273,10,173,-30" hai0="62,63,96,98,99,105,107" hai1="1,4,9,17,18,19,101" hai2="6,7,20,25,48,53,58,84,88,92,97,103,104" /><INIT seed="2,1,0,2,2,99" ten="336,238,283,143" oya="2" hai0="88,94,51,36,123,52,111,47,54,93,102,124,84" hai1="53,71,32,130,0,30,106,1,98,134,20,35,24" hai2="65,105,81,107,135,96,25,21,112,29,80,9,69" hai3="41,117,55,57,23,27,79,131,64,3,61,38,122"/><V22/><F112/><W92/><G122/><T76/><D123/><U82/><E71/><V15/><F135/><W101/><G3/><T2/><D2/><U133/><E82/><V19/><F9/><W67/><G117/><T91/><D124/><U89/><E53/><V125/><F125/><W110/><G110/><T104/><D36/><U108/><E89/><V50/><F50/><W73/><G131/><T74/><D111/><U116/><E108/><V90/><F90/><W45/><G73/><T16/><D104/><U118/><E98/><V42/><F42/><W114/><G79/><T60/><D74/><U6/><E106/><V85/><F85/><W56/><G114/><T86/><D76/><U75/><E75/><V119/><F119/><N who="1" m="45609" /><E130/><V103/><REACH who="2" step="1"/><F107/><REACH who="2" ten="336,238,273,143" step="2"/><W49/><G38/><T120/><D120/><U77/><E77/><V78/><F78/><W127/><G127/><T113/><D113/><U10/><E0/><V97/><F97/><N who="3" m="59559" /><G57/><N who="0" m="34871" /><D102/><U43/><E43/><V95/><F95/><W58/><G58/><T7/><D7/><U100/><E100/><V14/><F14/><W62/><G62/><AGARI ba="1,1" hai="15,19,21,22,25,29,62,65,69,80,81,96,103,105" machi="62" ten="40,3900,0" yaku="1,1,52,1,53,0" doraHai="99" doraHaiUra="132" who="2" fromWho="3" sc="336,0,238,0,273,52,143,-42" /><INIT seed="2,2,0,0,4,30" ten="336,238,325,101" oya="2" hai0="122,116,112,81,92,32,67,117,87,99,54,38,44" hai1="18,85,13,110,82,75,78,51,36,74,49,64,33" hai2="88,17,101,35,72,39,130,125,105,135,69,27,9" hai3="65,79,91,108,106,123,57,119,50,86,61,11,42"/><V134/><F72/><W131/><G123/><T59/><D122/><U29/><E36/><V14/><F69/><W37/><G119/><T60/><D112/><U10/><E64/><V89/><F39/><W120/><G120/><T104/><D104/><U21/><E110/><V24/><F125/><W45/><G106/><T68/><D32/><U15/><E33/><V111/><F111/><W84/><G108/><T40/><D81/><U3/><E3/><V66/><F66/><W114/><G114/><T113/><D87/><U58/><E29/><N who="2" m="19879" /><F27/><W76/><G86/><T41/><D113/><U20/><E20/><V124/><F124/><W56/><G11/><T71/><D40/><U96/><E96/><N who="2" m="61607" /><F130/><W52/><REACH who="3" step="1"/><G131/><REACH who="3" ten="336,238,325,91" step="2"/><T103/><REACH who="0" step="1"/><D68/><REACH who="0" ten="326,238,325,91" step="2"/><U62/><E74/><V8/><F135/><W26/><G26/><T126/><D126/><U109/><E75/><V115/><F134/><W47/><G47/><T63/><AGARI ba="2,2" hai="38,41,44,54,59,60,63,67,71,92,99,103,116,117" machi="63" ten="30,4000,0" yaku="1,1,0,1,53,1" doraHai="30" doraHaiUra="53" who="0" fromWho="0" sc="326,66,238,-12,325,-22,91,-12" /><INIT seed="3,0,0,1,1,122" ten="392,226,303,79" oya="3" hai0="70,74,91,120,38,40,73,5,85,66,15,33,67" hai1="2,50,103,96,61,34,35,133,17,80,125,9,82" hai2="126,60,10,1,111,20,65,29,24,14,39,83,18" hai3="110,89,25,47,55,71,100,64,31,97,48,45,28"/><W22/><G110/><T79/><D33/><U53/><E125/><V90/><F39/><W4/><G4/><T95/><D120/><U76/><E82/><V41/><F126/><W8/><G8/><T132/><D132/><U59/><E133/><V84/><F41/><W114/><G114/><T108/><D108/><U52/><E17/><V32/><F111/><W117/><G117/><T56/><D70/><U57/><E2/><V123/><F123/><W94/><G45/><T127/><D127/><U3/><E3/><V87/><F87/><W49/><G49/><T7/><D74/><U75/><REACH who="1" step="1"/><E9/><REACH who="1" ten="392,216,303,79" step="2"/><V121/><F121/><W46/><G31/><T109/><D109/><U42/><E42/><V128/><F1/><W26/><G28/><T86/><D73/><U69/><E69/><V116/><F116/><W99/><G71/><T63/><D5/><U81/><E81/><V93/><F83/><W68/><G68/><T119/><D119/><U54/><E54/><V16/><F18/><W98/><G64/><N who="0" m="39015" /><D40/><U30/><E30/><V12/><F10/><W77/><G77/><T115/><D115/><U107/><AGARI ba="0,1" hai="34,35,50,52,53,57,59,61,75,76,80,96,103,107" machi="107" ten="20,5200,0" yaku="1,1,0,1,7,1,54,1,53,0" doraHai="122" doraHaiUra="19" who="1" fromWho="1" sc="392,-13,216,62,303,-13,79,-26" /><INIT seed="4,0,0,4,3,113" ten="379,278,290,53" oya="0" hai0="126,98,79,104,59,132,20,10,5,133,107,121,42" hai1="105,22,24,50,57,9,62,49,70,108,28,13,118" hai2="91,54,8,16,87,60,81,77,30,31,76,61,64" hai3="17,14,11,94,124,130,120,35,109,38,55,7,74"/><T93/><D121/><U58/><E108/><V39/><F39/><W83/><G38/><T45/><D126/><U85/><E105/><V47/><F76/><W119/><G109/><T34/><D34/><U46/><E70/><V128/><F128/><W71/><G71/><T75/><D59/><U134/><E134/><N who="0" m="51817" /><D20/><U92/><E58/><V53/><F53/><W88/><G130/><T18/><D18/><U12/><E12/><V95/><F47/><W4/><G35/><T68/><D68/><U127/><E127/><V84/><F64/><W6/><G124/><T115/><D115/><U106/><E106/><V103/><F103/><W1/><G120/><T37/><D79/><U23/><E23/><V72/><F72/><W2/><G55/><T131/><D75/><U63/><E63/><N who="2" m="24139" /><F54/><W116/><G74/><T114/><D114/><U82/><E46/><V67/><F67/><W56/><G56/><T43/><D43/><U110/><E62/><V29/><F29/><W52/><G52/><T69/><D69/><U44/><E44/><V96/><F31/><W66/><G66/><T90/><D131/><U3/><E57/><V19/><F30/><W33/><G33/><T123/><D123/><U25/><E28/><V125/><F125/><W111/><G111/><T26/><D26/><U117/><E25/><V101/><F8/><W112/><G112/><T73/><D73/><U97/><E9/><V40/><F40/><W102/><G1/><AGARI ba="0,0" hai="1,5,10,37,42,45,90,93,98,104,107" m="51817" machi="1" ten="30,1500,0" yaku="20,1" doraHai="113" who="0" fromWho="3" sc="379,15,278,0,290,0,53,-15" /><INIT seed="4,1,0,0,5,56" ten="394,278,290,38" oya="0" hai0="47,6,88,123,74,2,130,131,9,95,104,98,33" hai1="122,75,37,8,87,36,4,89,70,119,110,49,109" hai2="42,25,22,73,64,55,57,120,93,12,34,118,125" hai3="15,26,38,66,60,40,112,86,135,31,21,82,50"/><T108/><D123/><U27/><E119/><V113/><F120/><W103/><G112/><T59/><D74/><U76/><E70/><V44/><F73/><W62/><G38/><T72/><D72/><U68/><E122/><V101/><F118/><W3/><G3/><T106/><D33/><U28/><E37/><V134/><F113/><W133/><G103/><T54/><D108/><U1/><E36/><V30/><F125/><W107/><G107/><T126/><D126/><U51/><E51/><V111/><F111/><W85/><G66/><T80/><D80/><U35/><E68/><V128/><F128/><N who="0" m="49194" /><D47/><U5/><E5/><V29/><F134/><N who="3" m="51211" /><G15/><T65/><D65/><U17/><E76/><V14/><F64/><W52/><G40/><T18/><D18/><U117/><E75/><V100/><F30/><W32/><G32/><T41/><D41/><U67/><E67/><V69/><F34/><W114/><G114/><T132/><D132/><U92/><E117/><V71/><F71/><W45/><G85/><T0/><D0/><U121/><E17/><V13/><F69/><W19/><G19/><T61/><AGARI ba="1,0" hai="2,6,9,54,59,61,88,95,98,104,106" m="49194" machi="61" ten="30,6000,0" yaku="19,1,52,1,54,1" doraHai="56" who="0" fromWho="0" sc="394,63,278,-21,290,-21,38,-21" /><INIT seed="4,2,0,5,3,44" ten="457,257,269,17" oya="0" hai0="59,83,25,50,16,112,51,52,20,53,24,43,8" hai1="124,88,102,99,82,120,4,126,60,110,107,122,12" hai2="36,7,131,90,111,92,2,91,72,21,49,118,23" hai3="108,109,55,106,119,121,104,22,128,127,26,123,13"/><T1/><D112/><U85/><E60/><V78/><F36/><W80/><G13/><T28/><D43/><U45/><E45/><V0/><F111/><W113/><G22/><T11/><D1/><U17/><E4/><V10/><F131/><W19/><G19/><T93/><D83/><U74/><E17/><V9/><F118/><W39/><G26/><T130/><D130/><U30/><E30/><V47/><F72/><W117/><G128/><T87/><D87/><U56/><E56/><V65/><F78/><W35/><G35/><T42/><D42/><U77/><E12/><V125/><F125/><N who="1" m="48233" /><E110/><N who="3" m="42602" /><G127/><T71/><D71/><U97/><E97/><V86/><F65/><W58/><G39/><T64/><D64/><U54/><E54/><V135/><F135/><W132/><G80/><AGARI ba="2,0" hai="74,77,80,82,85,88,99,102,107,120,122" m="48233" machi="80" ten="30,7700,0" yaku="18,1,34,2,54,1" doraHai="44" who="1" fromWho="3" sc="457,0,257,83,269,0,17,-83" owari="457,56.0,340,14.0,269,-13.0,-66,-57.0" /></mjloggm>