<mjloggm ver="2.3"><GO type="169" lobby="0"/><UN n0="%E3%82%82%E3%82%84%E3%81%97%E3%82%82%E3%82%93" n1="%E3%82%AB%E3%83%9C%E3%83%81%E3%83%A3%E3%82%BF%E3%83%8D" n2="%E3%82%AB%E3%83%A9%E3%82%B9%E3%81%AE%E5%AD%90" n3="%E7%AB%8B%E8%8F%AF%E5%A5%8F" dan="16,17,16,16" rate="2098.69,2150.42,2086.06,2057.57" sx="F,M,M,F"/><TAIKYOKU oya="0"/><INIT seed="0,0,0,4,1,17" ten="250,250,250,250" oya="0" hai0="62,45,85,118,106,54,101,115,28,39,6,56,102" hai1="105,66,112,14,8,93,122,74,53,57,130,77,83" hai2="2,23,121,125,86,124,32,21,60,111,25,120,3" hai3="13,103,65,100,87,55,22,47,48,129,9,37,71"/><T127/><D115/><U33/><E33/><V1/><F86/><W110/><G129/><T11/><D118/><U35/><E35/><V89/><F89/><W40/><G110/><T18/><D28/><U12/><E105/><V50/><F60/><W10/><G87/><T7/><D127/><N who="2" m="48714" /><F111/><W114/><G114/><T96/><D102/><U95/><E112/><V30/><F50/><W68/><G9/><T92/><D106/><U63/><E130/><V88/><F88/><W108/><G108/><T41/><D11/><U135/><E122/><AGARI ba="0,0" hai="1,2,3,21,23,25,30,32,120,121,122" m="48714" machi="122" ten="40,8000,1" yaku="18,1,34,2,52,2" doraHai="17" who="2" fromWho="1" sc="250,0,250,-80,250,80,250,0" /><INIT seed="1,0,0,5,3,3" ten="250,170,330,250" oya="1" hai0="30,112,108,37,50,102,52,38,5,65,128,13,72" hai1="32,88,83,0,77,74,27,122,6,121,113,90,18" hai2="64,120,44,39,45,48,41,117,78,21,99,2,110" hai3="58,126,82,132,12,73,131,40,34,35,24,89,33"/><U61/><E113/><V92/><F120/><W66/><G126/><T86/><D112/><U101/><E101/><V15/><F117/><W43/><G131/><T87/><D72/><U130/><E130/><V69/><F2/><W25/><G132/><T10/><D128/><U68/><E18/><V8/><F110/><W26/><G12/><T104/><D108/><U91/><E68/><V96/><F78/><W80/><G73/><T97/><D65/><U76/><E61/><V106/><F106/><W105/><G105/><T125/><D125/><U49/><E77/><V111/><F111/><W133/><G133/><T11/><D30/><U114/><E114/><V100/><F96/><W67/><G58/><T63/><D63/><U46/><E27/><V119/><F119/><W53/><G53/><T42/><D11/><U57/><E57/><V118/><F118/><W4/><G89/><T109/><D109/><U54/><REACH who="1" step="1"/><E32/><REACH who="1" ten="250,160,330,250" step="2"/><V62/><F69/><W129/><G129/><T9/><D102/><U103/><E103/><V22/><F62/><W14/><G26/><T16/><D16/><U28/><E28/><V94/><F64/><W98/><G34/><T7/><D104/><U115/><E115/><V19/><F92/><W23/><G35/><T85/><D5/><U71/><E71/><V79/><F79/><W124/><G4/><T127/><D127/><U135/><E135/><V123/><F123/><W47/><G124/><T93/><D7/><U116/><E116/><V134/><F134/><W56/><G33/><T81/><D93/><U84/><E84/><V75/><F75/><RYUUKYOKU ba="0,1" sc="250,-15,160,15,330,15,250,-15" hai1="0,6,46,49,54,74,76,83,88,90,91,121,122" hai2="8,15,19,21,22,39,41,44,45,48,94,99,100" /><INIT seed="1,1,1,2,5,38" ten="235,175,345,235" oya="1" hai0="53,80,98,33,89,102,99,59,41,6,32,77,69" hai1="34,40,86,11,23,118,122,128,109,110,66,103,96" hai2="39,84,0,126,35,104,60,9,87,61,44,125,133" hai3="131,85,73,130,116,20,13,127,5,76,29,22,27"/><U117/><E34/><V58/><F104/><W88/><G116/><T24/><D69/><U92/><E122/><V70/><F35/><W42/><G127/><N who="2" m="48649" /><F70/><W56/><G76/><T55/><D6/><U134/><E134/><V101/><F101/><W113/><G73/><T124/><D124/><U79/><E128/><N who="3" m="49194" /><G56/><T72/><D89/><U30/><E11/><V135/><F61/><W106/><G106/><T67/><D67/><U111/><E66/><N who="2" m="39191" /><F9/><N who="3" m="4271" /><G113/><T97/><D102/><U3/><E3/><V57/><F0/><W95/><G20/><T21/><D55/><U1/><E1/><V91/><F57/><W48/><G48/><T114/><D114/><U78/><E40/><AGARI ba="1,1" hai="22,27,29,40,42,85,88,95" m="4271,49194" machi="40" ten="30,7700,0" yaku="19,1,52,2,54,1" doraHai="38" who="3" fromWho="1" sc="235,0,175,-80,345,0,235,90" /><INIT seed="2,0,0,0,2,96" ten="235,95,345,325" oya="2" hai0="22,4,94,90,44,108,6,65,93,5,26,20,16" hai1="69,2,103,58,19,3,84,8,53,92,81,79,119" hai2="1,68,10,57,39,33,78,101,120,60,129,117,52" hai3="32,131,63,76,54,56,102,27,118,13,86,29,95"/><V18/><F120/><W106/><G118/><T48/><D108/><U97/><E69/><V87/><F117/><W99/><G131/><T37/><D37/><U122/><E119/><V36/><F33/><W111/><G111/><T11/><D65/><U59/><E122/><V83/><F129/><W38/><G38/><T45/><D11/><U61/><E8/><V130/><F130/><W85/><G76/><T15/><D90/><U89/><E19/><V62/><F39/><W105/><REACH who="3" step="1"/><G13/><REACH who="3" ten="235,95,345,315" step="2"/><T51/><D44/><U113/><E113/><V55/><F36/><W9/><G9/><T77/><D77/><U125/><E125/><V134/><F1/><W7/><G7/><T30/><REACH who="0" step="1"/><D51/><REACH who="0" ten="225,95,345,315" step="2"/><U128/><E128/><V46/><F78/><W74/><G74/><T0/><D0/><U135/><E135/><V98/><F10/><W123/><G123/><T24/><D24/><U121/><E121/><V17/><F46/><W104/><AGARI ba="0,2" hai="27,29,32,54,56,63,85,86,95,99,102,104,105,106" machi="104" ten="30,4000,0" yaku="1,1,0,1,52,1,53,0" doraHai="96" doraHaiUra="124" who="3" fromWho="3" sc="225,-10,95,-10,345,-20,315,60" /><INIT seed="3,0,0,1,1,18" ten="215,85,325,375" oya="3" hai0="78,52,49,1,57,26,5,20,102,120,24,91,81" hai1="113,76,99,89,122,53,64,134,50,95,107,115,126" hai2="104,27,67,40,28,3,93,58,23,17,25,90,133" hai3="71,70,44,36,80,68,135,34,96,73,132,119,87"/><W59/><G73/><T74/><D120/><U131/><E122/><V4/><F104/><W43/><G34/><T82/><D102/><U41/><E41/><V85/><F133/><N who="3" m="51275" /><G96/><T127/><D127/><U14/><E64/><V19/><F40/><W13/><G13/><T39/><D39/><U35/><E35/><V77/><F77/><N who="3" m="46479" /><G59/><T121/><D121/><U33/><E33/><V75/><F75/><W2/><G2/><T100/><D100/><U22/><E134/><V60/><REACH who="2" step="1"/><F27/><REACH who="2" ten="215,85,315,375" step="2"/><W61/><G119/><T116/><D116/><U111/><E107/><V69/><F69/><W94/><G94/><T0/><D26/><U15/><E126/><V114/><F114/><W110/><G110/><T55/><D74/><U125/><E125/><V29/><F29/><W103/><G103/><T46/><D78/><U10/><E111/><V54/><F54/><W101/><G101/><T63/><D91/><U130/><E115/><V118/><F118/><W38/><G38/><T8/><D1/><U11/><E113/><V51/><F51/><W128/><G128/><N who="1" m="49194" /><E76/><V62/><F62/><AGARI ba="0,1" hai="36,43,44,61,62,68,70,71" m="46479,51275" machi="62" ten="40,2000,0" yaku="20,1" doraHai="18" who="3" fromWho="2" sc="215,0,85,0,315,-20,375,30" /><INIT seed="3,1,0,3,1,97" ten="215,85,295,405" oya="3" hai0="46,26,95,70,73,126,88,27,132,91,98,58,66" hai1="0,80,79,83,130,50,133,65,99,135,93,48,75" hai2="12,118,21,55,1,20,69,110,28,16,5,41,77" hai3="116,124,64,31,112,15,32,107,134,71,11,4,87"/><W60/><G112/><T119/><D70/><U123/><E0/><V45/><F118/><W74/><G116/><T25/><D119/><U111/><E50/><V56/><F69/><W86/><G74/><T82/><D126/><U104/><E48/><V18/><F110/><W38/><G38/><T3/><D3/><U40/><E65/><V42/><F28/><W24/><G124/><T103/><D132/><U14/><E14/><V39/><F42/><W43/><G43/><T53/><D73/><U33/><E40/><V109/><F109/><W131/><G134/><N who="1" m="51210" /><E33/><V9/><F77/><W117/><G117/><T34/><D34/><U59/><E59/><V52/><REACH who="2" step="1"/><F56/><REACH who="2" ten="215,85,285,405" step="2"/><W100/><REACH who="3" step="1"/><G131/><REACH who="3" ten="215,85,285,395" step="2"/><T92/><D66/><U120/><E130/><V125/><F125/><W30/><G30/><T115/><D115/><U76/><E111/><V19/><F19/><W23/><G23/><T62/><D46/><U106/><E120/><V35/><F35/><W105/><G105/><T10/><D10/><U47/><E123/><V8/><F8/><W81/><G81/><T108/><D108/><U68/><E47/><V22/><F22/><W36/><G36/><T84/><REACH who="0" step="1"/><D26/><AGARI ba="1,2" hai="1,5,9,12,16,18,20,21,26,39,41,45,52,55" machi="26" ten="30,7700,0" yaku="1,1,7,1,54,2,53,0" doraHai="97" doraHaiUra="63" who="2" fromWho="0" sc="215,-80,85,0,285,100,395,0" /><INIT seed="4,0,0,1,2,132" ten="135,85,385,395" oya="0" hai0="31,16,104,100,17,43,53,103,92,52,70,64,97" hai1="61,85,108,4,50,2,58,82,21,112,115,114,7" hai2="107,27,88,76,86,87,123,79,12,35,5,90,36" hai3="135,98,42,133,26,23,74,39,44,24,116,22,77"/><T45/><D31/><U72/><E108/><V67/><F36/><W127/><G116/><T20/><D70/><U113/><N who="1" m="28672" /><DORA hai="49" /><U105/><E105/><V131/><F107/><W0/><G0/><T40/><D64/><U65/><E72/><V10/><F123/><W94/><G77/><N who="2" m="29769" /><F35/><W106/><G106/><T30/><D104/><U47/><E2/><V111/><F111/><W125/><G74/><T29/><D45/><U128/><E128/><V28/><F131/><W13/><G13/><N who="0" m="9231" /><D17/><U95/><E95/><N who="2" m="54679" /><F67/><W84/><G84/><T93/><D29/><U91/><REACH who="1" step="1"/><E21/><REACH who="1" ten="135,75,385,395" step="2"/><V51/><F10/><W120/><G22/><T59/><D30/><U66/><E66/><V56/><F28/><W14/><G23/><T124/><D93/><U83/><E83/><V121/><F121/><W25/><G14/><T34/><D34/><U37/><E37/><V68/><F12/><W33/><G120/><T89/><D100/><U63/><E63/><V32/><F32/><W62/><G62/><N who="0" m="36199" /><D103/><U18/><E18/><V55/><F27/><W9/><G33/><T75/><D75/><U8/><E8/><V122/><F122/><W134/><G9/><T130/><D130/><U46/><E46/><V99/><F68/><W54/><G134/><T117/><D117/><U110/><E110/><V48/><F5/><W81/><G135/><T118/><D118/><U57/><E57/><V60/><F56/><W69/><G133/><T19/><D19/><U41/><AGARI ba="0,1" hai="4,7,41,47,50,58,61,65,82,85,91" m="28672" machi="41" ten="60,16000,3" yaku="1,1,0,1,15,1,11,1,53,4" doraHai="132,49" doraHaiUra="96,109" who="1" fromWho="1" sc="135,-80,75,170,385,-40,395,-40" /><INIT seed="5,0,0,1,4,104" ten="55,245,345,355" oya="1" hai0="102,103,8,100,110,58,24,76,81,38,69,92,68" hai1="121,5,61,34,125,112,105,45,28,54,85,43,124" hai2="90,64,3,113,7,62,26,59,72,23,86,52,50" hai3="111,41,6,53,31,10,17,44,79,80,9,126,87"/><U131/><E121/><V16/><F72/><W73/><G111/><T33/><D110/><U96/><E112/><V123/><F123/><W27/><G126/><N who="1" m="48746" /><E131/><V134/><F134/><W14/><G53/><T127/><D127/><U116/><E116/><V135/><F135/><W13/><G87/><T117/><D117/><U22/><E34/><V108/><F108/><W40/><REACH who="3" step="1"/><G44/><REACH who="3" ten="55,245,345,345" step="2"/><T12/><D38/><U133/><E133/><V118/><F118/><W2/><G2/><T109/><D109/><U4/><E54/><V93/><F113/><W98/><G98/><T78/><D58/><U115/><E115/><V107/><F3/><W55/><G55/><T66/><D66/><U37/><E85/><V42/><F42/><W29/><G29/><T15/><D81/><U47/><E47/><N who="2" m="27743" /><F107/><W1/><G1/><T84/><D84/><U88/><E105/><V60/><F62/><W74/><G74/><T35/><D92/><N who="1" m="56327" /><E61/><V46/><F46/><W71/><G71/><T101/><D68/><U0/><E0/><V99/><F86/><W36/><G36/><T49/><D69/><U30/><E30/><V120/><F120/><W114/><G114/><T67/><D67/><U39/><E39/><V82/><F82/><W129/><G129/><T97/><D97/><U122/><E122/><V91/><F7/><W25/><G25/><AGARI ba="0,1" hai="4,5,22,25,28,37,43,45" m="56327,48746" machi="25" ten="30,2900,0" yaku="18,1,54,1" doraHai="104" who="1" fromWho="3" sc="55,0,245,39,345,0,345,-29" /><INIT seed="5,1,0,5,2,127" ten="55,284,345,316" oya="1" hai0="32,54,5,1,86,25,72,64,119,131,81,108,59" hai1="118,106,116,50,125,40,52,126,84,98,71,105,102" hai2="90,45,14,94,48,24,2,122,38,107,129,109,43" hai3="124,73,76,41,30,83,113,35,123,121,67,3,60"/><U68/><E40/><V93/><F109/><W82/><G124/><N who="1" m="47722" /><E84/><V0/><F122/><W63/><G3/><T29/><D72/><U96/><E96/><V112/><F107/><W132/><G132/><T17/><D108/><U51/><E51/><V61/><F112/><W33/><G113/><T13/><D119/><N who="1" m="45611" /><E105/><V75/><F75/><W39/><G41/><T104/><D104/><U4/><E4/><V10/><F61/><W19/><G73/><T133/><D64/><U34/><E34/><V135/><F135/><W9/><G67/><T89/><D133/><U80/><E80/><V87/><F24/><W130/><G39/><T100/><D100/><U23/><E23/><V6/><F94/><W111/><G76/><T53/><D59/><AGARI ba="1,0" hai="50,52,59,68,71,98,102,106" m="45611,47722" machi="59" ten="30,2900,0" yaku="18,1,54,1" doraHai="127" who="1" fromWho="0" sc="55,-32,284,32,345,0,316,0" /><INIT seed="5,2,0,3,4,2" ten="23,316,345,316" oya="1" hai0="124,91,16,95,6,90,20,85,10,77,55,103,21" hai1="115,84,49,65,25,30,27,96,33,116,31,100,28" hai2="87,35,111,75,57,107,110,118,22,92,39,76,101" hai3="17,82,24,98,125,48,29,43,70,97,120,114,61"/><U8/><E116/><V72/><F118/><W60/><G120/><T113/><D124/><U15/><E115/><V122/><F39/><W51/><G114/><T53/><D113/><U105/><E27/><V81/><F35/><W42/><G125/><T12/><D77/><U86/><E86/><V69/><F69/><W32/><G82/><T44/><D103/><U64/><E49/><V127/><F127/><W38/><G38/><T134/><D134/><U78/><E64/><V133/><F133/><W5/><G17/><T40/><D21/><U14/><E65/><V117/><F117/><W9/><G70/><T34/><D34/><U94/><E15/><V56/><F122/><W108/><G108/><T83/><D44/><U0/><E0/><V68/><F68/><W129/><G129/><T66/><D40/><U50/><E50/><V11/><F75/><W126/><G126/><T123/><D66/><U45/><E45/><V121/><F72/><W36/><G36/><T26/><REACH who="0" step="1"/><D123/><REACH who="0" ten="13,316,345,316" step="2"/><U41/><E41/><V112/><F121/><W46/><G42/><T19/><D19/><U3/><E78/><V93/><F112/><W80/><G43/><T99/><AGARI ba="2,1" hai="6,10,12,16,20,26,53,55,83,85,90,91,95,99" machi="99" ten="20,12000,2" yaku="1,1,0,1,7,1,8,1,52,1,54,1,53,0" doraHai="2" doraHaiUra="131" who="0" fromWho="0" sc="13,136,316,-62,345,-32,316,-32" /><INIT seed="6,0,0,5,3,129" ten="149,254,313,284" oya="2" hai0="52,39,50,22,69,88,127,40,84,75,44,65,112" hai1="89,114,12,81,45,17,10,11,27,91,3,76,33" hai2="86,60,34,21,56,73,109,71,38,95,134,101,120" hai3="102,72,94,59,57,68,105,118,48,96,117,124,49"/><V5/><F120/><W74/><G68/><T36/><D75/><U23/><E114/><V108/><F38/><W77/><G124/><T121/><D112/><U53/><E3/><V47/><F73/><W7/><G7/><T41/><D127/><U0/><E0/><V28/><F34/><W14/><G14/><T37/><D121/><U4/><E11/><V126/><F126/><W13/><G13/><T135/><D135/><U110/><E33/><V20/><F5/><W113/><G113/><T122/><D122/><U125/><E125/><V24/><F47/><W98/><G94/><T30/><D30/><U99/><E99/><N who="2" m="59647" /><F134/><W123/><G123/><T67/><D22/><U61/><E110/><N who="2" m="42603" /><F71/><W42/><G102/><T6/><D6/><U16/><E4/><V70/><F70/><W100/><G100/><T87/><D87/><U128/><E128/><V64/><F86/><W119/><G119/><T116/><D116/><U79/><E81/><V133/><F133/><W131/><G131/><T130/><D130/><U26/><E26/><V29/><F20/><W115/><G115/><T32/><D32/><U85/><E85/><V104/><F29/><W80/><G80/><N who="0" m="49159" /><D69/><U107/><E107/><AGARI ba="0,0" hai="21,24,28,56,60,64,104,107" m="42603,59647" machi="107" ten="30,2900,0" yaku="25,1,10,1" doraHai="129" who="2" fromWho="1" sc="149,0,254,-29,313,29,284,0" /><INIT seed="6,1,0,1,2,93" ten="149,225,342,284" oya="2" hai0="84,98,35,21,57,62,121,103,125,46,82,28,30" hai1="112,36,12,4,116,123,102,126,129,55,119,15,99" hai2="95,9,14,72,48,76,53,83,8,39,127,17,56" hai3="0,16,26,69,73,44,33,25,45,23,1,13,86"/><V61/><F127/><W128/><G73/><T27/><D125/><U7/><E126/><V37/><F8/><W111/><G69/><T115/><D121/><U134/><E36/><V124/><F124/><W41/><G111/><T66/><D115/><U42/><E42/><V68/><F68/><W78/><G128/><T88/><D46/><U97/><E112/><V29/><F29/><W10/><G44/><T91/><D91/><U20/><E129/><V106/><F106/><W19/><G78/><T96/><D35/><U34/><E34/><V3/><F3/><W32/><G86/><T94/><D96/><N who="1" m="36939" /><E123/><V75/><F75/><W79/><G79/><T11/><D11/><U114/><E114/><V71/><F95/><W58/><G58/><T118/><D118/><N who="1" m="45099" /><E20/><V60/><F60/><W51/><G33/><T77/><REACH who="0" step="1"/><D30/><REACH who="0" ten="139,225,342,284" step="2"/><U105/><E102/><V131/><F131/><W90/><G90/><T87/><D87/><U6/><E105/><V47/><F71/><W132/><G32/><T65/><D65/><AGARI ba="1,1" hai="9,14,17,37,39,47,48,53,56,61,65,72,76,83" machi="65" ten="30,1500,0" yaku="7,1" doraHai="93" who="2" fromWho="0" sc="139,-18,225,0,342,28,284,0" /><INIT seed="6,2,0,1,5,9" ten="121,225,370,284" oya="2" hai0="26,16,127,119,41,108,40,87,64,62,73,122,67" hai1="27,59,50,81,13,94,29,20,79,106,109,43,18" hai2="76,105,3,91,33,52,92,128,100,115,83,69,34" hai3="93,38,37,135,80,113,60,132,35,55,4,45,121"/><V61/><F3/><W8/><G121/><T54/><D73/><U2/><E109/><V6/><F6/><W56/><G35/><T97/><D122/><U7/><E106/><V88/><F115/><W72/><G113/><T71/><D108/><U53/><E43/><V133/><F128/><W99/><G72/><T19/><D119/><U114/><E114/><V32/><F133/><N who="3" m="51275" /><G80/><T49/><D127/><U95/><E7/><V0/><F69/><W126/><G45/><T90/><D97/><U123/><E2/><V82/><F0/><N who="3" m="7" /><G126/><T75/><D67/><U5/><E5/><V11/><F105/><W51/><G51/><T21/><D19/><U30/><E123/><V116/><F116/><W77/><G77/><T58/><REACH who="0" step="1"/><D75/><REACH who="0" ten="111,225,370,284" step="2"/><U134/><E134/><V111/><F111/><W70/><G70/><T15/><D15/><U66/><E66/><V28/><F28/><W48/><G60/><T86/><D86/><N who="1" m="48447" /><E29/><V1/><F61/><W47/><G47/><T78/><D78/><U85/><E85/><V129/><F76/><W14/><G14/><T12/><D12/><U112/><E112/><V57/><F1/><W24/><G24/><T68/><D68/><U74/><E74/><V22/><F129/><W125/><G125/><T84/><D84/><U42/><E42/><V89/><F34/><W63/><G63/><T10/><D10/><U103/><E103/><AGARI ba="2,1" hai="37,38,48,55,56,93,99,103" m="7,51275" machi="103" ten="30,1000,0" yaku="20,1" doraHai="9" who="3" fromWho="1" sc="111,0,225,-16,370,0,284,26" /><INIT seed="7,0,0,3,5,57" ten="111,209,370,310" oya="3" hai0="30,115,22,79,5,13,70,90,53,121,4,63,27" hai1="24,59,129,77,66,35,12,49,17,103,55,104,8" hai2="60,62,32,82,18,36,94,74,127,72,120,83,56" hai3="25,85,52,107,96,78,19,106,34,132,100,31,23"/><W15/><G132/><T39/><D121/><U131/><E77/><V54/><F36/><W46/><G78/><T101/><D39/><U109/><E109/><V125/><F32/><W97/><G85/><T64/><D79/><U133/><E133/><V134/><F134/><W87/><G87/><T95/><D101/><U119/><E119/><V117/><F117/><W123/><G123/><T86/><D115/><U118/><E118/><V3/><F120/><W21/><G97/><T92/><D92/><U11/><E66/><V84/><F94/><W61/><G107/><T88/><D90/><U110/><E110/><V124/><F3/><W69/><G69/><T26/><D53/><U43/><E43/><V2/><F2/><W40/><G40/><T108/><D108/><U6/><E35/><V81/><F84/><W20/><REACH who="3" step="1"/><G46/><REACH who="3" ten="111,209,370,300" step="2"/><T9/><REACH who="0" step="1"/><D27/><REACH who="0" ten="101,209,370,300" step="2"/><U7/><E24/><V76/><F76/><W42/><G42/><T38/><D38/><U1/><E104/><V114/><F114/><W16/><G16/><AGARI ba="0,2" hai="4,5,9,13,16,22,26,30,63,64,70,86,88,95" machi="16" ten="30,8000,1" yaku="1,1,7,1,52,1,54,2,53,0" doraHai="57" doraHaiUra="111" who="0" fromWho="3" sc="101,100,209,0,370,0,300,-80" owari="201,-30.0,209,-19.0,370,47.0,220,2.0" /></mjloggm>