<mjloggm ver="2.3"><GO type="169" lobby="0"/><UN n0="%E3%81%B2%E3%81%BE%E5%A8%98" n1="%E3%83%AD%E3%83%83%E3%83%86%E9%9B%80%EF%BC%84%E6%94%B9" n2="%74%61%63%6F%73" n3="%E5%8D%97%E5%9B%BD%E9%9B%80" dan="16,16,17,17" rate="2047.92,2141.51,2102.06,2240.48" sx="M,M,M,M"/><TAIKYOKU oya="0"/><INIT seed="0,0,0,0,2,75" ten="250,250,250,250" oya="0" hai0="96,30,87,32,46,90,69,121,73,71,103,34,59" hai1="94,101,83,66,131,74,51,55,0,11,6,95,120" hai2="65,108,124,28,82,53,134,104,86,29,16,70,17" hai3="106,38,37,44,77,92,122,48,18,56,133,67,33"/><T5/><D121/><U36/><E36/><V12/><F104/><W10/><G106/><T24/><D73/><U81/><E120/><V40/><F108/><W91/><G33/><T85/><D34/><U119/><E119/><V42/><F124/><W129/><G122/><T62/><D5/><U14/><E131/><V115/><F134/><W80/><G129/><T130/><D130/><U61/><E0/><V8/><F115/><W3/><G67/><T25/><D25/><U132/><E132/><V111/><F111/><W63/><G18/><T93/><D46/><U113/><E113/><V125/><F70/><W2/><G10/><T43/><D43/><U116/><E116/><V107/><F107/><W58/><G58/><T4/><D4/><U21/><E21/><V1/><F65/><W31/><G31/><N who="2" m="11849" /><F1/><W39/><G63/><T114/><D114/><U100/><E61/><V123/><F123/><W76/><G56/><T64/><REACH who="0" step="1"/><D87/><REACH who="0" ten="240,250,250,250" step="2"/><U105/><E74/><V57/><F17/><W89/><G44/><T110/><D110/><U118/><E6/><V45/><F45/><W49/><G133/><T128/><D128/><U41/><E41/><V47/><F47/><W15/><G3/><T50/><D50/><U7/><E51/><N who="2" m="30911" /><F125/><W35/><G2/><T20/><D20/><U135/><E135/><V98/><F98/><W97/><G35/><T68/><D68/><U126/><E118/><V22/><F22/><W99/><G15/><T72/><D72/><U60/><E126/><V102/><F42/><W13/><G13/><T27/><D27/><U9/><E7/><RYUUKYOKU ba="0,1" sc="240,30,250,-10,250,-10,250,-10" hai0="24,30,32,59,62,64,69,71,85,90,93,96,103" /><INIT seed="0,1,1,1,5,85" ten="270,240,240,240" oya="0" hai0="44,91,119,50,27,117,12,0,20,30,107,98,47" hai1="38,39,67,87,54,116,41,120,57,68,51,24,34" hai2="79,80,60,93,70,45,23,112,43,133,76,56,22" hai3="29,97,14,58,8,108,35,130,40,66,134,75,92"/><T37/><D0/><U105/><E116/><V59/><F112/><W121/><G75/><T73/><D73/><U7/><E120/><V99/><F133/><W49/><G29/><T4/><D37/><U48/><E7/><V15/><F70/><W10/><G35/><T16/><D4/><U46/><E105/><V86/><F76/><W6/><G134/><T31/><D31/><U21/><E34/><V109/><F109/><W135/><G135/><T78/><D78/><U124/><E24/><V42/><F15/><W101/><G108/><T100/><D91/><U125/><E21/><V106/><F106/><W89/><G130/><T88/><D88/><U1/><E87/><V111/><F111/><W122/><G10/><T63/><D63/><N who="1" m="40063" /><E1/><V84/><F84/><W18/><G6/><T71/><D71/><U62/><E51/><V118/><F118/><W102/><G122/><T115/><D115/><U123/><E123/><V74/><F74/><W69/><G121/><T96/><D96/><U61/><E61/><V114/><F114/><W82/><G69/><T17/><D17/><U131/><E131/><V32/><F60/><N who="3" m="38167" /><G82/><T26/><D26/><U9/><E9/><V5/><F80/><W64/><G64/><T52/><D47/><AGARI ba="1,1" hai="8,14,18,40,47,49,89,92,97,101,102" m="38167" machi="47" ten="30,2000,0" yaku="8,1,52,1" doraHai="85" who="3" fromWho="0" sc="270,-23,240,0,240,0,240,33" /><INIT seed="1,0,0,3,0,68" ten="247,240,240,273" oya="1" hai0="19,117,130,92,100,135,62,50,38,9,2,99,29" hai1="26,10,12,23,107,64,57,85,80,65,127,110,8" hai2="30,123,0,72,28,66,88,21,67,105,133,51,74" hai3="89,36,87,58,13,121,132,11,91,97,63,113,15"/><U81/><E127/><V102/><F0/><W125/><G113/><T59/><D117/><U126/><E126/><V75/><F123/><W32/><G121/><T115/><D115/><U93/><E107/><V104/><F133/><W61/><G32/><T108/><D135/><U5/><E110/><V71/><F51/><W35/><G35/><T52/><D108/><U134/><E134/><V44/><F44/><W40/><G132/><T129/><D29/><U45/><E10/><V119/><F119/><W116/><G116/><T6/><D19/><U79/><E57/><V14/><F30/><W111/><G58/><T31/><D31/><N who="1" m="17887" /><E80/><V22/><F22/><W131/><G11/><T95/><D38/><U1/><E1/><V124/><F124/><W53/><G125/><T20/><D20/><U78/><E78/><V16/><F28/><W109/><G36/><T114/><D114/><U56/><E45/><V54/><F71/><W118/><G118/><T82/><D82/><U103/><E56/><V120/><F104/><W27/><G111/><T86/><D62/><U49/><E49/><V18/><F105/><W4/><G63/><T55/><D55/><U76/><E76/><V37/><F37/><W47/><G53/><T17/><D17/><U43/><E43/><V106/><F18/><W24/><G40/><T73/><D73/><U112/><E112/><V128/><F54/><W69/><G61/><T60/><D60/><U3/><E3/><V101/><F120/><W84/><G69/><T39/><D39/><U48/><E48/><V41/><F41/><W77/><G109/><RYUUKYOKU ba="0,0" sc="247,15,240,15,240,-15,273,-15" hai0="2,6,9,50,52,59,86,92,95,99,100,129,130" hai1="5,8,12,64,65,79,81,85,93,103" /><INIT seed="1,1,0,5,3,127" ten="262,255,225,258" oya="1" hai0="76,55,68,21,117,64,45,34,35,26,7,133,48" hai1="118,98,85,20,130,108,88,67,73,92,69,8,78" hai2="112,115,120,71,31,77,134,2,79,57,14,93,119" hai3="124,60,75,129,25,13,66,12,0,97,132,44,24"/><U96/><E118/><V32/><F71/><W113/><G113/><N who="2" m="43593" /><F2/><W107/><G0/><T106/><D117/><U42/><E108/><V83/><F120/><W95/><G75/><T28/><D106/><U131/><E42/><V19/><F134/><W89/><G124/><T52/><D133/><U54/><E54/><V49/><F93/><W135/><G107/><T111/><D111/><U94/><E20/><V65/><F119/><W5/><G135/><T18/><D7/><U109/><E109/><V103/><F103/><W38/><G132/><T116/><D116/><U91/><E8/><V72/><F77/><W63/><G63/><T6/><D6/><U114/><E114/><V30/><F32/><W62/><G62/><T29/><D76/><U33/><E33/><V53/><F65/><W37/><G37/><T46/><D64/><U80/><E67/><V100/><F100/><W1/><G1/><T16/><D68/><U51/><E69/><V47/><F57/><W123/><G123/><T87/><D87/><N who="1" m="52351" /><E51/><V61/><F61/><W59/><G38/><T3/><D3/><U9/><E9/><AGARI ba="1,0" hai="9,14,19,30,31,47,49,53,72,79,83" m="43593" machi="9" ten="30,1000,0" yaku="11,1" doraHai="127" who="2" fromWho="1" sc="262,0,255,-13,225,13,258,0" /><INIT seed="2,0,0,2,2,46" ten="262,242,238,258" oya="2" hai0="15,5,126,89,114,23,105,26,96,107,75,6,12" hai1="91,40,53,71,76,57,43,130,120,81,20,51,21" hai2="42,133,65,100,129,13,88,48,115,108,82,121,31" hai3="78,83,3,56,22,33,119,127,4,86,36,25,70"/><V85/><F121/><W66/><G119/><T97/><D114/><U118/><E71/><V59/><F115/><W106/><G36/><T38/><D38/><U93/><E130/><V103/><F129/><W110/><G33/><T30/><D75/><U54/><E118/><V41/><F133/><W11/><G110/><T132/><D132/><U32/><E32/><V79/><F108/><W27/><G27/><T98/><D126/><U84/><E120/><V1/><F1/><W60/><G106/><T134/><D134/><U18/><E54/><N who="2" m="32199" /><F31/><W112/><G112/><T135/><D135/><U124/><E124/><V47/><F65/><W45/><G127/><T87/><D107/><U63/><E63/><V113/><F113/><W52/><G45/><T49/><D105/><U122/><E122/><V92/><F13/><N who="0" m="5194" /><D49/><U28/><E28/><V77/><F77/><W7/><G11/><T61/><D61/><U72/><REACH who="1" step="1"/><E21/><REACH who="1" ten="262,232,238,258" step="2"/><V16/><F16/><W67/><G70/><T44/><D44/><U94/><E94/><AGARI ba="0,1" hai="5,6,23,26,30,87,89,94,96,97,98" m="5194" machi="94" ten="30,1000,0" yaku="8,1" doraHai="46" who="0" fromWho="1" sc="262,20,232,-10,238,0,258,0" /><INIT seed="3,0,0,1,3,75" ten="282,222,238,258" oya="3" hai0="110,44,89,67,87,120,60,104,115,1,53,83,81" hai1="22,26,103,42,51,39,122,55,62,29,63,70,57" hai2="86,23,32,91,65,132,96,34,43,66,126,129,48" hai3="106,69,35,5,116,127,15,0,59,71,11,133,95"/><W109/><G116/><T135/><D120/><U52/><E122/><V94/><F126/><W85/><G106/><T36/><D1/><U98/><E70/><V9/><F129/><W18/><G127/><T124/><D124/><U101/><E101/><V7/><F132/><W6/><G133/><T78/><D135/><U117/><E117/><V100/><F32/><W73/><G73/><T125/><D125/><U37/><E42/><V2/><F34/><W45/><G35/><T25/><D104/><U20/><E20/><V33/><F33/><W10/><G109/><T88/><D25/><U74/><E74/><V46/><REACH who="2" step="1"/><F23/><REACH who="2" ten="282,222,228,258" step="2"/><W97/><G0/><T50/><D110/><U19/><E29/><V40/><F40/><W27/><G11/><T111/><D111/><U16/><E19/><V47/><F47/><W108/><G108/><T4/><D4/><U79/><E79/><V134/><F134/><W112/><G45/><T107/><D44/><U58/><REACH who="1" step="1"/><E63/><REACH who="1" ten="282,212,228,258" step="2"/><V128/><F128/><W119/><G18/><T84/><D78/><U21/><E21/><V31/><F31/><W49/><G10/><T38/><D60/><U90/><E90/><V131/><F131/><W68/><G6/><T41/><D88/><U121/><E121/><V28/><F28/><W54/><G5/><T12/><D89/><U3/><E3/><V123/><F123/><W80/><G15/><T64/><D12/><U130/><E130/><V102/><F102/><W99/><G27/><T24/><D24/><U77/><E77/><V61/><F61/><W13/><G13/><T56/><D36/><RYUUKYOKU ba="0,2" sc="282,-15,212,15,228,15,258,-15" hai1="16,22,26,37,39,51,52,55,57,58,62,98,103" hai2="2,7,9,43,46,48,65,66,86,91,94,96,100" /><INIT seed="4,1,2,2,3,103" ten="267,227,243,243" oya="0" hai0="7,60,98,13,37,48,25,90,129,42,119,54,114" hai1="72,121,43,132,5,52,14,49,63,134,106,133,117" hai2="10,71,53,128,3,83,27,8,33,130,107,74,127" hai3="116,32,81,88,84,73,34,65,102,78,69,82,40"/><T123/><D123/><U61/><E117/><V11/><F71/><W87/><G116/><T38/><D119/><U131/><E121/><V96/><F127/><W92/><G40/><T93/><D129/><N who="2" m="49770" /><F53/><W67/><G102/><T100/><D114/><U19/><E131/><V22/><F33/><W21/><G34/><T120/><D120/><U85/><E72/><V16/><F3/><W26/><G32/><T86/><D42/><U31/><E106/><V12/><F83/><W57/><G57/><T105/><D25/><U0/><E43/><V47/><F47/><W56/><G56/><T9/><REACH who="0" step="1"/><D60/><REACH who="0" ten="257,227,243,243" step="2"/><U6/><E63/><V110/><F27/><W109/><G69/><T2/><D2/><U115/><E0/><V24/><F24/><W108/><G109/><T23/><D23/><U101/><E61/><V122/><F110/><W64/><G108/><T55/><D55/><U112/><E115/><V77/><F122/><W15/><G15/><T4/><D4/><U91/><E112/><V99/><F22/><W97/><REACH who="3" step="1"/><G82/><REACH who="3" ten="257,227,243,233" step="2"/><T113/><D113/><U76/><E133/><V29/><F12/><W36/><G36/><T58/><AGARI ba="1,4" hai="7,9,13,37,38,48,54,58,86,90,93,98,100,105" machi="58" ten="20,7800,0" yaku="1,1,0,1,7,1,52,1,53,0" doraHai="103" doraHaiUra="17" who="0" fromWho="0" sc="257,121,227,-27,243,-27,233,-27" /><INIT seed="4,2,0,0,4,53" ten="378,200,216,206" oya="0" hai0="22,63,122,109,70,37,98,77,124,127,129,50,45" hai1="13,57,18,72,103,123,99,5,91,108,80,102,4" hai2="36,33,126,30,2,56,128,83,117,131,88,74,19" hai3="12,42,0,76,93,115,73,55,32,58,62,75,24"/><T134/><D77/><U106/><E108/><V65/><F36/><W94/><G0/><T9/><D122/><U11/><E123/><V81/><F2/><W92/><G115/><T10/><D109/><U23/><E103/><V90/><F126/><N who="0" m="48170" /><D37/><U25/><E57/><V43/><F43/><W17/><G42/><T79/><D134/><U66/><E66/><V118/><F30/><W7/><G7/><T107/><D79/><U44/><E44/><V51/><F33/><W69/><G76/><T16/><D129/><N who="2" m="49738" /><F19/><W49/><G32/><T54/><D98/><U84/><REACH who="1" step="1"/><E72/><REACH who="1" ten="378,190,216,206" step="2"/><V41/><F74/><W85/><G73/><T1/><D107/><U112/><E112/><V14/><F65/><W82/><G75/><T34/><D45/><U78/><E78/><V15/><F56/><N who="3" m="32879" /><G69/><T101/><D101/><U133/><E133/><V64/><F64/><N who="3" m="38999" /><G24/><T26/><D26/><U120/><E120/><V96/><F117/><W67/><G67/><T38/><D70/><U97/><E97/><V87/><F118/><W89/><G12/><T95/><D1/><U21/><E21/><V48/><F14/><W132/><G132/><T68/><D22/><U119/><E119/><V121/><F15/><W130/><G130/><T46/><D34/><U6/><AGARI ba="2,1" hai="4,5,6,11,13,18,23,25,80,84,91,99,102,106" machi="6" ten="20,5200,0" yaku="1,1,0,1,7,1,53,1" doraHai="53" doraHaiUra="86" who="1" fromWho="1" sc="378,-28,190,68,216,-15,206,-15" /><INIT seed="5,0,0,2,3,45" ten="350,258,201,191" oya="1" hai0="107,110,31,104,50,22,95,119,54,5,100,3,46" hai1="121,39,90,113,30,63,83,13,1,24,11,59,91" hai2="108,71,88,4,79,74,116,2,42,122,28,114,120" hai3="106,69,128,20,21,129,130,134,61,126,60,10,111"/><U32/><E121/><N who="2" m="46699" /><F88/><W115/><G106/><T123/><D110/><U73/><E113/><V19/><F19/><W27/><G111/><T65/><D119/><U76/><E1/><V6/><F6/><W80/><G115/><T36/><D123/><U15/><E39/><V131/><F108/><W77/><G10/><T118/><D118/><U8/><E8/><N who="2" m="2071" /><F116/><W25/><G126/><T66/><D95/><U132/><E132/><V51/><F51/><W67/><G134/><T84/><D5/><U133/><E133/><V49/><F49/><W135/><G135/><T94/><D3/><U92/><E11/><V101/><F101/><W48/><G61/><T105/><D36/><U96/><REACH who="1" step="1"/><E91/><REACH who="1" ten="350,248,201,191" step="2"/><V43/><F114/><W75/><G20/><T97/><D22/><U16/><E16/><V23/><F23/><W89/><G21/><T85/><D31/><U68/><E68/><V26/><F71/><W72/><G89/><T12/><D12/><U58/><E58/><V0/><F0/><W99/><G27/><T41/><D100/><U81/><E81/><N who="2" m="45303" /><F28/><W33/><G129/><T7/><D7/><U62/><E62/><V44/><F131/><W14/><G130/><T86/><D41/><U34/><E34/><V117/><F117/><W93/><G128/><T29/><D29/><U112/><E112/><V98/><F26/><W82/><G25/><T78/><D78/><U124/><E124/><V55/><F42/><W9/><G77/><T64/><D64/><AGARI ba="0,1" hai="13,15,24,30,32,59,63,64,73,76,83,90,92,96" machi="64" ten="30,2900,0" yaku="1,1,7,1,53,0" doraHai="45" doraHaiUra="40" who="1" fromWho="0" sc="350,-29,248,39,201,0,191,0" /><INIT seed="5,1,0,4,5,72" ten="321,287,201,191" oya="1" hai0="35,76,3,129,27,126,125,122,106,117,24,102,31" hai1="1,41,115,59,48,107,103,47,66,77,58,53,93" hai2="98,19,22,32,8,17,52,51,6,46,109,89,39" hai3="9,0,34,112,100,79,73,65,83,128,81,104,43"/><U4/><E107/><V36/><F32/><W71/><G112/><T15/><D117/><U44/><E115/><V10/><F109/><W91/><G128/><T124/><D3/><U127/><E127/><V57/><F10/><W29/><G91/><T12/><D129/><U82/><E1/><V62/><F89/><W94/><G94/><T25/><D102/><U75/><E4/><V110/><F98/><N who="3" m="61463" /><G43/><T55/><D106/><U90/><E103/><V118/><F110/><W92/><G92/><T74/><D55/><U37/><REACH who="1" step="1"/><E66/><REACH who="1" ten="321,277,201,191" step="2"/><V84/><F6/><W20/><G0/><T135/><D126/><U114/><E114/><V119/><F119/><W78/><G65/><T18/><D125/><U131/><E131/><V105/><F118/><W88/><G9/><T69/><D124/><U5/><E5/><V7/><F105/><W28/><G20/><T14/><D35/><U96/><AGARI ba="1,1" hai="37,41,44,47,48,53,58,59,75,77,82,90,93,96" machi="96" ten="20,12000,1" yaku="1,1,0,1,7,1,52,1,53,1" doraHai="72" doraHaiUra="95" who="1" fromWho="1" sc="321,-41,277,133,201,-41,191,-41" /><INIT seed="5,2,0,2,2,42" ten="280,410,160,150" oya="1" hai0="29,10,87,68,14,107,118,108,94,62,36,57,5" hai1="13,99,125,104,48,83,41,111,102,132,47,76,19" hai2="124,84,91,123,24,96,56,43,66,38,22,74,46" hai3="23,133,12,93,127,34,134,69,7,101,77,119,126"/><U82/><E125/><N who="3" m="47626" /><G69/><T73/><D108/><U52/><E132/><N who="3" m="50794" /><G77/><T58/><D118/><U32/><E32/><V28/><F123/><W135/><N who="3" m="50802" /><W1/><DORA hai="45" /><G101/><T0/><D73/><U130/><E130/><V44/><F74/><W21/><G93/><T26/><D107/><U2/><E2/><V3/><F3/><W16/><G119/><T128/><D128/><U37/><E111/><V75/><F75/><W115/><G115/><T50/><D36/><U98/><E98/><V120/><F120/><W109/><G109/><T110/><D110/><U106/><E104/><V85/><F124/><W33/><G23/><T70/><D94/><U65/><E65/><V129/><F129/><W30/><G30/><T59/><D87/><N who="2" m="33354" /><F38/><W97/><G97/><T95/><D95/><U4/><E76/><V53/><F96/><W60/><G60/><T67/><D70/><U9/><E83/><V31/><F91/><W89/><G89/><T27/><D29/><U54/><E82/><V88/><F88/><W20/><G20/><T117/><D117/><U86/><E86/><V55/><F31/><W64/><G64/><T113/><D113/><U8/><E37/><V114/><F114/><W6/><G6/><T79/><D79/><U100/><E100/><V92/><F92/><W39/><G39/><T112/><D112/><U131/><E131/><V121/><F66/><W103/><G103/><T18/><D68/><U72/><E72/><V116/><F116/><W90/><G90/><T51/><D67/><U63/><E102/><V35/><F28/><W81/><G81/><RYUUKYOKU ba="2,0" sc="280,-10,410,-10,160,-10,150,30" hai3="1,7,12,16,21,33,34" /><INIT seed="6,3,0,1,3,13" ten="270,400,150,180" oya="2" hai0="135,49,68,0,56,132,75,104,119,26,36,28,64" hai1="101,97,8,61,124,100,88,126,84,131,108,118,83" hai2="18,121,54,42,22,112,21,11,32,23,77,86,116" hai3="133,35,71,106,39,91,69,43,51,103,57,53,128"/><V20/><F116/><W65/><G91/><T44/><D75/><U127/><E108/><V130/><F121/><W120/><G35/><T34/><D119/><U38/><E131/><V111/><F32/><W16/><G16/><T95/><D104/><U134/><E134/><V29/><F111/><W122/><G103/><T27/><D0/><U70/><E38/><V12/><F130/><W59/><G106/><T55/><D95/><N who="1" m="56551" /><E118/><V25/><F112/><W2/><G2/><T94/><D94/><U50/><E50/><V90/><F42/><W46/><G128/><T98/><D98/><U5/><E61/><V92/><F54/><N who="3" m="31967" /><G133/><T85/><D85/><U19/><E70/><N who="3" m="26634" /><G65/><T63/><D27/><U125/><E19/><V52/><F77/><W7/><G7/><T73/><D73/><U129/><E129/><V3/><F3/><W74/><G74/><T123/><D135/><U107/><E107/><V82/><F82/><W9/><G9/><T48/><D132/><U67/><E67/><V81/><F81/><W105/><G105/><T47/><D26/><U76/><E127/><V14/><F14/><AGARI ba="3,0" hai="5,8,14,76,83,84,100,101,124,125,126" m="56551" machi="14" ten="30,2000,0" yaku="18,1,54,1" doraHai="13" who="1" fromWho="2" sc="270,0,400,29,150,-29,180,0" /><INIT seed="7,0,0,0,0,59" ten="270,429,121,180" oya="3" hai0="82,91,0,27,83,113,58,30,65,108,89,25,110" hai1="104,114,48,123,19,98,122,69,16,8,99,78,34" hai2="134,77,54,74,41,115,46,63,4,32,66,39,45" hai3="40,15,6,70,126,127,133,102,12,37,120,44,24"/><W26/><G120/><T87/><D0/><U111/><E111/><V36/><F32/><W1/><G102/><T132/><D132/><U5/><E114/><V56/><F115/><W79/><G79/><T68/><D68/><U95/><E69/><V109/><F109/><W55/><G133/><T112/><D58/><U84/><E34/><V64/><F134/><W13/><G70/><T3/><D3/><U11/><E104/><V116/><F4/><W9/><REACH who="3" step="1"/><G55/><REACH who="3" ten="270,429,121,170" step="2"/><T101/><D101/><U131/><E78/><V2/><F116/><W18/><G18/><T105/><D113/><U57/><E16/><V80/><REACH who="2" step="1"/><F2/><REACH who="2" ten="270,429,111,170" step="2"/><W47/><G47/><T71/><D112/><U73/><E19/><V128/><F128/><W117/><G117/><T90/><D110/><U29/><E131/><V96/><F96/><W135/><G135/><T31/><D108/><U72/><E99/><V88/><F88/><W50/><G50/><T51/><D91/><U75/><E98/><V23/><F23/><W21/><G21/><T119/><D119/><U22/><E48/><V124/><F124/><AGARI ba="0,2" hai="1,6,9,12,13,15,24,26,37,40,44,124,126,127" machi="124" ten="40,7700,0" yaku="1,1,18,1,53,1" doraHai="59" doraHaiUra="7" who="3" fromWho="2" sc="270,0,429,0,111,-77,170,97" /><INIT seed="7,1,0,2,3,12" ten="270,429,34,267" oya="3" hai0="106,121,100,99,44,7,82,120,8,128,80,25,108" hai1="125,72,13,63,83,15,81,35,74,135,127,31,11" hai2="86,71,133,97,52,58,49,107,61,64,2,102,87" hai3="43,91,23,118,5,41,46,10,117,113,68,4,45"/><W19/><G68/><T18/><D108/><U28/><E135/><V1/><REACH who="2" step="1"/><F133/><REACH who="2" ten="270,429,24,267" step="2"/><W130/><G117/><T109/><D109/><U38/><E127/><V3/><AGARI ba="1,1" hai="1,2,3,49,52,58,61,64,71,86,87,97,102,107" machi="3" ten="30,8000,1" yaku="21,2,2,1,0,1,54,1,53,0" doraHai="12" doraHaiUra="85" who="2" fromWho="2" sc="270,-21,429,-21,24,93,267,-41" owari="249,5.0,408,50.0,117,-38.0,226,-17.0" /></mjloggm>