<mjloggm ver="2.3"><GO type="169" lobby="0"/><UN n0="%E8%B5%A4%E3%83%89%E3%83%B3%E3%81%A1%E3%82%83%E3%82%93" n1="%E5%AD%90%E4%BE%9B%E4%BC%9A%E5%93%A1" n2="%6E%65%6F%40%75%6E%69" n3="%67%69%6A%79%75%74%75" dan="16,17,17,16" rate="2130.57,2207.80,2153.73,2143.96" sx="M,M,M,M"/><TAIKYOKU oya="0"/><INIT seed="0,0,0,1,1,95" ten="250,250,250,250" oya="0" hai0="68,66,11,47,119,46,116,9,123,133,27,45,28" hai1="76,51,57,18,73,127,43,114,97,19,15,90,13" hai2="132,49,130,112,42,41,20,21,106,100,103,55,88" hai3="62,71,86,17,81,120,48,29,38,37,125,22,30"/><T89/><D123/><U23/><E114/><V25/><F112/><W0/><G0/><T59/><D133/><U16/><E127/><V124/><F124/><W63/><G125/><T58/><D89/><U33/><E33/><V110/><F132/><W60/><G71/><T26/><D68/><U2/><E2/><V24/><F110/><W113/><G113/><T44/><N who="0" m="11264" /><DORA hai="126" /><T93/><D93/><N who="1" m="56503" /><E73/><V6/><F88/><W74/><G74/><T102/><D102/><U117/><E117/><N who="0" m="45129" /><D66/><U72/><E72/><V129/><F6/><W12/><G120/><T67/><D67/><U105/><E105/><V108/><F108/><W82/><G48/><T39/><D28/><U3/><E3/><V40/><F106/><W121/><G121/><T10/><D39/><U52/><E43/><V54/><F41/><W94/><G37/><T109/><D109/><U69/><E69/><V85/><F85/><W14/><G38/><T92/><D92/><U65/><E65/><V36/><F36/><W31/><G94/><T134/><D134/><U98/><E98/><V75/><F75/><W5/><G86/><T61/><D61/><U35/><E35/><V80/><F49/><W79/><G79/><T115/><D115/><U135/><E135/><V32/><F32/><W91/><G91/><T77/><D77/><U131/><E76/><V78/><F78/><W83/><G62/><T1/><D1/><U99/><E99/><V128/><F128/><W96/><G96/><T101/><D101/><U56/><E131/><V118/><F118/><W50/><G50/><T107/><D107/><RYUUKYOKU ba="0,0" sc="250,10,250,-30,250,10,250,10" hai0="9,10,11,26,27,58,59" hai2="20,21,24,25,40,42,54,55,80,100,103,129,130" hai3="5,12,14,17,22,29,30,31,60,63,81,82,83" /><INIT seed="0,1,0,3,3,0" ten="260,220,260,260" oya="0" hai0="60,101,78,65,35,135,97,64,115,86,15,5,121" hai1="38,63,108,103,10,133,119,84,37,22,72,109,112" hai2="27,7,114,58,110,118,30,89,40,18,51,68,34" hai3="127,125,73,106,93,55,57,129,102,20,28,32,53"/><T123/><D115/><U120/><E72/><V39/><F114/><W8/><G32/><T128/><D35/><U61/><E112/><V54/><F68/><W76/><G106/><T130/><D135/><U47/><E120/><V29/><F118/><W92/><G76/><T1/><D1/><U81/><E119/><V66/><F66/><N who="0" m="25706" /><D60/><N who="1" m="23115" /><E103/><V113/><F113/><W100/><G73/><T48/><D48/><U132/><E22/><V24/><F110/><N who="1" m="42601" /><E10/><V41/><F39/><N who="1" m="14857" /><E47/><V21/><F7/><W42/><G8/><N who="0" m="4495" /><D86/><U96/><E96/><V11/><F11/><W80/><G20/><T23/><D23/><U83/><E84/><V9/><F9/><W4/><G4/><T87/><D87/><U85/><E85/><V3/><F3/><W19/><G80/><AGARI ba="1,0" hai="80,81,83,132,133" m="14857,42601,23115" machi="80" ten="40,5200,0" yaku="28,2,14,1" doraHai="0" who="1" fromWho="3" sc="260,0,220,55,260,0,260,-55" /><INIT seed="1,0,0,3,4,60" ten="260,275,260,205" oya="1" hai0="7,121,61,20,34,112,106,69,65,32,48,92,6" hai1="63,52,123,131,25,99,126,47,101,40,127,135,28" hai2="66,110,114,30,56,85,125,70,19,59,71,23,21" hai3="37,18,93,78,42,36,4,128,58,74,91,115,77"/><U116/><E116/><V103/><F114/><W105/><G115/><T102/><D112/><U39/><E123/><V43/><F110/><W53/><G105/><T17/><D121/><U64/><E135/><V10/><F125/><N who="1" m="47625" /><E131/><V67/><F43/><W26/><G4/><T46/><D106/><N who="1" m="63807" /><E52/><V8/><F85/><W5/><G128/><T76/><D76/><U108/><E108/><V49/><F19/><W134/><G18/><T35/><D92/><U50/><E50/><V1/><F49/><W129/><G53/><T94/><D94/><U107/><E107/><V55/><F55/><W80/><G93/><T41/><REACH who="0" step="1"/><D102/><REACH who="0" ten="250,275,260,205" step="2"/><U2/><E2/><V83/><F103/><W87/><G77/><T51/><D51/><U82/><E82/><V104/><F104/><W119/><G80/><T0/><D0/><U14/><E14/><AGARI ba="0,1" hai="6,7,14,17,20,32,34,35,41,46,48,61,65,69" machi="14" ten="40,2600,0" yaku="1,1,52,1,53,0" doraHai="60" doraHaiUra="120" who="0" fromWho="1" sc="250,36,275,-26,260,0,205,0" /><INIT seed="2,0,0,2,2,118" ten="286,249,260,205" oya="2" hai0="7,72,116,96,123,15,37,109,103,80,54,131,125" hai1="77,28,91,135,65,121,90,89,79,119,6,93,66" hai2="20,32,46,98,30,18,58,97,82,102,112,132,22" hai3="9,42,60,95,33,78,40,120,128,122,52,53,12"/><V62/><F112/><W10/><G33/><T69/><D123/><U48/><E119/><V63/><F132/><W44/><G78/><N who="1" m="29706" /><E135/><V87/><F32/><W38/><G128/><T8/><D116/><U2/><E2/><V113/><F113/><W41/><G38/><T56/><D131/><U117/><E117/><V25/><F46/><W1/><G1/><T67/><D37/><U13/><E28/><V71/><F71/><W114/><G114/><T107/><D80/><U129/><E129/><V105/><F97/><W81/><G81/><T61/><D72/><U88/><E48/><V29/><F63/><W68/><G68/><T127/><REACH who="0" step="1"/><D109/><REACH who="0" ten="276,249,260,205" step="2"/><U110/><E110/><V73/><F73/><W83/><G83/><T101/><D101/><U4/><E121/><V36/><F36/><W21/><G122/><T70/><D70/><U74/><E74/><V92/><F105/><W104/><G104/><T94/><D94/><U16/><E93/><V34/><F34/><W126/><G120/><T23/><D23/><N who="1" m="11663" /><E91/><N who="2" m="51703" /><F20/><W11/><G21/><T47/><D47/><U115/><E115/><V24/><F25/><W14/><G44/><T5/><D5/><AGARI ba="0,1" hai="4,5,6,65,66,88,89,90" m="11663,29706" machi="5" ten="30,3900,0" yaku="8,1,54,2" doraHai="118" who="1" fromWho="0" sc="276,-39,249,49,260,0,205,0" /><INIT seed="3,0,0,5,4,73" ten="237,298,260,205" oya="3" hai0="134,126,109,25,103,13,112,4,24,88,19,55,11" hai1="99,72,77,64,5,98,93,21,129,122,131,114,115" hai2="58,44,50,97,45,116,14,67,104,82,69,35,37" hai3="31,118,56,106,130,70,28,57,87,33,133,51,49"/><W27/><G118/><T62/><D109/><U91/><E64/><V96/><F116/><W132/><G70/><T86/><D134/><N who="3" m="51817" /><G106/><T102/><D126/><U29/><E5/><V3/><F3/><W54/><G130/><N who="1" m="49674" /><E21/><V123/><F35/><W39/><G39/><T135/><D135/><U121/><E29/><V113/><F113/><N who="1" m="43017" /><E99/><V84/><F69/><W65/><G28/><T66/><D112/><U120/><E120/><V80/><F123/><W20/><G33/><T40/><D40/><U119/><E119/><V7/><F97/><W81/><G65/><T10/><D66/><U59/><E59/><N who="3" m="22602" /><G54/><T36/><D55/><U117/><E117/><V79/><F67/><W71/><G71/><T34/><D36/><U100/><E100/><N who="0" m="38441" /><D34/><U2/><E2/><V17/><F37/><W124/><G124/><T107/><D107/><U128/><E128/><V23/><F104/><W8/><G8/><T61/><D11/><U53/><E53/><V15/><F15/><W60/><BYE who="2" /><G60/><N who="0" m="23147" /><D4/><U9/><E9/><V6/><F6/><W74/><G74/><T48/><D48/><U101/><E101/><V85/><F85/><W76/><AGARI ba="0,0" hai="20,27,31,49,51,76,81,87" m="22602,51817" machi="76" ten="30,3000,0" yaku="20,1,52,1" doraHai="73" who="3" fromWho="3" sc="237,-10,298,-10,260,-10,205,30" /><INIT seed="3,1,0,1,5,10" ten="227,288,250,235" oya="3" hai0="85,81,54,129,100,117,91,46,13,51,15,89,127" hai1="3,5,70,27,34,123,104,109,20,6,56,108,21" hai2="66,120,132,64,76,133,23,99,43,16,53,134,29" hai3="124,14,103,55,7,121,106,11,45,102,49,115,84"/><W44/><G115/><T65/><D117/><U118/><E70/><UN n2="%6E%65%6F%40%75%6E%69" /><V19/><F43/><W32/><G121/><T58/><D129/><U30/><E104/><V60/><F120/><W96/><G124/><T79/><D127/><U37/><E37/><V112/><F112/><W59/><G32/><T128/><D128/><U116/><E56/><N who="2" m="34831" /><F76/><W110/><G110/><N who="1" m="42602" /><E123/><V95/><F29/><W57/><G103/><T78/><D100/><U73/><E73/><V71/><F71/><W41/><REACH who="3" step="1"/><G84/><REACH who="3" ten="227,288,250,225" step="2"/><T125/><D125/><U62/><E118/><V2/><F134/><W52/><G52/><N who="0" m="29815" /><D65/><U131/><E116/><V47/><F66/><W94/><G94/><T75/><D75/><U50/><E131/><V126/><F95/><W114/><G114/><T24/><D79/><U97/><E34/><V135/><F64/><W88/><G88/><N who="0" m="33867" /><D24/><U74/><E27/><V63/><F126/><W93/><G93/><T80/><D80/><U111/><E111/><V8/><F135/><W4/><G4/><T35/><D35/><U119/><E6/><V36/><F133/><W113/><G113/><T18/><D18/><U69/><E5/><V86/><F16/><W77/><G77/><T82/><D82/><U17/><E119/><V26/><F19/><W98/><G98/><T101/><D101/><U33/><E97/><V1/><F99/><W39/><AGARI ba="1,1" hai="7,11,14,39,41,44,45,49,55,57,59,96,102,106" machi="39" ten="20,7800,0" yaku="1,1,0,1,7,1,52,1,53,0" doraHai="10" doraHaiUra="31" who="3" fromWho="3" sc="227,-27,288,-27,250,-27,225,91" /><INIT seed="3,2,0,0,5,15" ten="200,261,223,316" oya="3" hai0="25,6,33,58,111,92,71,97,91,13,107,69,65" hai1="34,23,62,48,109,7,98,112,119,122,114,26,63" hai2="101,24,88,1,52,49,135,96,95,129,40,8,64" hai3="134,76,22,36,132,30,116,75,90,39,87,32,55"/><W78/><G32/><T20/><D111/><U104/><E122/><V81/><F129/><W3/><G3/><T37/><D37/><N who="3" m="14409" /><G75/><T17/><D107/><U77/><E34/><V82/><F135/><N who="3" m="51755" /><G116/><T16/><D6/><U130/><E77/><V44/><F64/><W18/><G30/><T84/><D33/><U41/><E7/><V14/><F1/><W103/><G103/><T50/><D97/><U126/><E98/><V83/><F24/><N who="3" m="14423" /><G55/><T110/><D110/><U105/><E109/><V42/><F101/><W85/><G85/><T59/><D59/><U74/><E119/><V70/><REACH who="2" step="1"/><F70/><REACH who="2" ten="200,261,213,316" step="2"/><W80/><AGARI ba="2,1" hai="76,78,80,87,90" m="14423,51755,14409" machi="80" ten="30,3000,0" yaku="20,1,52,1" doraHai="15" who="3" fromWho="3" sc="200,-12,261,-12,213,-12,316,46" /><INIT seed="3,3,0,1,5,35" ten="188,249,201,362" oya="3" hai0="108,93,67,62,76,102,75,98,8,57,113,86,34" hai1="5,94,48,31,70,71,44,80,128,120,7,87,130" hai2="127,60,105,22,53,131,126,72,36,85,68,107,21" hai3="63,129,18,84,135,33,6,65,73,56,119,9,109"/><W106/><G73/><T39/><D108/><U58/><E58/><N who="2" m="34895" /><F72/><W78/><G119/><T111/><D111/><U28/><E94/><V50/><F36/><W100/><G109/><T116/><D116/><U61/><E120/><V101/><F68/><N who="1" m="26153" /><E61/><V83/><F50/><W27/><G129/><N who="1" m="49770" /><E31/><V92/><F92/><W14/><G135/><T110/><D110/><U88/><E28/><V124/><F131/><W1/><G106/><N who="2" m="40457" /><F101/><W49/><G100/><T4/><D113/><U46/><E46/><V99/><F99/><W42/><G49/><T95/><D39/><U26/><E26/><V30/><F30/><N who="3" m="19679" /><G42/><AGARI ba="3,0" hai="5,7,42,44,48,80,87,88" m="49770,26153" machi="42" ten="30,2000,0" yaku="19,1,54,1" doraHai="35" who="1" fromWho="3" sc="188,0,249,29,201,0,362,-29" /><INIT seed="4,0,0,3,5,128" ten="188,278,201,333" oya="0" hai0="98,130,23,52,103,56,0,2,71,58,114,106,121" hai1="108,28,22,132,64,30,72,125,73,49,10,43,78" hai2="83,126,8,17,86,60,29,127,93,59,48,61,46" hai3="37,34,12,111,117,53,90,76,80,119,116,110,27"/><T69/><D121/><U54/><E43/><V129/><F129/><W124/><G37/><T97/><D130/><U14/><E64/><V15/><F29/><W79/><G12/><T9/><D114/><U31/><E22/><V77/><F93/><W123/><G53/><T55/><D23/><U4/><E108/><N who="3" m="41514" /><G27/><T115/><D115/><U25/><E25/><V99/><F99/><W102/><G34/><T88/><D103/><U44/><E125/><N who="2" m="47627" /><F59/><W105/><G124/><T3/><D3/><U74/><REACH who="1" step="1"/><E78/><REACH who="1" ten="188,268,201,333" step="2"/><V65/><F65/><W5/><G76/><T68/><D68/><U95/><E95/><V20/><F20/><W67/><G79/><T81/><D81/><U57/><E57/><V94/><F94/><W38/><G67/><T1/><D106/><U91/><E91/><V33/><F33/><W41/><G90/><T35/><D88/><U87/><E87/><V133/><F133/><AGARI ba="0,1" hai="4,10,14,28,30,31,44,49,54,72,73,74,132,133" machi="133" ten="50,6400,0" yaku="1,1,52,2,53,0" doraHai="128" doraHaiUra="85" who="1" fromWho="2" sc="188,0,268,74,201,-64,333,0" /><INIT seed="5,0,0,4,5,54" ten="188,342,137,333" oya="1" hai0="123,5,112,40,125,102,12,118,51,92,79,73,21" hai1="27,41,46,91,17,56,114,132,36,7,134,115,107" hai2="28,129,29,18,58,22,97,89,50,72,75,34,60" hai3="108,52,44,25,90,95,37,113,77,84,69,110,3"/><U133/><E107/><V82/><F129/><W15/><G3/><T81/><D118/><U2/><E7/><V67/><F34/><W42/><G69/><T105/><D112/><N who="1" m="43051" /><E2/><V98/><F72/><W65/><G65/><T119/><D119/><U13/><E27/><N who="2" m="14807" /><F75/><W55/><G113/><T120/><D125/><U116/><E116/><V78/><F78/><W85/><G25/><T30/><D105/><U45/><E45/><V14/><F14/><W86/><G15/><T71/><D71/><U59/><E91/><V83/><F50/><W61/><G77/><T47/><D30/><N who="2" m="11882" /><F89/><W1/><G1/><T126/><D126/><U57/><E133/><V39/><F39/><W87/><REACH who="3" step="1"/><G61/><REACH who="3" ten="188,342,137,323" step="2"/><T26/><D26/><U88/><E88/><V93/><F93/><W80/><G80/><AGARI ba="0,1" hai="58,60,67,80,82,83,97,98" m="11882,14807" machi="80" ten="30,2000,0" yaku="8,1,52,1" doraHai="54" who="2" fromWho="3" sc="188,0,342,0,137,30,323,-20" /><INIT seed="6,0,0,3,1,43" ten="188,342,167,303" oya="2" hai0="82,56,58,66,20,0,74,30,98,123,41,3,77" hai1="113,14,13,115,21,12,121,109,16,75,85,97,135" hai2="22,6,108,96,50,84,61,25,9,46,95,125,111" hai3="110,68,80,31,39,7,27,132,53,4,72,105,131"/><V106/><F125/><W23/><G110/><N who="2" m="42025" /><F61/><W99/><G68/><T104/><D123/><U116/><E109/><V90/><F106/><W129/><G39/><T54/><D41/><U71/><E75/><V94/><F22/><W81/><G132/><T17/><D30/><U49/><E71/><V45/><F50/><W24/><G53/><T79/><D79/><U38/><E38/><V83/><F25/><W64/><G64/><T117/><D117/><U65/><E49/><V26/><F26/><W87/><G27/><T103/><D66/><U52/><E65/><V92/><F96/><W18/><G31/><T5/><D5/><N who="3" m="2121" /><G72/><T59/><REACH who="0" step="1"/><D54/><REACH who="0" ten="178,342,167,303" step="2"/><U88/><E52/><V130/><F130/><W78/><G131/><T29/><D29/><U11/><E116/><V114/><F114/><W34/><G129/><T127/><D127/><U55/><E55/><V76/><F76/><W91/><G78/><T86/><D86/><U19/><E113/><V36/><F36/><W15/><G87/><T10/><D10/><U122/><E11/><V69/><F69/><W124/><G124/><T128/><D128/><U112/><E112/><V70/><F70/><W120/><G120/><T63/><D63/><U134/><E115/><V44/><F83/><W37/><G80/><T1/><D1/><AGARI ba="0,1" hai="1,6,9,44,45,46,84,90,92,94,95" m="42025" machi="1" ten="30,11600,0" yaku="10,1,52,3" doraHai="43" who="2" fromWho="0" sc="178,-116,342,0,167,126,303,0" /><INIT seed="6,1,0,0,4,36" ten="62,342,293,303" oya="2" hai0="135,134,115,78,71,91,56,77,37,50,61,122,110" hai1="7,26,34,125,63,132,23,128,131,27,69,116,106" hai2="31,67,120,102,74,21,100,4,10,6,124,39,48" hai3="9,33,38,81,83,16,18,113,24,95,44,119,127"/><V62/><F39/><W5/><G119/><T96/><D122/><U133/><E116/><V76/><F120/><W15/><G127/><T112/><D91/><U35/><E106/><V0/><F124/><W104/><G104/><T40/><D96/><U64/><E125/><V70/><F4/><W60/><G113/><N who="0" m="43595" /><D78/><U53/><E53/><V109/><F109/><W97/><G33/><N who="1" m="12298" /><E7/><V54/><F76/><W123/><G123/><T52/><D77/><U28/><E27/><V94/><F74/><W30/><G30/><T75/><D75/><U47/><E47/><V121/><F121/><W45/><G60/><T55/><D110/><U68/><E68/><V41/><F94/><W126/><G126/><T108/><D108/><U82/><E82/><N who="3" m="31242" /><G38/><T84/><D84/><U111/><E111/><V58/><F31/><W93/><G93/><T88/><D88/><U14/><E14/><V11/><F21/><N who="3" m="13367" /><G5/><T12/><D12/><U79/><E79/><V8/><F6/><W46/><G46/><N who="0" m="23823" /><D55/><U59/><E23/><V114/><F114/><W87/><G87/><T89/><D89/><AGARI ba="1,0" hai="9,15,16,44,45,89,95,97" m="13367,31242" machi="89" ten="30,2000,0" yaku="8,1,54,1" doraHai="36" who="3" fromWho="0" sc="62,-23,342,0,293,0,303,23" /><INIT seed="7,0,0,1,3,115" ten="39,342,293,326" oya="3" hai0="35,105,3,1,122,65,29,85,71,16,8,104,97" hai1="107,43,81,36,21,112,126,63,12,26,102,78,83" hai2="66,38,6,51,127,53,32,98,15,86,2,76,55" hai3="131,56,96,58,116,39,61,0,42,45,50,80,114"/><W123/><G0/><T19/><D122/><U37/><E43/><V99/><F38/><N who="1" m="14953" /><E102/><V23/><F32/><W82/><G123/><T40/><D40/><U67/><E107/><V64/><F2/><W33/><G33/><T124/><D124/><U93/><E12/><V73/><F73/><W113/><G116/><T25/><D85/><U17/><E93/><V68/><F127/><W129/><G96/><T69/><D69/><N who="1" m="42239" /><E78/><V119/><F119/><W125/><G125/><T41/><D41/><U20/><E20/><V103/><F68/><W128/><G80/><T30/><D30/><U133/><E126/><V10/><F23/><W118/><G82/><T57/><D105/><U130/><E112/><N who="3" m="43114" /><G118/><T87/><D87/><U89/><E89/><V79/><F99/><W9/><G9/><T4/><D3/><U77/><E77/><V22/><F22/><W13/><G13/><T109/><D109/><U52/><E52/><N who="2" m="20043" /><F51/><W24/><G24/><T7/><D7/><U34/><E34/><V132/><F86/><W100/><G100/><T11/><D11/><U110/><E110/><V31/><F31/><W59/><G39/><T48/><D29/><U91/><E91/><V88/><F103/><W70/><G70/><T60/><D8/><U92/><E92/><N who="2" m="56583" /><F132/><W111/><G111/><T47/><D1/><U106/><E106/><V72/><F72/><W54/><AGARI ba="0,0" hai="42,45,50,54,56,58,59,61,128,129,131" m="43114" machi="54" ten="40,12000,1" yaku="19,1,15,1,34,2" doraHai="115" who="3" fromWho="3" sc="39,-40,342,-40,293,-40,326,120" owari="-1,-50.0,302,10.0,253,-15.0,446,55.0" /></mjloggm>