<mjloggm ver="2.3"><GO type="169" lobby="0"/><UN n0="%E3%82%8A%E3%81%9D%E3%81%86%E3%81%A2%E3%82%83%E3%82%93%E3%81%97%E2%99%AA" n1="%E3%82%AB%E3%83%84%E3%82%B2%E3%83%B3%E2%98%85%E2%98%85" n2="%E3%81%B2%E3%81%A3%E3%81%B4%E3%81%93%E3%82%93" n3="%E2%98%85%4C%55%43%4B" dan="16,16,16,16" rate="2017.53,2067.31,2094.44,2081.33" sx="M,M,M,M"/><TAIKYOKU oya="0"/><INIT seed="0,0,0,1,3,42" ten="250,250,250,250" oya="0" hai0="36,95,126,112,59,25,135,134,89,114,64,41,123" hai1="22,99,54,8,80,71,62,74,58,57,56,1,15" hai2="60,113,32,2,93,128,104,103,83,18,27,97,86" hai3="63,7,77,102,31,120,43,111,0,47,92,127,106"/><T4/><D123/><U68/><E1/><V24/><F2/><W105/><G111/><T76/><D76/><U3/><E3/><V55/><F113/><W117/><G117/><T65/><D4/><U132/><E132/><N who="0" m="50729" /><D126/><U116/><E22/><V75/><F104/><W9/><G127/><T118/><D118/><U107/><E71/><V78/><F75/><W110/><G110/><T129/><D129/><U108/><E68/><V10/><F128/><W124/><G124/><T11/><D11/><U94/><E107/><V133/><F133/><W90/><G31/><T37/><D25/><U51/><E116/><V19/><F32/><W101/><G77/><T35/><D35/><U34/><E34/><V125/><F125/><W39/><G63/><N who="0" m="38015" /><D65/><U69/><E69/><V46/><F10/><W50/><G120/><T82/><D82/><U33/><E33/><V109/><F109/><W23/><G23/><T81/><D81/><U85/><E74/><V13/><F27/><W119/><G119/><T70/><D70/><U73/><E73/><V26/><F24/><W88/><G106/><T14/><D14/><U96/><E62/><V52/><F13/><W48/><G105/><T72/><D72/><U122/><E122/><V61/><F26/><W28/><G28/><T6/><D6/><N who="1" m="3479" /><E108/><V67/><F61/><W131/><G131/><T20/><D20/><U84/><E80/><V30/><F67/><W29/><G29/><T130/><D130/><U121/><E121/><V115/><F30/><W91/><G92/><T44/><D36/><U16/><E94/><V66/><F93/><RYUUKYOKU ba="0,0" sc="250,15,250,-15,250,-15,250,15" hai0="37,41,44,89,95,112,114" hai3="0,7,9,39,43,47,48,50,88,90,91,101,102" /><INIT seed="0,1,0,0,2,129" ten="265,235,235,265" oya="0" hai0="25,113,131,71,43,24,22,122,123,62,4,61,65" hai1="45,94,1,31,97,53,110,55,105,28,85,7,132" hai2="51,76,134,56,96,120,107,27,73,99,17,93,14" hai3="58,77,75,16,133,29,18,32,11,23,95,83,60"/><T36/><D113/><U47/><E105/><V54/><F120/><W92/><G32/><T91/><D131/><U50/><E110/><V109/><F109/><W82/><G82/><T52/><D4/><U64/><E64/><V67/><F27/><W90/><G133/><T41/><D25/><U81/><E132/><V69/><F134/><W9/><G92/><T87/><D36/><U33/><E1/><V100/><F76/><W86/><G29/><T42/><D62/><U116/><E7/><V79/><F79/><W44/><G44/><T35/><D52/><N who="1" m="29775" /><E33/><V108/><F108/><W70/><G70/><T2/><D2/><U6/><E6/><V3/><F3/><W20/><G20/><T114/><D114/><U49/><E116/><V98/><F73/><W127/><G127/><T118/><D118/><U34/><E55/><V117/><F117/><W38/><G18/><T15/><D15/><U121/><E121/><V59/><F69/><W30/><G30/><T66/><D65/><U102/><E34/><V126/><F126/><W106/><G106/><T57/><D71/><U74/><E74/><V37/><F37/><W78/><G38/><T119/><D35/><U12/><E12/><V26/><F26/><N who="3" m="14695" /><G78/><AGARI ba="1,0" hai="28,31,47,49,53,78,81,85,94,97,102" m="29775" machi="78" ten="30,2000,0" yaku="8,1,54,1" doraHai="129" who="1" fromWho="3" sc="265,0,235,23,235,0,265,-23" /><INIT seed="1,0,0,2,0,119" ten="265,258,235,242" oya="1" hai0="74,128,62,20,14,16,24,121,95,83,13,117,10" hai1="31,80,96,101,11,5,89,124,8,91,82,68,18" hai2="93,108,118,21,116,72,44,35,39,60,49,135,58" hai3="78,77,86,51,130,27,22,26,84,115,45,47,33"/><U71/><E31/><V127/><F35/><W0/><G0/><T113/><D117/><N who="2" m="45162" /><F93/><W112/><G33/><T50/><D113/><U34/><E34/><V23/><F21/><W29/><G51/><T2/><D128/><U54/><E18/><V76/><F23/><W94/><G22/><T57/><D50/><U129/><E96/><V65/><F76/><W28/><REACH who="3" step="1"/><G94/><REACH who="3" ten="265,258,235,232" step="2"/><T105/><D95/><U97/><E129/><AGARI ba="0,1" hai="26,27,28,29,45,47,77,78,84,86,112,115,129,130" machi="129" ten="25,6400,0" yaku="1,1,2,1,22,2,53,0" doraHai="119" doraHaiUra="48" who="3" fromWho="1" sc="265,0,258,-64,235,0,232,74" /><INIT seed="2,0,0,4,3,55" ten="265,194,235,306" oya="2" hai0="37,16,46,43,112,8,38,28,26,48,115,0,69" hai1="41,84,118,119,20,104,39,98,121,123,65,14,73" hai2="29,68,13,109,95,81,4,34,105,31,89,36,33" hai3="87,35,103,94,62,53,64,17,93,102,108,126,106"/><V15/><F105/><W22/><G35/><T44/><D69/><U59/><E73/><V18/><F68/><W90/><G126/><T111/><D111/><U27/><E14/><V30/><F36/><W57/><G108/><T100/><D100/><N who="1" m="62487" /><E84/><V88/><F109/><W79/><G106/><T60/><D60/><N who="1" m="38047" /><E41/><V21/><F81/><W127/><G79/><T110/><D110/><U75/><E75/><V54/><F89/><W82/><G127/><T6/><D38/><U91/><E91/><V116/><F116/><W80/><G93/><T3/><D3/><U135/><E135/><V92/><F92/><W76/><G64/><T63/><D63/><U25/><E25/><V132/><F132/><W61/><G61/><T86/><D86/><U124/><E39/><V117/><F117/><W42/><G42/><T77/><D77/><U113/><E113/><V32/><F54/><W71/><G71/><T5/><D5/><U45/><E45/><V134/><F134/><W47/><G47/><T72/><D72/><U70/><E70/><V2/><F88/><N who="3" m="51319" /><G80/><T97/><D97/><U78/><E78/><V120/><F95/><W9/><G76/><T130/><D112/><U99/><E99/><V131/><F2/><W129/><G94/><T12/><D115/><U56/><E124/><V52/><F52/><N who="3" m="34087" /><G103/><T101/><D101/><U107/><E107/><V10/><F120/><W23/><G53/><T19/><D0/><U40/><E40/><V7/><F4/><W58/><G102/><T114/><D114/><U74/><E74/><V66/><F66/><W133/><G133/><RYUUKYOKU ba="0,0" sc="265,-10,194,-10,235,30,306,-10" hai2="7,10,13,15,18,21,29,30,31,32,33,34,131" /><INIT seed="2,1,0,3,3,121" ten="255,184,265,296" oya="2" hai0="33,127,90,112,69,86,58,106,71,54,50,110,60" hai1="29,10,28,46,52,82,12,114,118,42,38,76,25" hai2="70,111,44,108,9,30,51,49,95,129,35,61,34" hai3="81,116,79,128,85,26,67,13,23,103,125,40,96"/><V64/><F129/><W19/><G116/><T99/><D112/><U74/><E118/><V48/><F9/><W89/><G128/><T97/><D127/><U132/><E132/><V36/><F95/><W24/><G125/><T80/><D33/><U39/><E114/><V133/><F133/><W122/><G122/><T107/><D110/><N who="2" m="42026" /><F30/><W75/><G67/><T73/><D73/><U56/><E39/><V22/><F22/><W1/><G1/><T11/><D11/><U20/><E28/><V45/><F45/><W62/><G62/><T119/><D119/><U7/><E20/><V2/><F2/><W84/><G40/><AGARI ba="1,0" hai="34,35,36,40,44,48,49,51,61,64,70" m="42026" machi="40" ten="30,12000,1" yaku="14,1,10,1,52,3" doraHai="121" who="2" fromWho="3" sc="255,0,184,0,265,123,296,-123" /><INIT seed="2,2,0,2,2,19" ten="255,184,388,173" oya="2" hai0="30,42,37,117,97,111,51,75,73,80,127,47,49" hai1="40,31,29,94,85,43,46,81,110,118,124,21,104" hai2="123,74,131,76,78,129,103,101,130,61,14,120,125" hai3="10,18,55,27,60,112,8,57,107,65,134,62,13"/><V58/><F14/><W11/><G107/><T99/><D111/><U39/><E104/><V5/><F58/><W86/><G112/><T68/><D68/><U135/><E124/><V89/><F61/><W53/><G134/><T2/><D2/><U33/><E135/><V116/><F5/><W108/><G108/><T90/><D127/><U15/><E33/><V128/><F129/><W25/><G86/><T115/><D115/><U23/><E118/><V59/><F59/><W16/><G55/><T100/><D117/><U95/><E110/><V96/><F125/><W12/><REACH who="3" step="1"/><G10/><REACH who="3" ten="255,184,388,163" step="2"/><T1/><D75/><U133/><E133/><V66/><F116/><W50/><G50/><T36/><D51/><U98/><E43/><V38/><F38/><W3/><G3/><T126/><D73/><U44/><E40/><V105/><F66/><W83/><G83/><T79/><D49/><U4/><E39/><V26/><F26/><W121/><G121/><N who="2" m="46665" /><F74/><W71/><AGARI ba="2,1" hai="8,11,12,13,16,18,25,27,53,57,60,62,65,71" machi="71" ten="20,8000,1" yaku="1,1,0,1,7,1,9,1,54,1,53,0" doraHai="19" doraHaiUra="113" who="3" fromWho="3" sc="255,-22,184,-22,388,-42,163,96" /><INIT seed="3,0,0,4,2,95" ten="233,162,346,259" oya="3" hai0="77,120,76,4,81,0,74,65,39,114,108,126,7" hai1="129,6,131,2,11,9,41,113,91,130,52,18,106" hai2="133,132,92,90,44,101,28,94,13,35,1,127,47" hai3="82,85,33,97,62,30,43,42,71,119,103,20,55"/><W49/><G33/><T83/><D120/><U79/><E106/><V56/><F1/><W5/><G119/><T61/><D108/><U115/><E79/><V19/><F127/><W104/><G5/><T10/><D126/><U100/><E41/><V3/><F3/><W93/><G104/><T51/><D114/><N who="1" m="43531" /><E100/><V68/><F68/><W134/><G134/><N who="2" m="51817" /><F56/><N who="3" m="35103" /><G71/><T87/><D39/><U66/><E91/><V86/><F28/><W15/><G49/><T40/><D7/><N who="1" m="1271" /><E66/><V110/><F35/><W123/><G123/><T99/><D99/><U59/><E18/><V24/><F110/><W122/><G122/><T17/><D17/><U128/><N who="1" m="32768" /><DORA hai="96" /><U116/><E116/><V70/><F70/><W23/><G15/><T38/><D38/><U58/><E52/><V118/><F118/><W45/><G45/><T50/><REACH who="0" step="1"/><D40/><REACH who="0" ten="223,162,346,259" step="2"/><N who="3" m="15401" /><G30/><T117/><D117/><U67/><E67/><V32/><F32/><W48/><G48/><T31/><D31/><U88/><E6/><V78/><F19/><W89/><AGARI ba="0,1" hai="20,23,82,85,89,93,97,103" m="15401,35103" machi="89" ten="30,6000,0" yaku="8,1,52,2" doraHai="95,96" who="3" fromWho="3" sc="223,-20,162,-20,346,-20,259,70" /><INIT seed="3,1,0,0,2,114" ten="203,142,326,329" oya="3" hai0="84,111,110,43,5,45,130,105,116,52,123,26,120" hai1="85,101,69,25,32,66,56,80,86,103,73,40,74" hai2="53,16,23,98,36,108,131,61,134,1,81,96,75" hai3="7,90,57,99,55,33,113,118,68,47,2,28,88"/><W14/><G113/><T63/><D105/><U62/><E40/><V46/><F1/><W6/><G68/><T93/><D130/><U79/><E56/><V119/><F131/><W89/><G2/><T129/><D129/><U78/><E85/><V37/><F119/><W106/><G118/><T49/><D5/><U29/><REACH who="1" step="1"/><E86/><REACH who="1" ten="203,132,326,329" step="2"/><V19/><F75/><W109/><G57/><N who="0" m="35239" /><D116/><U128/><E128/><V38/><F46/><W115/><G47/><T20/><D123/><U9/><E9/><V87/><F61/><W92/><G115/><T0/><D120/><U76/><E76/><V31/><F53/><W104/><G55/><T50/><D111/><U64/><E64/><V121/><F108/><W39/><G109/><T65/><D110/><U48/><E48/><V10/><F121/><W133/><G39/><T8/><D65/><U91/><E91/><V95/><F10/><W54/><G88/><N who="0" m="53383" /><D8/><U97/><E97/><V135/><F96/><W94/><G99/><T22/><D0/><U132/><E132/><N who="2" m="50731" /><F98/><W18/><G133/><T21/><D50/><U112/><E112/><V44/><F44/><W107/><G54/><T15/><D15/><U51/><E51/><V117/><F95/><N who="3" m="36395" /><G90/><T127/><D127/><U82/><AGARI ba="1,1" hai="25,29,32,62,66,69,73,74,78,79,80,82,101,103" machi="82" ten="30,4000,0" yaku="1,1,0,1,9,1,53,0" doraHai="114" doraHaiUra="83" who="1" fromWho="1" sc="203,-11,132,53,326,-11,329,-21" /><INIT seed="4,0,0,4,2,62" ten="192,185,315,308" oya="0" hai0="66,44,25,59,101,111,118,54,93,87,45,19,3" hai1="38,128,65,2,40,13,86,27,48,131,127,15,41" hai2="43,115,30,110,17,73,51,114,34,36,119,7,91" hai3="113,46,80,79,60,63,84,14,100,24,64,95,130"/><T120/><D118/><U109/><E2/><V133/><F119/><W10/><G113/><N who="2" m="43017" /><F36/><W117/><G117/><T31/><D3/><U18/><E38/><V90/><F110/><W125/><G125/><T129/><D120/><U85/><E109/><V72/><F133/><W67/><G130/><N who="1" m="49706" /><E127/><V49/><F7/><N who="3" m="3423" /><G46/><T99/><D129/><U88/><E85/><V123/><F17/><W55/><G24/><T16/><D111/><U132/><E27/><N who="2" m="18783" /><F123/><W107/><G107/><T116/><D87/><U42/><E132/><V47/><F49/><W103/><G95/><T94/><D94/><N who="1" m="54551" /><E65/><N who="3" m="25162" /><G55/><T92/><D116/><U0/><E0/><V82/><F73/><W32/><G32/><T74/><D92/><U78/><E78/><AGARI ba="0,0" hai="43,47,51,72,78,82,90,91" m="18783,43017" machi="78" ten="30,1000,0" yaku="15,1" doraHai="62" who="2" fromWho="1" sc="192,0,185,-10,315,10,308,0" /><INIT seed="5,0,0,2,3,40" ten="192,175,325,308" oya="1" hai0="18,28,98,119,124,37,2,16,31,41,77,47,103" hai1="92,65,3,49,114,127,81,11,87,130,86,89,33" hai2="58,48,39,6,131,24,134,46,35,68,80,120,13" hai3="56,129,123,54,38,26,42,25,44,66,102,121,133"/><U63/><E33/><V78/><F68/><W112/><G102/><T101/><D124/><U73/><E73/><V79/><F120/><W93/><G133/><T107/><D119/><U110/><E110/><V12/><F134/><W100/><G129/><T34/><D2/><U111/><E111/><V72/><F79/><W23/><G112/><T0/><D0/><U132/><E132/><V45/><F131/><W17/><G66/><T106/><D77/><U7/><E130/><V64/><F35/><W76/><G76/><T9/><D34/><U14/><E127/><V95/><F24/><W91/><G100/><T94/><D9/><U69/><E49/><V126/><F126/><W32/><G26/><T115/><D115/><U61/><E61/><V5/><F95/><W43/><G43/><T51/><D37/><U117/><E114/><V97/><F97/><W105/><G105/><T62/><D62/><U104/><E104/><V108/><F39/><W71/><G71/><T60/><D60/><U50/><E50/><V113/><F64/><W8/><G8/><T36/><D94/><U82/><E117/><V15/><F108/><W59/><G59/><T55/><D31/><U75/><E75/><V85/><F72/><W67/><G67/><T84/><D28/><U128/><E128/><V109/><F109/><W1/><G1/><T10/><D10/><N who="1" m="4447" /><E86/><V22/><F113/><W57/><G32/><T29/><D29/><U125/><E125/><V4/><F22/><W21/><G21/><T118/><D84/><U83/><E3/><V27/><F27/><W116/><G116/><RYUUKYOKU ba="0,0" sc="192,-15,175,15,325,15,308,-15" hai1="11,63,65,69,81,82,83,87,89,92" hai2="4,5,6,12,13,15,45,46,48,58,78,80,85" /><INIT seed="5,1,0,1,1,85" ten="177,190,340,293" oya="1" hai0="26,37,12,56,117,134,71,78,77,109,103,82,67" hai1="130,2,87,41,94,44,34,135,14,116,43,83,98" hai2="51,81,13,72,122,101,65,104,54,74,99,96,47" hai3="10,121,7,49,4,25,31,59,79,38,5,97,80"/><U126/><E2/><V27/><F122/><W100/><G121/><T124/><D117/><U84/><E34/><V3/><F3/><W70/><G38/><T29/><D124/><U58/><E116/><V64/><F99/><W30/><G70/><T11/><D37/><U53/><E130/><V15/><F27/><W73/><G10/><T92/><D71/><U50/><E135/><V48/><F48/><W128/><G128/><T107/><D107/><U36/><E43/><V60/><F65/><W129/><G25/><T114/><D109/><U131/><E131/><V39/><F39/><W8/><G8/><T112/><D134/><U125/><E14/><V42/><F42/><W108/><G108/><T133/><D133/><U93/><E87/><V102/><F102/><W35/><G35/><T24/><D56/><U9/><E9/><V110/><F110/><W119/><G119/><T18/><D67/><U88/><REACH who="1" step="1"/><E94/><REACH who="1" ten="177,180,340,293" step="2"/><V123/><F123/><W75/><G129/><T33/><D26/><U57/><E57/><V52/><F74/><W19/><G75/><T95/><D92/><U23/><E23/><V20/><F20/><W86/><G73/><T89/><D103/><AGARI ba="1,1" hai="36,41,44,50,53,58,83,84,88,93,98,103,125,126" machi="103" ten="40,7700,0" yaku="1,1,52,1,54,1,53,0" doraHai="85" doraHaiUra="118" who="1" fromWho="0" sc="177,-80,180,90,340,0,293,0" /><INIT seed="5,2,0,5,3,50" ten="97,270,340,293" oya="1" hai0="125,7,4,119,106,34,26,75,5,108,97,85,18" hai1="80,91,37,6,89,63,95,51,64,49,110,33,28" hai2="122,36,76,127,133,99,131,23,84,79,58,74,117" hai3="1,72,39,68,94,113,12,67,81,19,126,92,105"/><U116/><E37/><V132/><F36/><W71/><G105/><T104/><D75/><U42/><E116/><V88/><F117/><W60/><G1/><T3/><D119/><U13/><E110/><V87/><F122/><W30/><G30/><T98/><D108/><U134/><E134/><N who="2" m="51819" /><F127/><W65/><G39/><T10/><D125/><U115/><E115/><V135/><N who="2" m="51827" /><V59/><DORA hai="41" /><F131/><W44/><G113/><T29/><D85/><N who="2" m="32842" /><F23/><W70/><G44/><T120/><D120/><U32/><E33/><V90/><F74/><W83/><G126/><T128/><D128/><U21/><E32/><V46/><F46/><W53/><G72/><T11/><D18/><U45/><E80/><N who="3" m="30794" /><G70/><T47/><D47/><N who="1" m="25847" /><E95/><N who="3" m="36394" /><G71/><T107/><REACH who="0" step="1"/><D3/><REACH who="0" ten="87,270,340,293" step="2"/><U24/><E45/><V114/><F114/><W61/><G68/><T69/><D69/><U109/><E109/><V62/><F99/><AGARI ba="2,1" hai="4,5,7,10,11,26,29,34,97,98,99,104,106,107" machi="99" ten="50,8000,1" yaku="1,1,53,3" doraHai="50,41" doraHaiUra="129,93" who="0" fromWho="2" sc="87,96,270,0,340,-86,293,0" /><INIT seed="6,0,0,5,1,115" ten="183,270,254,293" oya="2" hai0="65,15,60,61,91,31,9,101,44,88,40,123,0" hai1="135,74,7,51,10,5,71,132,25,87,54,14,126" hai2="49,124,18,1,102,20,100,117,45,73,21,38,59" hai3="39,67,6,19,32,64,103,113,70,57,119,56,78"/><V93/><F1/><W17/><G32/><T72/><D123/><U36/><E74/><V30/><F38/><W34/><G34/><T89/><D0/><U99/><E71/><V13/><F73/><W53/><G39/><T27/><D72/><U46/><E36/><V66/><F117/><W107/><G70/><T26/><D101/><U69/><E69/><V120/><F124/><W82/><G107/><T62/><D65/><N who="3" m="25161" /><G6/><T55/><D31/><U2/><E25/><V24/><F120/><W47/><G103/><T76/><D76/><U35/><E35/><V121/><F121/><W125/><G119/><T28/><D55/><U133/><E126/><V128/><F128/><W50/><G113/><T98/><D98/><U111/><E99/><V29/><F30/><W22/><G125/><T84/><D84/><U127/><E127/><V85/><F66/><W81/><G19/><N who="0" m="8687" /><D28/><U105/><E105/><V79/><F59/><N who="3" m="22603" /><G78/><T83/><D83/><U110/><E87/><V96/><F100/><W58/><G58/><T48/><AGARI ba="0,0" hai="26,27,40,44,48,60,61,62,88,89,91" m="8687" machi="48" ten="30,2000,0" yaku="8,1,54,1" doraHai="115" who="0" fromWho="0" sc="183,20,270,-5,254,-10,293,-5" /><INIT seed="7,0,0,3,0,126" ten="203,265,244,288" oya="3" hai0="74,10,123,92,133,125,2,41,9,118,0,101,119" hai1="30,20,49,115,18,38,27,80,67,93,56,4,33" hai2="34,45,3,134,14,32,55,21,51,12,111,36,1" hai3="59,135,43,16,100,17,31,7,124,71,70,23,75"/><W58/><G75/><T102/><D123/><U90/><E38/><V95/><F111/><W108/><G124/><T114/><D74/><U24/><E115/><V28/><F36/><W121/><G121/><T35/><D125/><U13/><E80/><V96/><F134/><W83/><G7/><T40/><D92/><U19/><E4/><V68/><F68/><W72/><G43/><T26/><D26/><U8/><E67/><V89/><F3/><W44/><G44/><T86/><D86/><U62/><E62/><V113/><F1/><W64/><G100/><T109/><D35/><U107/><E107/><V129/><F32/><W79/><G135/><T91/><D133/><U105/><E105/><V42/><F34/><W94/><G94/><T15/><D15/><U63/><E63/><V39/><F113/><W11/><G108/><T48/><D114/><U85/><E56/><N who="3" m="21546" /><G11/><T60/><D60/><U69/><REACH who="1" step="1"/><E49/><REACH who="1" ten="203,255,244,288" step="2"/><V81/><F81/><N who="3" m="45287" /><G64/><T57/><D48/><U112/><E112/><V76/><F39/><W120/><G83/><T88/><D109/><U131/><E131/><V78/><F129/><W116/><G120/><T128/><D57/><U29/><E29/><V117/><F117/><W47/><G70/><AGARI ba="0,1" hai="8,13,18,19,20,24,27,30,33,69,70,85,90,93" machi="70" ten="40,1300,0" yaku="1,1,53,0" doraHai="126" doraHaiUra="98" who="1" fromWho="3" sc="203,0,255,23,244,0,288,-13" /><INIT seed="8,0,0,0,2,19" ten="203,278,244,275" oya="0" hai0="27,127,65,0,78,67,131,52,59,33,81,91,99" hai1="30,40,85,50,26,56,34,8,53,23,92,38,43" hai2="93,46,7,122,98,109,125,76,135,133,17,51,129" hai3="118,97,110,104,47,86,13,55,115,75,1,11,94"/><T2/><D127/><U117/><E117/><V35/><F109/><W89/><G110/><T45/><D131/><U100/><E8/><V71/><F122/><W44/><G118/><T66/><D45/><U96/><E38/><V61/><F35/><W72/><G1/><T20/><D33/><U70/><E70/><V69/><F129/><W31/><G31/><T18/><D78/><U105/><E34/><V24/><F125/><W3/><G115/><T111/><D111/><U79/><E105/><V119/><F119/><W106/><G3/><T15/><D15/><U84/><E84/><V25/><F7/><W120/><G120/><T4/><D4/><U54/><E54/><V107/><F107/><W121/><G106/><T22/><D22/><U14/><E14/><V113/><F76/><W90/><G121/><T124/><D124/><U108/><E108/><V36/><F36/><W68/><G68/><N who="2" m="26185" /><F17/><N who="3" m="8383" /><G44/><T62/><D81/><AGARI ba="0,0" hai="23,26,30,40,43,50,53,56,79,81,85,92,96,100" machi="81" ten="40,2600,0" yaku="8,1,52,1" doraHai="19" who="1" fromWho="0" sc="203,-26,278,26,244,0,275,0" owari="177,-32.0,304,40.0,244,-16.0,275,8.0" /></mjloggm>