<mjloggm ver="2.3"><GO type="169" lobby="0"/><UN n0="%E6%B2%96%EF%BC%92%EF%BC%99" n1="%E9%BA%A6%E5%AD%90%74%7A" n2="%E8%B7%AF%E5%9C%B0%E8%A3%8F%E3%81%AE%E3%81%B2%E3%81%BE%E3%82%8F%E3%82%8A" n3="%E3%82%82%E3%82%84%E3%81%97%E3%82%82%E3%82%93" dan="17,16,16,16" rate="2186.75,2156.44,2120.09,2087.61" sx="M,M,M,F"/><TAIKYOKU oya="0"/><INIT seed="0,0,0,1,5,77" ten="250,250,250,250" oya="0" hai0="131,83,134,126,76,13,19,103,60,114,6,28,95" hai1="105,99,25,110,62,124,26,39,50,86,123,75,23" hai2="0,7,116,61,108,87,85,73,17,117,44,35,16" hai3="65,71,132,107,56,80,2,67,88,106,38,115,27"/><T32/><D114/><U64/><E39/><V14/><F73/><W104/><G115/><T21/><D134/><U52/><E75/><V101/><F108/><W48/><G71/><T12/><D131/><U42/><E123/><V122/><F35/><W63/><G38/><T84/><D126/><U49/><E124/><V58/><F122/><W11/><G132/><T97/><D32/><U57/><E110/><V66/><F101/><W70/><G27/><T91/><D28/><U98/><E105/><V22/><F17/><W4/><G48/><T120/><D120/><U41/><E86/><V15/><F0/><W10/><G11/><N who="0" m="4215" /><D60/><U113/><E113/><V82/><F44/><W30/><G30/><T128/><D128/><U8/><E8/><N who="2" m="4383" /><F117/><W102/><G70/><T34/><D34/><U121/><E121/><V96/><F116/><W74/><G102/><AGARI ba="0,0" hai="13,19,21,76,83,84,91,95,97,102,103" m="4215" machi="102" ten="30,2900,0" yaku="8,1,52,1" doraHai="77" who="0" fromWho="3" sc="250,29,250,0,250,0,250,-29" /><INIT seed="0,1,0,1,3,129" ten="279,250,250,221" oya="0" hai0="34,106,71,0,17,122,79,30,96,121,113,132,5" hai1="65,8,73,28,42,16,118,19,105,57,36,123,91" hai2="29,15,6,64,94,89,68,93,83,124,98,81,74" hai3="31,3,85,67,116,107,9,117,95,126,45,134,114"/><T23/><D71/><U97/><E73/><V82/><F124/><W104/><G114/><T47/><D47/><U25/><E118/><V52/><F29/><W13/><G126/><T55/><D55/><U110/><E123/><N who="0" m="47113" /><D96/><U12/><E36/><V75/><F64/><W66/><G3/><T38/><D38/><U35/><E42/><V40/><F40/><W46/><G85/><T131/><D79/><U11/><E110/><V102/><F68/><W49/><G95/><T128/><D106/><U24/><E105/><V78/><F15/><W27/><G49/><T32/><D113/><U115/><E115/><V37/><F6/><W100/><G100/><T133/><D30/><U135/><E25/><V80/><F52/><W108/><G27/><N who="0" m="14831" /><D5/><U39/><E39/><V41/><F41/><W4/><G31/><T2/><D2/><U92/><E57/><V84/><F37/><W26/><G26/><T54/><D54/><U7/><E65/><V63/><F63/><W50/><G50/><T87/><D87/><AGARI ba="1,0" hai="74,75,78,80,81,82,83,84,87,89,93,94,98,102" machi="87" ten="40,12000,2" yaku="35,6" doraHai="129" who="2" fromWho="0" sc="279,-123,250,0,250,123,221,0" /><INIT seed="1,0,0,4,1,96" ten="156,250,373,221" oya="1" hai0="32,130,33,116,13,85,66,49,107,11,94,26,125" hai1="122,10,4,28,47,46,36,51,99,44,45,105,38" hai2="127,81,128,88,98,74,135,111,93,119,17,15,106" hai3="14,117,5,55,124,54,84,112,20,115,58,121,56"/><U61/><E122/><V62/><F119/><W118/><G121/><T37/><D107/><U102/><E28/><V120/><F120/><W43/><G124/><T69/><D37/><U2/><REACH who="1" step="1"/><E61/><REACH who="1" ten="156,240,373,221" step="2"/><V129/><F62/><N who="3" m="36119" /><G117/><T104/><D116/><U1/><E1/><V73/><F127/><W22/><G118/><T6/><D125/><U132/><E132/><V50/><F135/><W92/><G115/><T126/><D126/><U95/><E95/><V68/><F106/><W21/><G112/><T97/><D94/><U67/><E67/><V27/><F93/><W23/><G92/><T79/><D66/><U30/><E30/><V25/><F98/><W75/><G84/><T60/><D60/><U131/><E131/><V42/><F128/><W83/><G75/><T134/><D130/><U103/><E103/><V0/><F74/><W101/><G101/><T114/><D97/><U18/><E18/><V109/><F0/><W89/><G83/><T35/><D104/><U12/><E12/><V108/><F129/><W40/><G14/><T86/><D134/><U78/><E78/><V24/><F73/><W70/><G5/><T82/><D85/><U48/><E48/><V63/><F50/><W64/><G64/><T76/><D114/><U31/><E31/><V41/><F63/><W59/><G89/><T72/><D49/><U19/><E19/><V9/><F68/><W71/><G70/><T8/><D69/><U90/><E90/><V65/><F65/><W3/><G3/><T29/><D72/><U16/><E16/><V87/><AGARI ba="0,1" hai="9,15,17,24,25,27,41,42,81,87,88,108,109,111" machi="87" ten="40,5200,0" yaku="0,1,14,1,54,1" doraHai="96" who="2" fromWho="2" sc="156,-13,240,-26,373,62,221,-13" /><INIT seed="2,0,0,3,5,81" ten="143,214,435,208" oya="2" hai0="49,23,80,134,25,120,9,99,39,129,113,116,76" hai1="85,108,28,79,102,8,75,87,16,91,22,127,86" hai2="123,130,70,69,27,5,98,42,43,18,111,90,20" hai3="46,124,48,65,92,109,21,37,41,51,96,32,4"/><V131/><F123/><W128/><G32/><T36/><D113/><U6/><E75/><V125/><F125/><W2/><G124/><T47/><D120/><U97/><E127/><V88/><F5/><W13/><G128/><N who="2" m="49193" /><F111/><W89/><G109/><T58/><D129/><U12/><E108/><V66/><F90/><W63/><G2/><T83/><D116/><U26/><E79/><V118/><F118/><W60/><G60/><T19/><D134/><U107/><REACH who="1" step="1"/><E6/><REACH who="1" ten="143,204,435,208" step="2"/><V94/><F66/><W119/><G119/><T44/><D76/><U0/><E0/><V50/><F42/><W132/><G132/><T62/><D36/><U77/><E77/><V52/><F43/><W110/><G110/><T114/><D39/><U17/><E17/><V133/><F133/><W56/><G4/><T45/><D19/><U64/><E64/><V3/><F3/><W115/><G115/><T117/><D114/><U135/><E135/><V121/><F121/><W93/><G37/><T95/><D117/><U101/><E101/><V104/><F104/><W29/><G41/><T53/><D53/><U33/><E33/><V11/><F11/><W59/><G65/><T35/><D9/><U30/><E30/><V103/><F103/><W84/><G29/><T7/><D35/><U74/><E74/><V73/><F73/><W54/><G54/><T34/><D34/><U105/><E105/><V15/><F52/><W57/><G89/><AGARI ba="0,1" hai="8,12,16,22,26,28,85,86,87,89,91,97,102,107" machi="89" ten="40,8000,1" yaku="1,1,52,3,54,1,53,0" doraHai="81" doraHaiUra="68" who="1" fromWho="3" sc="143,0,204,90,435,0,208,-80" /><INIT seed="3,0,0,5,3,34" ten="143,294,435,128" oya="3" hai0="116,41,10,106,108,28,4,105,113,49,82,61,65" hai1="78,91,54,13,134,48,96,31,70,19,21,37,85" hai2="115,42,57,129,26,3,125,127,112,87,59,0,64" hai3="90,71,99,95,40,12,80,6,94,123,117,50,107"/><W9/><G117/><T8/><D113/><U124/><E70/><V79/><F42/><W114/><G123/><T75/><D116/><U46/><E124/><N who="2" m="47691" /><F129/><W102/><G114/><N who="2" m="43561" /><F26/><W66/><G66/><T86/><D75/><U39/><E134/><V11/><F11/><W62/><G62/><T32/><D8/><U133/><E133/><V74/><F74/><W14/><G71/><T63/><D63/><U68/><E68/><V33/><F33/><W119/><G119/><T1/><D61/><U15/><E31/><V97/><F97/><W20/><G80/><T22/><D32/><U5/><E5/><V92/><F64/><W69/><G69/><T111/><D65/><U35/><E35/><V131/><F131/><W38/><G38/><T128/><D128/><U126/><E96/><V130/><F130/><W27/><G14/><T73/><D73/><U103/><E13/><V45/><F45/><N who="3" m="25895" /><G107/><T81/><D106/><U120/><E39/><V30/><F30/><N who="3" m="17767" /><G95/><T17/><D105/><U53/><E37/><V2/><F92/><W132/><G132/><T121/><D121/><U100/><E120/><V110/><F110/><N who="0" m="42026" /><D28/><U55/><E126/><V47/><F47/><W93/><G93/><T16/><D81/><AGARI ba="0,0" hai="0,2,3,57,59,79,81,87" m="43561,47691" machi="81" ten="40,8000,1" yaku="18,1,52,3" doraHai="34" who="2" fromWho="0" sc="143,-80,294,0,435,80,128,0" /><INIT seed="4,0,0,0,3,63" ten="63,294,515,128" oya="0" hai0="97,85,36,57,101,79,131,37,35,26,92,38,94" hai1="21,45,86,78,108,62,113,50,88,67,42,24,123" hai2="19,112,134,83,60,80,132,120,74,107,29,1,82" hai3="96,95,135,20,115,118,127,44,89,65,39,27,81"/><T99/><D131/><U64/><E108/><V48/><F120/><W49/><G118/><T76/><D57/><U12/><E123/><V106/><F1/><W3/><G3/><T59/><D59/><U55/><E78/><V98/><F74/><W11/><G39/><T102/><REACH who="0" step="1"/><D85/><REACH who="0" ten="53,294,515,128" step="2"/><U18/><E113/><V130/><F112/><W104/><G115/><T13/><D13/><U0/><E0/><V69/><F130/><W121/><G121/><T58/><D58/><N who="1" m="35167" /><E12/><V10/><F69/><W2/><G2/><T52/><D52/><U122/><E122/><V53/><F53/><W117/><G117/><T68/><D68/><U17/><E17/><V110/><F110/><W33/><G127/><T61/><D61/><U125/><E125/><V34/><F60/><W72/><G72/><T7/><D7/><U32/><E32/><V75/><F75/><W129/><G33/><T90/><D90/><U16/><E18/><V116/><F116/><W6/><G129/><T40/><D40/><U84/><E86/><V47/><F34/><W128/><G128/><T66/><D66/><N who="1" m="25131" /><E84/><V9/><F19/><W23/><G65/><T28/><AGARI ba="0,1" hai="26,28,35,36,37,38,76,79,92,94,97,99,101,102" machi="28" ten="40,7800,0" yaku="1,1,0,1,9,1,53,0" doraHai="63" doraHaiUra="4" who="0" fromWho="0" sc="53,88,294,-26,515,-26,128,-26" /><INIT seed="4,1,0,2,2,85" ten="141,268,489,102" oya="0" hai0="88,60,47,36,102,38,120,84,95,81,4,72,3" hai1="100,131,108,28,17,93,73,134,37,11,117,22,74" hai2="101,8,90,32,18,39,66,48,107,64,58,13,116" hai3="57,33,6,76,130,78,46,123,31,105,62,43,91"/><T5/><D120/><U80/><E117/><V50/><F39/><W10/><G123/><T26/><D26/><U41/><E108/><V71/><F116/><W27/><G105/><T114/><D114/><U132/><E28/><V23/><F32/><W83/><G130/><T68/><D3/><U128/><E11/><V67/><F71/><W75/><G78/><T19/><D19/><U69/><E69/><V121/><F121/><W53/><G91/><T65/><D38/><U0/><E0/><V35/><F35/><W79/><G79/><T99/><REACH who="0" step="1"/><D72/><REACH who="0" ten="131,268,489,102" step="2"/><U9/><E17/><V52/><F18/><W70/><G70/><T135/><D135/><U122/><E37/><V59/><F13/><W96/><G96/><T92/><D92/><U82/><E93/><V87/><F107/><W77/><G77/><T103/><D103/><U45/><E100/><V7/><F101/><W98/><G98/><T110/><D110/><U124/><E122/><V118/><F118/><W125/><G125/><T49/><D49/><U133/><E124/><V109/><F109/><W29/><G27/><T119/><D119/><U25/><E73/><V42/><F50/><W104/><G104/><T14/><D14/><U113/><E74/><V15/><F48/><N who="3" m="26719" /><G33/><T115/><D115/><U97/><E113/><V61/><F15/><N who="3" m="5591" /><G75/><T30/><D30/><N who="1" m="17719" /><E97/><V16/><F16/><W126/><G126/><T20/><D20/><U89/><E132/><V2/><F23/><W112/><G112/><T129/><D129/><U12/><E133/><V51/><F2/><W86/><AGARI ba="1,1" hai="29,31,53,57,62,76,83,86" m="5591,26719" machi="86" ten="30,2000,0" yaku="25,1,8,1" doraHai="85" who="3" fromWho="3" sc="131,-11,268,-6,489,-6,102,33" /><INIT seed="5,0,0,4,1,86" ten="120,262,483,135" oya="1" hai0="120,104,72,98,52,15,14,82,24,102,29,58,100" hai1="73,66,3,22,88,83,19,8,114,105,4,16,13" hai2="5,43,119,123,97,89,54,28,84,113,92,101,57" hai3="87,65,55,85,103,69,77,132,11,134,6,110,49"/><U51/><E105/><V63/><F119/><W126/><G110/><T32/><D120/><U111/><E111/><V94/><F123/><W10/><G103/><T56/><D56/><U40/><E114/><V91/><F113/><W128/><G128/><T118/><D118/><U80/><E73/><V67/><F43/><W23/><G126/><T18/><D102/><U70/><E70/><V36/><F36/><W109/><G109/><T96/><D96/><U71/><E71/><V2/><F28/><W17/><G65/><T93/><D104/><U107/><E66/><V35/><F35/><W78/><G69/><T60/><REACH who="0" step="1"/><D18/><REACH who="0" ten="110,262,483,135" step="2"/><U48/><E107/><V47/><F101/><W30/><G17/><T27/><D27/><U37/><E19/><V112/><F112/><W129/><G129/><T121/><D121/><U41/><E37/><V31/><F31/><W61/><G132/><T34/><D34/><U44/><E80/><V50/><F2/><W81/><G134/><T45/><D45/><U116/><E116/><V125/><F125/><W26/><G81/><T95/><D95/><U12/><E83/><V64/><F67/><W0/><G0/><T20/><D20/><U130/><E130/><V53/><F64/><W75/><G23/><T135/><D135/><U42/><E3/><V76/><F76/><AGARI ba="0,1" hai="14,15,24,29,32,52,58,60,72,76,82,93,98,100" machi="76" ten="40,2600,0" yaku="1,1,54,1,53,0" doraHai="86" doraHaiUra="38" who="0" fromWho="2" sc="110,36,262,0,483,-26,135,0" /><INIT seed="6,0,0,3,3,97" ten="146,262,457,135" oya="2" hai0="122,118,86,101,14,34,126,116,13,74,123,63,104" hai1="22,105,45,135,94,31,16,87,73,90,37,108,50" hai2="82,120,77,9,125,107,32,53,3,112,25,66,26" hai3="78,99,106,10,109,80,46,54,40,67,98,8,27"/><V88/><F120/><N who="0" m="46122" /><D34/><U71/><E73/><V23/><F125/><W33/><G109/><T119/><D74/><U79/><E108/><V83/><F66/><W133/><G133/><T85/><D126/><U1/><E37/><V4/><F112/><W113/><G113/><T29/><D29/><U60/><E1/><V17/><F107/><W5/><G67/><T111/><D111/><U42/><E135/><V69/><F69/><W127/><G54/><T132/><D132/><U128/><E128/><V28/><F77/><W51/><G127/><T41/><D41/><U61/><E31/><V57/><F88/><W134/><G134/><T30/><D30/><U18/><E71/><V55/><F55/><W35/><G27/><T58/><D104/><U130/><E130/><V47/><F47/><W76/><G76/><T62/><D101/><U89/><E105/><V0/><F0/><W91/><G10/><T49/><D49/><AGARI ba="0,0" hai="3,4,9,17,23,25,26,28,32,49,53,57,82,83" machi="49" ten="30,1500,0" yaku="7,1" doraHai="97" who="2" fromWho="0" sc="146,-15,262,0,457,15,135,0" /><INIT seed="6,1,0,3,0,119" ten="131,262,472,135" oya="2" hai0="0,107,92,103,104,61,3,132,69,82,86,110,90" hai1="41,111,81,25,63,1,102,30,88,5,105,117,15" hai2="50,40,47,130,49,98,11,73,123,77,72,16,124" hai3="74,106,58,34,68,27,35,89,17,67,6,48,118"/><V54/><F123/><W60/><G118/><T121/><D110/><U9/><E111/><V125/><F130/><W59/><G74/><T93/><D69/><U39/><E63/><V127/><F77/><W20/><G6/><T32/><D32/><U99/><E117/><V91/><F91/><W18/><G106/><N who="0" m="40491" /><D61/><U97/><E41/><V96/><F96/><W109/><G109/><T65/><D65/><U22/><E39/><V46/><F98/><W78/><G78/><N who="0" m="46423" /><D0/><U38/><E38/><V28/><F28/><W75/><G75/><T120/><D3/><U80/><E97/><V10/><F10/><W51/><G17/><T131/><D131/><U44/><E88/><V37/><F37/><W33/><G89/><T24/><D24/><U55/><E44/><V12/><AGARI ba="1,0" hai="11,12,16,40,46,47,49,50,54,72,73,124,125,127" machi="12" ten="40,7800,0" yaku="0,1,18,1,54,1" doraHai="119" who="2" fromWho="2" sc="131,-27,262,-27,472,81,135,-27" /><INIT seed="6,2,0,5,0,80" ten="104,235,553,108" oya="2" hai0="71,125,98,10,94,82,51,110,6,133,102,63,61" hai1="119,62,54,14,123,59,35,12,60,70,53,124,76" hai2="46,99,55,132,29,85,30,84,36,116,104,16,50" hai3="45,89,120,58,13,78,109,129,25,43,83,73,31"/><V47/><F132/><W118/><G109/><T67/><D110/><U33/><E76/><V9/><F116/><W75/><G118/><T96/><D133/><U56/><E119/><V22/><F9/><W90/><G120/><T44/><D125/><U52/><E124/><V93/><F104/><W87/><G129/><T128/><D128/><U66/><E70/><V28/><F46/><W27/><G58/><T91/><D63/><U18/><E123/><V48/><F48/><W37/><G13/><T4/><D10/><U38/><E38/><V105/><F105/><W65/><G65/><T114/><D114/><U5/><E5/><V121/><F36/><W122/><G122/><T111/><D111/><U68/><E68/><V64/><F64/><W126/><G126/><T79/><D98/><U127/><E18/><V134/><F134/><W42/><G42/><T101/><D4/><U40/><E127/><V81/><F81/><W113/><G113/><T86/><REACH who="0" step="1"/><D6/><REACH who="0" ten="94,235,553,108" step="2"/><U11/><E11/><V92/><F121/><W26/><REACH who="3" step="1"/><G31/><REACH who="3" ten="94,235,553,98" step="2"/><T19/><D19/><U130/><E130/><V100/><F93/><W95/><G95/><T72/><D72/><AGARI ba="2,2" hai="25,26,27,37,43,45,72,73,75,78,83,87,89,90" machi="72" ten="40,2600,0" yaku="1,1,52,1,53,0" doraHai="80" doraHaiUra="2" who="3" fromWho="0" sc="94,-32,235,0,553,0,98,52" /><INIT seed="7,0,0,4,2,10" ten="62,235,553,150" oya="3" hai0="52,60,29,108,18,1,87,37,61,21,124,56,134" hai1="69,114,0,43,85,120,116,57,96,81,19,2,22" hai2="103,132,17,131,86,91,59,117,44,109,104,3,26" hai3="58,95,9,68,63,35,133,105,70,74,127,48,99"/><W47/><G105/><T24/><D37/><U50/><E69/><V88/><F3/><W54/><G74/><T76/><D1/><U55/><E120/><V110/><F117/><W84/><G35/><T126/><D108/><U42/><E116/><V122/><F122/><W100/><G127/><T46/><D134/><U111/><E111/><V12/><F26/><W49/><G133/><T31/><D46/><U23/><E2/><V73/><F73/><W30/><G30/><T119/><D119/><U14/><E0/><V16/><F17/><W6/><G84/><T93/><D61/><U25/><E96/><V53/><F44/><W65/><G49/><T112/><D112/><U89/><E114/><V75/><F75/><W121/><G121/><T4/><D4/><U106/><E106/><V90/><F86/><W130/><G130/><T5/><D5/><U20/><E20/><V38/><F38/><W97/><G97/><T8/><D93/><U115/><E115/><V7/><F131/><W45/><G47/><T113/><D113/><U33/><E33/><V72/><F72/><W32/><G32/><T11/><D31/><AGARI ba="0,0" hai="14,19,22,23,25,31,42,43,50,55,57,81,85,89" machi="31" ten="30,3900,0" yaku="7,1,8,1,52,1" doraHai="10" who="1" fromWho="0" sc="62,-39,235,39,553,0,150,0" owari="23,-48.0,274,7.0,553,66.0,150,-25.0" /></mjloggm>