<mjloggm ver="2.3"><GO type="169" lobby="0"/><UN n0="%E9%81%8A%E8%B5%B0" n1="%73%75%6E%61%62%61%6B%75" n2="%70%70%61%61%6F%6F" n3="%E3%81%AF%E3%81%98%E3%81%BE%E3%82%8A%E3%81%AE%E6%9C%9D" dan="18,16,16,16" rate="2241.81,2086.90,2118.01,2151.40" sx="F,M,M,F"/><TAIKYOKU oya="0"/><INIT seed="0,0,0,2,4,5" ten="250,250,250,250" oya="0" hai0="53,6,95,18,47,28,113,121,16,33,32,31,15" hai1="2,96,65,129,105,87,26,14,124,106,66,69,120" hai2="125,94,41,110,60,36,57,76,11,1,100,4,55" hai3="50,21,63,127,72,58,48,67,80,93,107,29,40"/><T12/><D113/><U74/><E120/><V44/><F110/><W101/><G107/><T97/><D121/><U13/><E74/><V54/><F125/><W118/><G118/><T99/><D6/><U82/><E124/><V56/><F76/><W109/><G127/><T108/><D108/><U128/><E2/><V132/><F132/><W62/><G109/><T52/><D95/><U59/><E69/><V102/><REACH who="2" step="1"/><F94/><REACH who="2" ten="250,250,240,250" step="2"/><W122/><G122/><T115/><D115/><U81/><E128/><V43/><F43/><W91/><G80/><T8/><REACH who="0" step="1"/><D47/><REACH who="0" ten="240,250,240,250" step="2"/><U119/><E129/><V17/><F17/><W0/><G93/><T117/><D117/><U123/><E119/><V78/><F78/><W131/><G131/><T126/><D126/><U83/><E123/><V30/><F30/><W51/><G29/><T25/><D25/><U86/><E26/><V9/><F9/><AGARI ba="0,2" hai="8,9,12,15,16,18,28,31,32,33,52,53,97,99" machi="9" ten="25,18000,2" yaku="1,1,22,2,52,2,54,2,53,0" doraHai="5" doraHaiUra="135" who="0" fromWho="2" sc="240,200,250,0,240,-180,250,0" /><INIT seed="0,1,0,5,0,70" ten="440,250,60,250" oya="0" hai0="133,87,8,91,101,53,126,3,123,63,26,14,129" hai1="27,50,89,62,88,67,100,16,23,110,74,18,41" hai2="108,132,106,120,79,65,36,78,22,84,92,93,135" hai3="96,116,9,97,85,32,43,1,81,49,21,57,107"/><T86/><D3/><U6/><E74/><V72/><F65/><W38/><G32/><T12/><D123/><U75/><E75/><V69/><F69/><W105/><G38/><T47/><D129/><U124/><E110/><V73/><F22/><W90/><G116/><T52/><D126/><U125/><E6/><V28/><F28/><W115/><G115/><T0/><D0/><U98/><E18/><V31/><F31/><W64/><G105/><T42/><D133/><N who="2" m="51274" /><F36/><W11/><G107/><T95/><D101/><U55/><E41/><V128/><F108/><W82/><G1/><T94/><D26/><U122/><E122/><V66/><F66/><W134/><G134/><T29/><D29/><U24/><E24/><V130/><F120/><W54/><G21/><T99/><D14/><U4/><E4/><V17/><F17/><W5/><G43/><T15/><D15/><U40/><E40/><V118/><F106/><W83/><G5/><N who="0" m="3087" /><D63/><U60/><E62/><V10/><F10/><N who="3" m="3595" /><G64/><T80/><D42/><U37/><E37/><V34/><F34/><W113/><G113/><T56/><D47/><N who="1" m="28127" /><E124/><V33/><F33/><W117/><G117/><T2/><D2/><U112/><E125/><V46/><F46/><W111/><G111/><T30/><D30/><U25/><E112/><V127/><F127/><W61/><G61/><N who="0" m="35975" /><D53/><U58/><E27/><V119/><F119/><W68/><G68/><T51/><D51/><U103/><E100/><V77/><F118/><W20/><G20/><T35/><D35/><U131/><E131/><N who="2" m="50219" /><F84/><W109/><G109/><T104/><D86/><RYUUKYOKU ba="1,0" sc="440,0,250,0,60,0,250,0" hai0="80,87,91,94,95,99,104" hai1="16,23,25,58,60,67,88,89,98,103" hai2="72,73,77,78,79,92,93" hai3="49,54,57,81,82,83,85,90,96,97" /><INIT seed="0,2,0,4,3,25" ten="440,250,60,250" oya="0" hai0="54,128,87,9,18,80,102,120,24,98,35,53,16" hai1="95,83,8,3,31,135,51,39,1,32,26,116,10" hai2="112,77,59,50,96,101,0,6,70,107,13,58,64" hai3="55,106,133,49,45,36,7,41,17,94,60,103,88"/><T84/><D120/><U121/><E116/><V2/><F112/><W130/><G133/><T47/><D128/><U43/><E121/><V67/><F70/><W27/><G130/><T109/><D109/><U134/><E39/><V97/><F77/><W44/><G7/><T28/><D84/><U78/><E95/><V73/><F73/><W22/><G60/><T79/><D9/><N who="1" m="3691" /><E51/><V23/><F50/><W92/><G106/><T108/><D108/><U5/><E43/><V104/><F23/><W110/><G110/><T19/><REACH who="0" step="1"/><D47/><REACH who="0" ten="430,250,60,250" step="2"/><U12/><E83/><V85/><F85/><W69/><G45/><T90/><D90/><U129/><E78/><V66/><F6/><W105/><G103/><T126/><D126/><U57/><E129/><V93/><F101/><W11/><G44/><T14/><D14/><U74/><E12/><V119/><F13/><W34/><G88/><T63/><D63/><U46/><E5/><V89/><F89/><W71/><G71/><T100/><D100/><U111/><E46/><V40/><F119/><W127/><G69/><T117/><D117/><U38/><E111/><V65/><F2/><W48/><G127/><T20/><D20/><U21/><E21/><V122/><F0/><W56/><G22/><T4/><D4/><U123/><E3/><V86/><F122/><W118/><G118/><T113/><D113/><U124/><E123/><V125/><F125/><W82/><G11/><T37/><D37/><U42/><E38/><V81/><F86/><W68/><G36/><T91/><D91/><U72/><E124/><V30/><F40/><RYUUKYOKU ba="2,1" sc="430,30,250,-10,60,-10,250,-10" hai0="16,18,19,24,28,35,53,54,79,80,87,98,102" /><INIT seed="0,3,1,3,5,18" ten="460,240,50,240" oya="0" hai0="101,0,126,29,8,89,5,4,91,122,69,78,102" hai1="94,61,51,58,11,99,76,71,70,72,125,7,87" hai2="19,1,88,68,106,56,66,31,79,118,93,115,14" hai3="6,105,134,21,46,135,34,9,12,26,75,123,130"/><T128/><D122/><U124/><E72/><V95/><F115/><W80/><G105/><T86/><D69/><U2/><E51/><V16/><F106/><W50/><G123/><T27/><D128/><U64/><E87/><V33/><F68/><W47/><G130/><T23/><D126/><N who="1" m="48747" /><E76/><V41/><F1/><W53/><G34/><T111/><D111/><U49/><E49/><V60/><F79/><W96/><G96/><T54/><D5/><U67/><E64/><V3/><F3/><W40/><G80/><T104/><D104/><U62/><E61/><V32/><F118/><W131/><G75/><T13/><D0/><U119/><E119/><V63/><F63/><W129/><G129/><T45/><D78/><U109/><E109/><V100/><F41/><W30/><REACH who="3" step="1"/><G131/><REACH who="3" ten="460,240,50,230" step="2"/><T20/><D86/><U65/><E99/><V133/><F33/><W10/><G10/><T48/><D102/><U22/><E11/><V36/><F32/><W103/><G103/><T73/><D73/><U59/><E22/><V121/><F100/><W44/><G44/><T35/><D101/><U98/><E98/><N who="2" m="57639" /><F121/><W17/><G17/><T132/><D35/><U107/><E107/><V112/><F19/><W42/><G42/><T92/><D91/><U43/><E43/><V38/><F112/><W127/><G127/><T74/><D74/><U81/><E81/><V37/><F16/><W120/><G120/><T113/><D113/><U57/><E7/><V77/><F77/><W114/><G114/><T52/><D4/><U97/><E97/><V108/><F108/><W116/><G116/><RYUUKYOKU ba="3,2" sc="460,-10,240,-10,50,-10,230,30" hai3="6,9,12,21,26,30,40,46,47,50,53,134,135" /><INIT seed="1,4,2,0,0,54" ten="450,230,40,260" oya="1" hai0="106,64,82,123,72,120,68,103,77,3,130,6,111" hai1="87,66,17,126,92,119,108,67,5,27,109,98,13" hai2="43,51,23,49,104,115,46,129,65,94,55,20,39" hai3="128,93,10,118,69,131,134,30,44,63,21,38,14"/><U122/><E119/><V116/><F104/><W76/><G118/><T102/><D111/><N who="1" m="42571" /><E122/><N who="0" m="46633" /><D130/><N who="3" m="49705" /><G76/><T112/><D112/><U61/><E126/><V80/><F116/><W26/><G134/><T45/><D106/><U24/><E5/><V8/><F129/><W41/><G93/><T50/><D64/><N who="1" m="24619" /><E61/><V132/><F132/><W34/><G63/><T73/><D68/><U127/><E87/><V1/><F65/><W52/><G52/><N who="0" m="29775" /><D73/><U78/><E78/><V85/><F94/><W121/><G121/><T107/><D107/><U71/><E71/><V86/><F115/><W133/><G133/><T88/><D88/><N who="1" m="55559" /><E127/><V25/><F86/><W0/><G0/><T42/><D6/><U83/><E83/><V135/><F135/><W57/><G69/><T114/><D3/><U29/><E29/><N who="2" m="17575" /><F1/><W95/><G95/><T37/><D114/><U56/><E56/><N who="2" m="32879" /><F85/><W60/><G57/><T4/><D4/><U125/><E125/><V124/><F80/><W22/><G60/><T53/><D82/><U59/><E59/><V70/><F124/><W79/><G79/><T99/><D77/><U113/><E113/><V11/><F70/><W110/><G110/><T97/><D72/><U105/><E105/><V48/><F39/><W33/><G33/><T100/><D99/><U18/><E18/><AGARI ba="4,2" hai="10,14,18,21,22,26,30,34,38,41,44" m="49705" machi="18" ten="30,1000,0" yaku="19,1" doraHai="54" who="3" fromWho="1" sc="450,0,230,-22,40,0,260,42" /><INIT seed="2,0,0,2,1,28" ten="450,208,40,302" oya="2" hai0="118,90,126,22,76,69,18,108,44,15,112,84,97" hai1="109,94,87,124,7,133,1,73,41,110,5,119,37" hai2="125,67,56,107,104,62,64,72,102,80,13,82,38" hai3="45,8,53,63,93,43,95,71,77,40,106,86,48"/><V59/><F125/><W65/><G106/><T115/><D69/><U68/><E119/><V114/><F114/><W121/><G121/><T14/><D108/><U70/><E124/><V24/><F38/><W74/><G74/><T98/><D126/><U75/><E133/><V34/><F13/><W46/><G8/><T20/><D118/><U55/><E94/><V100/><F72/><N who="1" m="27721" /><E87/><V32/><F24/><W25/><G25/><T101/><D76/><U116/><E55/><V60/><AGARI ba="0,0" hai="32,34,56,59,60,62,64,67,80,82,100,102,104,107" machi="60" ten="25,12000,1" yaku="0,1,22,2,52,2" doraHai="28" who="2" fromWho="2" sc="450,-40,208,-40,40,120,302,-40" /><INIT seed="2,1,0,1,3,74" ten="410,168,160,262" oya="2" hai0="43,53,131,10,108,104,45,46,95,110,100,130,77" hai1="49,47,38,36,83,69,102,5,25,132,18,40,3" hai2="44,109,65,70,59,29,111,78,17,89,37,93,76" hai3="27,48,24,120,26,128,116,122,73,126,123,96,71"/><V118/><F70/><W34/><G71/><T4/><D104/><U112/><E69/><V16/><F118/><W105/><G116/><T99/><D53/><U12/><E112/><V90/><F29/><W31/><G73/><T58/><D58/><U63/><E132/><V15/><F90/><W97/><G128/><N who="0" m="49195" /><D77/><N who="2" m="29802" /><F37/><W129/><G129/><T60/><D60/><U41/><E38/><V19/><F44/><N who="0" m="17002" /><D43/><U7/><E41/><V52/><F65/><W98/><G126/><T8/><D8/><U22/><E36/><V56/><F56/><W84/><G105/><T119/><D119/><U114/><E63/><N who="2" m="36327" /><F111/><W79/><G48/><T86/><D86/><U124/><E49/><V61/><F61/><W57/><G57/><T133/><D133/><U39/><E39/><V14/><F109/><W54/><G54/><T134/><D134/><U67/><E67/><V51/><F51/><W87/><G79/><T11/><D110/><U75/><E47/><V42/><F42/><W106/><G106/><T94/><D108/><U80/><E40/><V115/><F115/><W20/><G31/><T72/><D72/><U64/><E75/><V28/><F28/><W81/><G122/><T35/><D35/><U88/><E114/><V85/><AGARI ba="1,0" hai="14,15,16,17,19,85,89,93" m="36327,29802" machi="85" ten="30,18000,2" yaku="8,1,52,3,54,2" doraHai="74" who="2" fromWho="2" sc="410,-61,168,-61,160,183,262,-61" /><INIT seed="2,2,0,4,5,105" ten="349,107,343,201" oya="2" hai0="58,73,50,110,6,38,85,83,59,3,52,61,21" hai1="100,79,62,9,107,72,24,56,18,95,35,48,109" hai2="11,46,119,39,55,122,82,68,36,2,104,17,121" hai3="126,63,51,23,106,30,71,49,132,25,115,45,88"/><V15/><F119/><W53/><G106/><T124/><D110/><U33/><E107/><V65/><F104/><W111/><G111/><T40/><D124/><U26/><E109/><V16/><F2/><W103/><G126/><T120/><D120/><N who="2" m="46186" /><F82/><W14/><G132/><T10/><D38/><N who="2" m="14378" /><F68/><W133/><G133/><T13/><D40/><U78/><E79/><V0/><F65/><W27/><G115/><T12/><D73/><U96/><E72/><V20/><F0/><W1/><G1/><T90/><REACH who="0" step="1"/><D21/><REACH who="0" ten="339,107,343,201" step="2"/><U60/><E78/><V92/><F20/><W80/><G23/><T91/><D91/><U87/><E100/><V37/><F37/><W41/><G88/><T93/><D93/><U99/><E95/><V64/><F92/><W44/><G41/><T81/><D81/><U94/><E94/><V84/><F11/><W98/><G80/><T22/><D22/><U127/><E9/><V117/><F117/><W125/><G125/><T43/><D43/><U101/><E127/><V8/><F8/><W89/><G89/><T29/><D29/><U135/><E135/><V77/><F77/><W57/><G30/><T47/><D47/><U42/><E42/><V118/><F46/><W32/><G45/><T134/><D134/><U108/><E108/><V31/><F31/><W69/><G44/><T34/><D34/><U116/><E35/><V97/><F118/><W4/><G32/><T112/><D112/><U28/><E33/><V67/><F15/><W74/><G14/><T5/><D5/><U54/><E28/><V7/><F7/><W19/><G74/><RYUUKYOKU ba="2,1" sc="339,30,107,-10,343,-10,201,-10" hai0="3,6,10,12,13,50,52,58,59,61,83,85,90" /><INIT seed="3,3,1,1,2,74" ten="369,97,333,191" oya="3" hai0="35,121,56,104,83,69,34,55,38,96,68,77,22" hai1="37,105,12,134,92,50,27,48,31,63,6,52,114" hai2="29,94,40,124,54,120,72,64,116,123,59,58,102" hai3="93,51,95,130,100,14,122,73,13,49,118,81,108"/><W61/><G122/><N who="2" m="46633" /><F116/><W85/><G118/><T76/><D38/><U112/><E105/><V128/><F128/><W1/><G1/><T21/><D121/><U109/><E37/><V101/><F124/><W20/><G130/><T7/><D7/><U78/><E109/><V65/><F72/><W36/><G36/><T97/><D56/><U19/><E134/><V84/><F29/><W110/><G73/><T90/><D90/><U8/><E112/><V131/><F131/><W80/><G61/><T43/><D55/><U107/><E107/><V39/><F40/><W98/><G81/><T126/><D83/><U125/><E114/><V9/><F9/><W99/><G20/><T127/><D104/><U3/><E125/><V0/><F0/><W47/><G51/><T2/><REACH who="0" step="1"/><D2/><REACH who="0" ten="359,97,333,191" step="2"/><U66/><E3/><V91/><F39/><W53/><G108/><T10/><D10/><U86/><E6/><V24/><F59/><W111/><G111/><T62/><D62/><U25/><E63/><V28/><F64/><W79/><G110/><T60/><D60/><U26/><E66/><V18/><F65/><W57/><G57/><T30/><D30/><U135/><E31/><V132/><F58/><W45/><G45/><T129/><D129/><U119/><E52/><V71/><F54/><W5/><G5/><T133/><D133/><U33/><E135/><V106/><F132/><W11/><G11/><T67/><D67/><U16/><E8/><V44/><F106/><W75/><G75/><T82/><D82/><U117/><E119/><V87/><F28/><W17/><G17/><RYUUKYOKU ba="3,2" sc="359,15,97,-15,333,-15,191,15" hai0="21,22,34,35,43,68,69,76,77,96,97,126,127" hai3="13,14,47,49,53,79,80,85,93,95,98,99,100" /><INIT seed="3,4,2,0,2,16" ten="374,82,318,206" oya="3" hai0="72,31,91,86,79,51,131,64,39,77,66,2,7" hai1="68,90,4,67,26,93,71,25,30,24,102,103,37" hai2="9,119,130,6,126,87,33,134,34,114,35,97,8" hai3="98,12,14,85,106,128,121,101,47,127,74,133,32"/><W107/><G121/><T122/><D122/><U124/><E37/><V23/><F87/><W80/><G74/><T42/><D39/><U116/><E116/><V129/><F97/><W62/><G32/><T53/><D42/><U56/><E4/><V110/><F119/><W61/><G128/><N who="2" m="49257" /><F114/><W111/><G133/><T41/><D41/><U82/><E124/><V117/><F117/><W44/><G127/><T132/><D72/><U105/><E105/><V94/><F94/><W78/><G107/><T99/><D99/><U58/><E82/><V59/><F126/><W115/><G115/><T57/><D31/><U88/><E30/><V5/><F59/><N who="1" m="22569" /><E71/><V43/><F43/><W36/><G36/><T120/><D120/><U118/><E68/><V17/><F110/><W65/><G111/><T84/><D132/><U29/><E118/><V49/><F49/><W123/><G123/><T46/><D131/><U96/><E29/><V10/><F134/><W50/><G62/><T76/><D2/><U75/><E75/><V27/><AGARI ba="4,2" hai="5,6,8,9,10,17,23,27,33,34,35" m="49257" machi="27" ten="40,8000,1" yaku="19,1,34,2,52,1" doraHai="16" who="2" fromWho="2" sc="374,-24,82,-24,318,112,206,-44" /><INIT seed="4,0,0,5,0,28" ten="350,58,430,162" oya="0" hai0="36,8,74,33,41,39,90,55,26,80,13,88,77" hai1="98,22,20,75,121,117,14,107,2,73,37,109,21" hai2="4,6,81,46,108,106,66,119,32,70,10,131,126" hai3="122,51,52,101,60,86,127,12,113,19,115,62,48"/><T99/><D55/><U125/><E37/><V11/><F81/><W95/><G127/><T17/><D41/><U63/><E121/><V49/><F108/><W65/><G122/><T103/><D39/><U132/><E117/><V68/><F126/><W78/><G62/><T27/><D36/><U85/><E125/><V35/><F106/><W100/><G78/><T84/><D33/><U44/><E109/><V92/><F92/><W105/><G105/><T57/><D57/><U5/><E2/><V7/><F131/><W123/><G123/><T67/><D67/><U120/><E120/><V42/><F119/><W45/><G51/><T24/><REACH who="0" step="1"/><D74/><REACH who="0" ten="340,58,430,162" step="2"/><U91/><E75/><V114/><F66/><W102/><G113/><T64/><D64/><U16/><E73/><V89/><F114/><W69/><G115/><T72/><D72/><U58/><E44/><V56/><F56/><W50/><G50/><T118/><D118/><U134/><E58/><V25/><F49/><W47/><G47/><T18/><D18/><U104/><E63/><V61/><F42/><W1/><G60/><T34/><D34/><N who="2" m="12842" /><F46/><W15/><G65/><T53/><D53/><U112/><E112/><V116/><F61/><W93/><G52/><T94/><AGARI ba="0,1" hai="8,13,17,24,26,27,77,80,84,88,90,94,99,103" machi="94" ten="30,18000,2" yaku="1,1,0,1,8,1,54,1,53,3" doraHai="28" doraHaiUra="23" who="0" fromWho="0" sc="340,190,58,-60,430,-60,162,-60" owari="530,63.0,-2,-50.0,370,17.0,102,-30.0" /></mjloggm>