<mjloggm ver="2.3"><GO type="169" lobby="0"/><UN n0="%EF%BC%A0%E4%B8%AD%E6%9D%91%E8%B1%AA" n1="%E3%82%BF%E3%82%B1%E3%82%AA%E3%81%97%E3%82%83%E3%82%93" n2="%49%72%69%73%2A" n3="%E3%83%94%E3%83%A7%E3%83%B3%E5%90%89" dan="16,17,18,17" rate="2148.67,2140.59,2189.48,2138.68" sx="M,M,F,F"/><TAIKYOKU oya="0"/><INIT seed="0,0,0,2,5,119" ten="250,250,250,250" oya="0" hai0="11,6,100,101,113,31,132,25,21,81,131,22,66" hai1="4,44,126,46,24,111,89,13,56,116,118,27,17" hai2="34,71,29,50,65,18,37,23,61,63,9,135,67" hai3="83,14,68,74,45,129,109,128,102,79,123,49,78"/><T15/><D113/><U36/><E126/><V103/><F37/><W2/><G2/><T86/><D132/><U108/><E56/><V48/><F135/><W125/><G79/><T73/><D131/><N who="3" m="50249" /><G68/><T91/><D73/><U7/><E89/><V82/><F34/><W69/><G69/><T112/><D112/><U105/><E105/><V32/><F32/><W8/><G102/><T84/><D66/><U85/><E85/><V72/><F103/><W51/><G125/><T92/><REACH who="0" step="1"/><D21/><REACH who="0" ten="240,250,250,250" step="2"/><U76/><E116/><V41/><F23/><W1/><G74/><T10/><D10/><U134/><E118/><V3/><F65/><W12/><G8/><T39/><D39/><U26/><E36/><V75/><F67/><W130/><G130/><T80/><D80/><U38/><E38/><V115/><F82/><W52/><G83/><T88/><AGARI ba="0,1" hai="6,11,15,22,25,31,81,84,86,88,91,92,100,101" machi="88" ten="20,12000,1" yaku="1,1,0,1,7,1,8,1,54,1,53,0" doraHai="119" doraHaiUra="110" who="0" fromWho="0" sc="240,130,250,-40,250,-40,250,-40" /><INIT seed="0,1,0,1,3,83" ten="370,210,210,210" oya="0" hai0="119,57,31,126,15,92,20,120,68,117,32,14,33" hai1="47,109,24,133,37,114,27,80,58,49,21,54,129" hai2="28,38,71,66,22,99,7,73,10,103,36,82,69" hai3="112,56,90,72,84,55,16,132,124,29,97,113,52"/><T125/><D68/><U86/><E129/><V19/><F28/><W102/><G72/><T100/><D57/><U121/><E121/><V122/><F122/><W104/><G29/><T40/><D40/><U23/><E133/><V110/><F110/><W45/><G132/><T60/><D60/><U78/><E109/><V130/><F130/><W44/><G124/><N who="0" m="47723" /><D100/><U85/><E114/><V70/><F66/><W91/><G91/><T2/><D92/><U6/><E6/><V11/><F73/><W17/><G112/><T77/><D77/><U9/><E9/><V111/><F82/><W105/><G105/><T88/><D120/><U4/><E4/><V12/><F11/><W62/><G113/><T127/><N who="0" m="47731" /><T34/><DORA hai="98" /><D88/><U79/><E80/><V1/><REACH who="2" step="1"/><F111/><REACH who="2" ten="370,210,200,210" step="2"/><W131/><G131/><T81/><D81/><U64/><E78/><V67/><F67/><W95/><REACH who="3" step="1"/><G55/><REACH who="3" ten="370,210,200,200" step="2"/><T115/><D115/><U41/><E79/><V53/><F53/><W128/><G128/><T89/><D31/><U65/><E65/><V59/><F59/><W18/><AGARI ba="1,2" hai="16,17,18,44,45,52,56,62,84,90,95,97,102,104" machi="18" ten="30,12000,2" yaku="1,1,0,1,52,2,54,2,53,0" doraHai="83,98" doraHaiUra="135,39" who="3" fromWho="3" sc="370,-61,210,-31,200,-31,200,143" /><INIT seed="1,0,0,0,0,31" ten="309,179,169,343" oya="1" hai0="104,8,58,17,15,56,87,101,45,124,76,86,64" hai1="35,83,99,25,27,0,42,39,53,103,96,4,37" hai2="108,128,57,10,62,49,88,84,132,82,100,48,90" hai3="5,102,40,16,79,33,113,47,89,20,130,123,26"/><U115/><E115/><V112/><F108/><W46/><G113/><T114/><D114/><U92/><E42/><V67/><F132/><W106/><G123/><T59/><D64/><U125/><E125/><V118/><F118/><W94/><G79/><T121/><D124/><U28/><E25/><V61/><F112/><W119/><G119/><T127/><D127/><U98/><E4/><V93/><F128/><W63/><G130/><T29/><D121/><U97/><E0/><V43/><F100/><W22/><G5/><T73/><D73/><U69/><E83/><V3/><F3/><W78/><G78/><T54/><D76/><U52/><REACH who="1" step="1"/><E69/><REACH who="1" ten="309,169,169,343" step="2"/><V70/><F43/><W32/><G40/><T12/><D12/><U131/><E131/><V2/><F2/><W133/><G26/><T95/><D15/><U30/><E30/><V21/><F10/><W7/><G7/><T107/><D8/><U23/><E23/><V126/><F21/><W34/><G22/><T110/><D29/><U68/><E68/><V51/><F126/><W44/><G20/><T80/><D80/><U122/><E122/><V13/><F13/><W135/><G16/><T109/><D17/><U105/><E105/><V116/><F116/><W117/><G117/><T134/><D107/><U38/><AGARI ba="0,1" hai="27,28,35,37,38,39,52,53,92,96,97,98,99,103" machi="38" ten="40,12000,1" yaku="1,1,0,1,52,1,54,1,53,0" doraHai="31" doraHaiUra="77" who="1" fromWho="1" sc="309,-40,169,130,169,-40,343,-40" /><INIT seed="1,1,0,4,5,82" ten="269,299,129,303" oya="1" hai0="61,89,104,2,127,108,116,84,79,35,64,97,34" hai1="42,43,98,75,11,8,24,73,15,130,5,27,13" hai2="110,106,16,69,10,50,58,74,121,114,30,4,32" hai3="59,95,93,3,88,71,120,56,129,112,105,52,115"/><U83/><E130/><V134/><F121/><W62/><G105/><T87/><D116/><U65/><E98/><V49/><F69/><W123/><G71/><T19/><D2/><U57/><E57/><V94/><F106/><W46/><G3/><T18/><D108/><U100/><E65/><V99/><F74/><W109/><G109/><T80/><D127/><U135/><E100/><V47/><F134/><W107/><G107/><T9/><D97/><U51/><E135/><V6/><F114/><W92/><G129/><T17/><D104/><U102/><E102/><V101/><F32/><W85/><G46/><T131/><D9/><U29/><E83/><V90/><F30/><W55/><G120/><T68/><REACH who="0" step="1"/><D131/><REACH who="0" ten="259,299,129,303" step="2"/><U23/><E8/><V119/><F110/><W72/><G123/><T66/><D66/><U111/><E11/><V133/><F119/><W40/><G115/><T60/><D60/><U0/><E0/><V48/><F133/><W96/><G112/><T67/><D67/><U33/><E111/><V122/><F122/><W70/><G62/><T22/><D22/><U7/><E23/><V86/><F6/><W1/><G1/><T126/><D126/><U38/><E33/><V132/><F4/><W78/><G96/><T125/><D125/><U20/><E20/><V31/><F132/><W117/><G117/><T26/><D26/><U103/><E7/><V25/><F99/><W21/><G21/><T124/><D124/><U28/><E5/><V45/><F10/><W39/><G70/><T91/><D91/><U77/><E27/><V53/><F25/><RYUUKYOKU ba="1,1" sc="259,30,299,-10,129,-10,303,-10" hai0="17,18,19,34,35,61,64,68,79,80,84,87,89" /><INIT seed="2,2,1,2,0,56" ten="289,289,119,293" oya="2" hai0="58,42,127,118,61,65,31,74,68,36,119,89,99" hai1="77,121,112,44,37,70,124,18,104,2,35,1,50" hai2="100,29,87,46,60,43,51,97,111,10,55,48,4" hai3="8,126,114,129,95,67,115,130,52,19,73,135,69"/><V30/><F111/><W88/><G73/><T23/><D74/><U98/><E112/><N who="3" m="43050" /><G135/><T134/><D134/><U34/><E70/><V90/><F97/><N who="3" m="57575" /><G126/><T53/><D127/><U94/><E77/><V54/><F100/><W102/><G102/><T27/><D89/><U22/><E104/><V12/><F43/><W132/><G132/><T113/><D99/><U16/><E37/><V7/><F7/><W86/><G86/><T6/><D6/><U62/><E98/><V17/><F4/><W122/><G122/><T11/><D11/><U120/><E94/><V108/><F108/><W105/><G105/><T103/><D103/><U110/><E124/><V3/><F3/><W26/><G52/><T128/><D128/><U41/><E2/><V24/><F24/><W39/><G39/><T91/><D91/><U14/><E1/><V106/><F106/><W83/><G83/><T72/><D72/><U109/><E110/><V117/><F117/><W28/><G19/><T20/><D20/><U81/><E18/><V80/><REACH who="2" step="1"/><F60/><REACH who="2" ten="289,289,109,293" step="2"/><N who="3" m="40167" /><G8/><T131/><D113/><U101/><E109/><V66/><F66/><W92/><G92/><T71/><D131/><U64/><E101/><V84/><F84/><W5/><G5/><T125/><D125/><U116/><E116/><N who="0" m="44585" /><D65/><U82/><E120/><V85/><F85/><W13/><G13/><T33/><D42/><U38/><E121/><V75/><F75/><W107/><G107/><T57/><D27/><U79/><E38/><V59/><AGARI ba="2,2" hai="10,12,17,29,30,46,48,51,54,55,59,80,87,90" machi="59" ten="20,18000,2" yaku="1,1,0,1,7,1,25,2,8,1,53,0" doraHai="56" doraHaiUra="133" who="2" fromWho="2" sc="289,-62,289,-62,109,206,293,-62" /><INIT seed="2,3,0,5,4,29" ten="227,227,315,231" oya="2" hai0="121,105,74,127,65,87,22,76,104,54,59,38,100" hai1="86,24,129,30,35,50,81,73,102,106,39,61,126" hai2="49,99,135,85,89,103,64,27,79,37,75,122,116" hai3="40,113,117,51,0,41,5,68,47,133,19,88,17"/><V130/><F37/><W60/><G117/><T8/><D38/><U52/><E39/><V14/><F122/><W26/><G133/><T58/><D121/><U91/><E129/><V33/><F130/><W18/><G113/><T98/><D74/><U63/><E126/><V109/><F64/><W48/><G26/><T131/><D131/><U120/><E120/><V34/><F27/><W72/><G72/><T53/><D65/><U23/><E73/><V132/><F116/><W11/><G68/><T12/><D127/><U101/><E35/><N who="2" m="13323" /><F49/><W20/><G60/><N who="1" m="23114" /><E106/><N who="2" m="63871" /><F14/><W7/><G20/><T108/><D108/><U128/><E128/><V3/><F3/><W6/><G88/><T78/><D104/><U55/><E55/><V25/><F25/><W67/><G67/><T119/><D22/><U93/><E93/><N who="2" m="54447" /><F109/><W107/><G107/><T118/><D118/><U36/><E36/><V110/><F110/><W4/><G4/><T9/><D119/><U2/><E2/><V21/><F21/><W31/><G31/><T57/><D8/><U70/><E70/><V95/><F95/><W114/><G7/><T112/><D112/><U83/><E50/><N who="3" m="18986" /><G114/><T16/><REACH who="0" step="1"/><D76/><REACH who="0" ten="217,227,315,231" step="2"/><U115/><E115/><V42/><F42/><W69/><G41/><T124/><D124/><U123/><E123/><V10/><F10/><W62/><G11/><T80/><AGARI ba="3,1" hai="9,12,16,53,54,57,58,59,78,80,87,98,100,105" machi="80" ten="30,7900,0" yaku="1,1,0,1,54,1,53,1" doraHai="29" doraHaiUra="15" who="0" fromWho="0" sc="217,98,227,-23,315,-42,231,-23" /><INIT seed="3,0,0,0,4,66" ten="315,204,273,208" oya="3" hai0="29,69,47,111,109,56,51,95,54,93,33,120,0" hai1="85,103,12,97,116,107,129,115,10,5,76,101,19" hai2="44,83,110,91,41,26,61,114,23,50,20,82,43" hai3="87,99,130,15,86,16,67,133,35,96,28,4,18"/><W79/><G130/><T72/><D0/><U11/><E129/><V126/><F114/><W40/><G133/><T34/><D72/><U108/><E108/><N who="0" m="41545" /><D120/><U9/><E115/><V53/><F126/><W71/><G40/><N who="0" m="25063" /><D69/><U80/><E116/><V21/><F110/><W127/><G127/><T73/><D73/><U42/><E101/><V113/><F113/><W131/><G4/><T135/><D135/><U122/><E122/><V39/><F39/><W2/><G2/><T31/><D31/><U13/><E42/><V70/><F70/><W78/><G131/><T106/><D106/><U112/><E112/><V84/><F26/><W118/><G118/><T37/><D37/><U100/><E100/><V6/><F6/><W22/><G28/><T132/><D132/><U89/><E76/><N who="3" m="29226" /><G67/><T17/><D17/><U104/><E104/><V58/><REACH who="2" step="1"/><F43/><REACH who="2" ten="315,204,263,208" step="2"/><W92/><G71/><T14/><D33/><U90/><E5/><V1/><F1/><W27/><G35/><T63/><D14/><U102/><E13/><V38/><F38/><W64/><G15/><T81/><D34/><U125/><E125/><V36/><F36/><W52/><G18/><T134/><D134/><U59/><E19/><V3/><F3/><W48/><G27/><T49/><D29/><U25/><E25/><V68/><F68/><W119/><G119/><T30/><D30/><U55/><E12/><V65/><F65/><W117/><G64/><T75/><D49/><N who="1" m="31215" /><E107/><V123/><F123/><W46/><G117/><T77/><AGARI ba="0,1" hai="54,56,63,75,77,81,93,95" m="25063,41545" machi="77" ten="30,1100,0" yaku="14,1" doraHai="66" who="0" fromWho="0" sc="315,21,204,-3,263,-3,208,-5" /><INIT seed="4,0,0,2,4,98" ten="336,201,260,203" oya="0" hai0="89,96,113,49,26,32,3,112,56,105,115,72,38" hai1="95,47,1,2,131,28,127,24,29,68,111,4,55" hai2="77,60,8,40,126,92,101,81,14,76,69,99,9" hai3="83,44,64,109,27,7,39,134,121,48,70,120,13"/><T97/><D38/><U53/><E68/><V65/><F126/><W71/><G39/><T10/><D72/><U67/><E111/><V117/><F117/><W130/><G109/><T124/><D124/><U0/><E67/><V108/><F108/><W107/><G107/><T100/><D3/><U15/><E127/><V116/><F116/><W36/><G36/><T103/><D10/><U91/><E131/><V93/><F40/><W51/><G130/><T104/><D89/><U75/><E75/><V35/><F35/><W37/><G37/><T43/><D26/><U133/><E133/><V118/><F118/><W46/><G27/><T22/><D22/><U45/><E15/><V94/><F77/><W41/><G83/><T128/><D32/><U50/><E4/><V122/><F122/><N who="3" m="47211" /><G64/><T25/><D25/><U30/><E24/><V63/><F63/><W21/><G134/><T78/><D78/><U34/><E34/><V106/><REACH who="2" step="1"/><F14/><REACH who="2" ten="336,201,250,203" step="2"/><W66/><G13/><T6/><D128/><U129/><E129/><V85/><AGARI ba="0,1" hai="8,9,60,65,69,76,81,85,92,93,94,99,101,106" machi="85" ten="30,7900,0" yaku="1,1,2,1,0,1,52,1,53,0" doraHai="98" doraHaiUra="16" who="2" fromWho="2" sc="336,-39,201,-20,250,89,203,-20" /><INIT seed="5,0,0,3,0,77" ten="297,181,339,183" oya="1" hai0="48,52,105,94,36,109,40,114,58,68,76,134,135" hai1="27,34,46,59,71,66,70,61,86,112,89,29,111" hai2="80,56,10,35,13,79,30,72,95,98,124,90,49" hai3="126,15,4,83,9,2,108,8,74,5,119,60,39"/><U67/><E112/><V31/><F124/><W93/><G108/><T102/><D105/><U18/><E111/><V132/><F132/><N who="0" m="50730" /><D109/><U125/><E125/><V43/><F35/><W47/><G126/><T62/><D76/><U117/><E117/><V78/><F78/><N who="3" m="44503" /><G93/><T118/><D118/><U44/><E18/><V20/><F20/><W85/><G85/><T12/><D12/><U99/><E99/><V81/><F81/><W28/><G60/><T22/><D22/><U6/><E6/><V73/><F73/><W37/><G37/><T53/><D94/><U84/><E84/><V122/><F122/><W121/><G28/><T87/><D87/><U3/><E3/><V133/><F133/><W25/><G25/><T101/><D114/><U55/><E70/><V75/><F75/><W14/><G119/><T116/><D116/><U21/><E34/><V103/><F90/><W26/><G26/><T17/><D17/><U110/><E110/><V42/><F30/><W23/><G23/><T130/><D130/><U92/><E71/><V38/><F31/><W50/><G121/><T19/><D19/><U82/><E92/><V106/><F95/><W54/><G15/><T69/><D101/><U131/><E131/><V45/><F13/><W7/><G7/><T1/><D102/><U64/><AGARI ba="0,0" hai="21,27,29,44,46,55,59,61,64,66,67,82,86,89" machi="64" ten="30,6000,0" yaku="0,1,8,1,52,1" doraHai="77" who="1" fromWho="1" sc="297,-20,181,60,339,-20,183,-20" /><INIT seed="5,1,0,4,0,81" ten="277,241,319,163" oya="1" hai0="74,6,72,132,46,30,1,77,127,13,76,47,78" hai1="38,59,31,80,44,106,68,16,120,111,113,116,104" hai2="115,94,28,125,134,128,2,3,96,25,102,70,43" hai3="95,122,0,60,103,37,49,69,39,10,129,135,84"/><U33/><E116/><V131/><F70/><W15/><G122/><T8/><D132/><U11/><E68/><V118/><F118/><W53/><G0/><T91/><D127/><U12/><E120/><V97/><F125/><W71/><G135/><T50/><D30/><U34/><E113/><V133/><F115/><W54/><G129/><N who="2" m="49737" /><F43/><W5/><G54/><T61/><D1/><N who="2" m="10" /><F96/><W64/><G71/><T100/><D100/><U14/><E111/><V109/><F109/><W86/><G103/><T23/><D23/><AGARI ba="1,0" hai="23,25,28,94,97,102,133,134" m="10,49737" machi="23" ten="30,1000,0" yaku="19,1" doraHai="81" who="2" fromWho="0" sc="277,-13,241,0,319,13,163,0" /><INIT seed="6,0,0,4,1,73" ten="264,241,332,163" oya="2" hai0="14,24,26,125,135,5,2,89,95,34,1,83,99" hai1="115,32,33,35,97,9,59,72,105,87,16,68,3" hai2="108,56,4,17,69,67,107,130,80,51,120,64,28" hai3="81,111,39,102,12,110,41,53,55,122,52,123,92"/><V104/><F120/><N who="3" m="46123" /><G12/><T121/><D121/><U8/><E68/><V21/><F80/><W49/><G92/><T94/><D135/><U29/><E72/><V133/><F64/><W106/><G102/><T101/><D125/><U58/><E29/><V45/><F56/><N who="1" m="21545" /><E87/><V63/><F45/><N who="3" m="23743" /><G81/><T15/><D83/><U116/><E3/><V30/><F63/><W134/><G106/><T112/><D112/><U57/><E115/><V0/><F108/><N who="3" m="41515" /><G134/><T10/><D14/><U93/><E105/><V42/><F104/><W47/><AGARI ba="0,0" hai="47,49,52,53,55" m="41515,23743,46123" machi="47" ten="30,4000,0" yaku="34,2,54,1" doraHai="73" who="3" fromWho="3" sc="264,-10,241,-10,332,-20,163,40" /><INIT seed="7,0,0,5,3,125" ten="254,231,312,203" oya="3" hai0="128,34,135,11,122,50,99,94,9,14,79,42,134" hai1="67,75,56,51,105,92,0,59,123,84,126,120,43" hai2="114,37,97,89,47,52,98,83,15,77,65,38,131" hai3="20,112,62,69,133,32,41,23,35,4,19,124,87"/><W33/><G124/><T93/><D122/><U60/><E75/><V127/><F131/><W90/><G112/><T119/><D119/><U40/><E0/><V2/><F2/><W103/><G133/><N who="0" m="50699" /><D34/><U85/><E105/><V26/><F65/><W30/><G103/><N who="0" m="60911" /><D79/><U57/><E126/><V86/><F77/><W13/><G41/><N who="1" m="15946" /><E92/><V110/><F114/><W53/><G4/><T36/><D36/><U73/><E73/><V31/><F38/><W104/><G104/><T88/><D14/><U7/><E7/><V96/><F37/><W5/><G5/><T64/><D64/><U6/><E6/><V48/><F110/><W1/><G1/><T117/><D117/><U27/><E27/><V80/><F15/><W29/><G23/><T102/><D102/><U132/><E132/><V49/><F26/><W25/><G30/><T109/><D109/><U78/><E78/><V58/><F31/><W18/><G18/><T22/><D22/><U91/><E120/><V116/><F116/><W44/><G69/><T72/><D72/><U82/><E123/><V46/><F127/><W74/><G74/><T111/><D111/><U66/><E67/><V70/><F89/><W76/><G76/><T108/><D108/><U106/><E106/><V45/><F83/><W55/><G44/><N who="0" m="25879" /><D128/><U71/><E84/><AGARI ba="0,0" hai="9,11,84,88,94" m="25879,60911,50699" machi="84" ten="30,2000,0" yaku="20,1,54,1" doraHai="125" who="0" fromWho="1" sc="254,20,231,-20,312,0,203,0" owari="274,7.0,211,-19.0,312,42.0,203,-30.0" /></mjloggm>