<mjloggm ver="2.3"><GO type="169" lobby="0"/><UN n0="%EF%BC%A0%E4%B8%AD%E6%9D%91%E8%B1%AA" n1="%E5%BF%83%E5%A4%9C" n2="%63%68%61%6E%6E%79%75%75" n3="%E3%83%A1%E3%82%AB%E3%82%BC%E3%83%83%E3%83%88%E3%83%B3" dan="16,16,16,16" rate="2118.55,2104.77,2100.36,2143.35" sx="M,M,M,M"/><TAIKYOKU oya="0"/><INIT seed="0,0,0,3,3,98" ten="250,250,250,250" oya="0" hai0="44,49,80,45,102,90,29,131,76,75,100,107,46" hai1="66,111,118,59,22,8,95,58,70,101,134,109,83" hai2="99,87,119,84,57,9,3,130,18,53,82,126,97" hai3="88,104,17,128,73,125,47,6,13,94,112,39,106"/><T108/><D107/><U51/><E118/><V71/><F71/><W36/><G73/><T85/><D131/><U74/><E134/><V41/><F126/><W117/><G117/><T67/><D67/><U20/><E70/><V35/><F35/><W93/><G6/><T105/><D105/><U42/><E8/><V124/><F124/><W79/><G125/><T43/><D29/><U64/><E83/><V11/><F130/><W113/><G79/><T122/><D122/><U89/><E74/><V31/><F31/><W68/><G68/><T40/><D108/><U116/><E116/><V34/><F34/><W24/><G24/><T16/><D16/><U62/><E109/><V25/><F3/><W26/><G26/><T30/><D30/><U10/><E10/><V65/><F65/><W2/><G2/><T12/><D12/><U19/><E111/><V133/><F11/><W23/><G128/><T4/><D4/><U91/><E91/><V135/><F9/><W52/><G93/><T28/><D28/><U81/><E81/><V129/><F82/><W33/><G39/><T14/><D14/><N who="1" m="9335" /><E22/><V127/><F127/><W72/><G33/><T78/><D75/><U63/><E101/><N who="0" m="39017" /><D49/><U21/><E21/><V92/><F129/><W60/><G72/><T48/><D48/><U1/><E1/><V32/><F32/><W114/><G36/><T56/><D56/><U103/><E103/><V115/><F135/><W121/><G121/><T77/><AGARI ba="0,0" hai="40,43,44,45,46,76,77,78,80,85,90" m="39017" machi="77" ten="40,12000,1" yaku="8,1,52,3" doraHai="98" who="0" fromWho="0" sc="250,120,250,-40,250,-40,250,-40" /><INIT seed="0,1,0,3,2,25" ten="370,210,210,210" oya="0" hai0="127,108,98,7,52,53,93,82,39,126,54,55,74" hai1="67,97,81,61,87,76,6,95,24,44,58,34,96" hai2="3,99,115,73,59,37,91,22,21,72,42,40,41" hai3="5,92,85,64,124,88,45,10,36,125,133,120,38"/><T13/><D39/><U89/><E6/><V109/><F37/><W113/><G113/><T46/><D108/><U26/><E34/><V50/><F3/><W122/><G133/><T51/><D74/><U2/><E2/><V62/><F115/><W116/><G64/><T86/><D13/><U23/><E44/><V100/><F109/><W128/><G128/><T114/><D7/><U77/><E97/><V130/><F130/><W14/><G38/><T29/><D114/><U69/><E69/><V121/><F121/><N who="3" m="46699" /><G116/><T60/><D60/><U1/><E1/><V104/><F50/><W75/><G75/><T84/><D29/><U110/><E110/><V47/><F47/><W107/><G107/><T35/><D35/><U134/><E134/><V112/><F112/><W48/><G36/><T56/><D56/><U131/><E131/><V15/><F73/><W17/><G5/><T105/><D105/><U11/><E11/><V132/><F72/><W49/><G49/><T18/><D18/><N who="1" m="12407" /><E26/><V31/><F132/><W80/><G92/><T33/><D33/><U8/><E8/><V103/><F104/><W78/><G78/><AGARI ba="1,0" hai="58,61,67,76,77,78,81,87,89,95,96" m="12407" machi="78" ten="30,1000,0" yaku="8,1" doraHai="25" who="1" fromWho="3" sc="370,0,210,13,210,0,210,-13" /><INIT seed="1,0,0,2,0,8" ten="370,223,210,197" oya="1" hai0="106,20,26,16,116,73,78,7,17,18,39,33,91" hai1="80,85,125,10,3,11,56,29,114,6,43,12,89" hai2="1,88,65,121,77,37,112,93,100,46,13,68,126" hai3="131,19,118,108,5,47,81,119,101,32,51,133,55"/><U61/><E114/><V117/><F1/><W22/><G32/><T115/><D39/><U38/><E125/><V27/><F117/><W25/><G108/><T2/><D106/><U130/><E130/><V48/><F121/><W4/><G131/><T135/><D115/><U49/><E38/><V30/><F37/><W109/><G109/><T132/><D78/><U57/><E29/><V40/><F126/><W36/><G133/><N who="0" m="51275" /><D73/><U129/><E129/><V87/><F112/><W60/><G101/><T90/><D116/><N who="3" m="44585" /><G36/><T28/><D90/><U52/><E43/><V103/><F77/><W64/><G81/><T35/><D91/><U99/><E99/><V120/><F120/><W105/><G105/><T127/><D127/><U54/><REACH who="1" step="1"/><E11/><AGARI ba="0,0" hai="2,7,11,16,17,18,20,26,28,33,35" m="51275" machi="11" ten="30,7700,0" yaku="20,1,34,2,54,1" doraHai="8" who="0" fromWho="1" sc="370,77,223,-77,210,0,197,0" /><INIT seed="2,0,0,3,1,7" ten="447,146,210,197" oya="2" hai0="24,135,30,33,54,25,81,80,65,85,133,114,118" hai1="36,89,112,52,35,48,131,95,50,44,87,74,53" hai2="73,70,0,121,59,28,107,100,101,66,62,40,106" hai3="122,88,91,41,46,31,78,116,98,110,71,92,69"/><V1/><F73/><W103/><G116/><T37/><D114/><U94/><E74/><V26/><F121/><W27/><G122/><T109/><D65/><U15/><E112/><V108/><F40/><W56/><G110/><T23/><D37/><U76/><E76/><V79/><F79/><W130/><G78/><T72/><D109/><U68/><E35/><N who="2" m="20887" /><F59/><W5/><G130/><T9/><D118/><U11/><E131/><V55/><F55/><W39/><G5/><T42/><D42/><U58/><E36/><V19/><F19/><W10/><G10/><T2/><D72/><U60/><E68/><V47/><F47/><W102/><G56/><T18/><D54/><U22/><E22/><V43/><F43/><W113/><G113/><T17/><D85/><U96/><E60/><V75/><F75/><W86/><G91/><T77/><D77/><U128/><E128/><V4/><F108/><W13/><G13/><N who="0" m="7343" /><D2/><U134/><E134/><AGARI ba="0,0" hai="18,23,24,25,30,33,80,81,133,134,135" m="7343" machi="134" ten="30,2000,0" yaku="20,1,52,1" doraHai="7" who="0" fromWho="1" sc="447,20,146,-20,210,0,197,0" /><INIT seed="3,0,0,4,4,83" ten="467,126,210,197" oya="3" hai0="25,38,131,64,23,96,40,24,2,9,115,95,14" hai1="77,27,0,117,18,120,54,91,32,4,36,114,92" hai2="44,119,35,66,89,65,106,80,124,46,98,33,59" hai3="8,82,75,63,99,58,110,55,52,7,133,101,51"/><W61/><G133/><T108/><D2/><U39/><E120/><V37/><F119/><W56/><G110/><T72/><D72/><U97/><E114/><V70/><F46/><W76/><G51/><T126/><D108/><U11/><E117/><V78/><F70/><W121/><G121/><T12/><D64/><U90/><E77/><V3/><F3/><W105/><G8/><T48/><D38/><U28/><E54/><V50/><F37/><W45/><G45/><N who="0" m="25639" /><D131/><U118/><E118/><V113/><F124/><W20/><G20/><T19/><D126/><U74/><E74/><V26/><F113/><W88/><G7/><N who="0" m="3135" /><D115/><U21/><REACH who="1" step="1"/><E91/><AGARI ba="0,0" hai="52,55,56,58,61,63,75,76,82,88,91,99,101,105" machi="91" ten="40,7700,0" yaku="9,1,54,2" doraHai="83" who="3" fromWho="1" sc="467,0,126,-77,210,0,197,77" /><AGARI ba="0,0" hai="14,19,23,24,25,91,95,96" m="3135,25639" machi="91" ten="30,1000,0" yaku="8,1" doraHai="83" who="0" fromWho="1" sc="467,10,49,-10,210,0,274,0" /><INIT seed="3,1,0,4,3,37" ten="477,39,210,274" oya="3" hai0="70,19,44,128,90,74,23,33,81,131,130,3,118" hai1="83,32,24,77,43,49,122,82,84,35,41,5,115" hai2="79,97,30,80,85,52,21,9,129,71,53,27,99" hai3="111,107,102,38,40,121,95,36,75,68,106,72,96"/><W108/><G68/><T17/><D33/><U135/><E122/><V125/><F129/><W7/><G7/><T6/><D70/><U48/><E115/><V101/><F71/><W123/><G95/><T15/><D118/><U132/><E5/><V119/><F125/><W117/><G117/><T105/><D105/><N who="3" m="39945" /><G96/><N who="2" m="36937" /><F101/><W98/><G98/><T91/><D6/><U13/><E13/><V69/><F69/><W39/><G40/><T28/><D28/><U110/><E24/><V18/><F119/><W124/><G124/><T22/><D3/><U127/><E127/><V54/><F9/><W65/><G65/><T63/><D63/><U62/><E62/><V14/><F14/><W20/><G20/><T58/><D58/><U0/><E0/><V86/><F86/><W103/><G103/><T50/><D81/><U100/><E100/><V46/><F46/><W116/><G116/><T112/><D74/><N who="3" m="28201" /><G102/><T1/><D1/><U11/><E11/><V104/><F104/><W67/><G67/><T57/><D112/><U34/><E34/><V133/><F18/><W29/><G29/><T12/><D57/><U76/><REACH who="1" step="1"/><E84/><REACH who="1" ten="477,29,210,274" step="2"/><V2/><F2/><W78/><G78/><T92/><D12/><U8/><E8/><V134/><F85/><W59/><G59/><T120/><D15/><U26/><E26/><V45/><F79/><W114/><G114/><T93/><D120/><AGARI ba="1,1" hai="36,38,39,108,111,120,121,123" m="28201,39945" machi="120" ten="50,12000,1" yaku="28,2,31,2" doraHai="37" who="3" fromWho="0" sc="477,-123,29,0,210,0,274,133" /><INIT seed="3,2,0,4,0,107" ten="354,29,210,407" oya="3" hai0="79,64,11,20,17,22,4,135,1,115,13,85,29" hai1="35,108,67,124,41,55,116,86,101,90,56,52,2" hai2="73,53,28,110,34,60,58,129,54,47,93,78,133" hai3="123,9,16,106,111,96,48,82,8,62,25,102,131"/><W24/><G123/><T103/><D103/><U121/><E121/><V39/><F110/><W127/><G127/><T38/><D38/><U99/><E35/><V76/><F129/><W74/><G131/><T65/><D135/><U88/><E2/><V15/><F34/><W5/><G111/><T134/><D134/><U12/><E108/><V70/><F28/><W69/><G48/><T89/><D79/><U57/><E124/><V105/><F105/><W114/><G114/><T42/><D42/><U71/><E41/><V21/><F70/><W126/><G126/><T3/><D3/><U100/><E116/><V33/><F33/><W68/><G16/><T130/><D130/><U36/><E36/><V109/><F39/><W51/><G51/><T125/><D115/><U84/><E71/><V117/><F117/><W112/><G112/><T19/><D29/><U50/><E67/><V75/><F133/><W98/><G98/><T128/><D128/><U63/><E12/><V18/><F109/><W104/><G104/><T27/><REACH who="0" step="1"/><D125/><REACH who="0" ten="344,29,210,407" step="2"/><U87/><REACH who="1" step="1"/><E101/><REACH who="1" ten="344,19,210,407" step="2"/><V6/><F15/><N who="3" m="5519" /><G102/><T83/><AGARI ba="2,2" hai="1,4,11,13,17,19,20,22,27,64,65,83,85,89" machi="83" ten="20,2700,0" yaku="1,1,0,1,7,1,53,0" doraHai="107" doraHaiUra="119" who="0" fromWho="0" sc="344,53,19,-9,210,-9,407,-15" /><INIT seed="4,0,0,3,5,78" ten="397,10,201,392" oya="0" hai0="125,20,75,131,46,101,18,3,81,73,93,115,10" hai1="61,22,35,13,45,16,14,42,128,64,119,68,65" hai2="86,26,41,0,66,104,74,17,135,53,28,40,77" hai3="91,120,19,109,9,63,114,69,133,123,110,24,36"/><T29/><D29/><U47/><E119/><V105/><F74/><W85/><G36/><T4/><D115/><U43/><E35/><V72/><F72/><W1/><G133/><T2/><D2/><U107/><E107/><V58/><F0/><W50/><G50/><T121/><D121/><N who="3" m="46665" /><G114/><T15/><D131/><U5/><E128/><V27/><F66/><N who="3" m="41183" /><G24/><T103/><D125/><U54/><E65/><V116/><F105/><W122/><N who="3" m="46673" /><W60/><DORA hai="118" /><G60/><T94/><D46/><U95/><E95/><V56/><F104/><W79/><G79/><T126/><D126/><U98/><E98/><V84/><F77/><W55/><G55/><T34/><D34/><U38/><E54/><V88/><F53/><W8/><G8/><T96/><D81/><U80/><E80/><V124/><F124/><W99/><G99/><AGARI ba="0,0" hai="3,4,10,15,18,20,73,75,93,94,96,99,101,103" machi="99" ten="40,2000,0" yaku="9,1" doraHai="78,118" who="0" fromWho="3" sc="397,20,10,0,201,0,392,-20" /><INIT seed="4,1,0,3,1,32" ten="417,10,201,372" oya="0" hai0="96,129,33,36,68,8,74,114,60,72,56,102,78" hai1="58,134,25,41,38,13,31,99,48,87,28,3,132" hai2="89,108,39,98,46,11,121,77,97,61,115,22,106" hai3="111,21,82,95,52,5,122,27,34,6,91,66,119"/><T1/><D33/><U47/><E99/><V49/><F39/><W107/><G119/><T92/><D36/><U127/><E127/><V42/><F106/><W75/><G107/><T0/><D68/><U113/><E113/><V135/><F108/><W90/><G34/><T73/><D78/><U23/><E13/><V83/><F135/><N who="1" m="51753" /><E87/><V9/><F121/><W67/><G122/><T35/><D35/><U53/><E31/><V103/><F103/><W124/><G124/><T17/><D114/><U64/><E64/><V133/><F98/><W130/><G130/><T2/><D129/><U55/><E55/><V88/><F97/><W24/><G52/><T57/><REACH who="0" step="1"/><D60/><REACH who="0" ten="407,10,201,372" step="2"/><U120/><E120/><V94/><F61/><W105/><G111/><T44/><D44/><N who="1" m="23607" /><E3/><V104/><F133/><W10/><G75/><T59/><D59/><AGARI ba="1,1" hai="23,25,28,47,48,53,58,59" m="23607,51753" machi="59" ten="30,1000,0" yaku="20,1" doraHai="32" who="1" fromWho="0" sc="407,-13,10,23,201,0,372,0" /><INIT seed="5,0,0,5,0,53" ten="394,33,201,372" oya="1" hai0="50,33,122,134,85,92,90,95,14,82,9,38,32" hai1="79,60,61,17,6,114,64,36,15,48,111,65,86" hai2="1,37,93,66,49,26,0,27,8,105,123,108,40" hai3="102,57,70,25,124,7,11,130,22,135,12,110,68"/><U63/><E36/><V126/><F105/><W46/><G110/><T45/><D38/><U69/><E114/><V84/><F37/><W30/><G124/><T34/><D134/><U39/><E39/><V31/><F123/><W115/><G115/><T23/><D23/><U55/><E111/><V132/><F108/><W44/><G135/><T76/><D122/><U16/><E6/><V78/><F1/><W127/><G127/><T42/><REACH who="0" step="1"/><D90/><REACH who="0" ten="384,33,201,372" step="2"/><U109/><E109/><V73/><F132/><W19/><G22/><T54/><D54/><U77/><E86/><V128/><F84/><W100/><G11/><T125/><D125/><U3/><E3/><V112/><F8/><W72/><G72/><T81/><D81/><U58/><E63/><V59/><F0/><W5/><G130/><T29/><D29/><U88/><E88/><V13/><F31/><W67/><G30/><T101/><D101/><U62/><E62/><V103/><F103/><W98/><G102/><T21/><D21/><U120/><E120/><V80/><F80/><W107/><G100/><T18/><AGARI ba="0,1" hai="9,14,18,32,33,34,42,45,50,76,82,85,92,95" machi="18" ten="30,4000,0" yaku="1,1,0,1,53,1" doraHai="53" doraHaiUra="41" who="0" fromWho="0" sc="384,50,33,-20,201,-10,372,-10" /><INIT seed="6,0,0,4,1,6" ten="434,13,191,362" oya="2" hai0="119,28,64,63,116,131,71,67,82,58,45,1,30" hai1="86,76,98,129,36,93,121,60,48,8,109,50,122" hai2="4,85,55,23,74,35,21,99,54,118,79,44,9" hai3="114,32,88,115,59,135,110,22,113,111,81,105,69"/><V52/><F35/><W19/><G105/><T72/><D1/><U73/><E36/><V39/><F118/><N who="0" m="45098" /><D131/><U104/><E60/><V68/><F68/><W0/><G69/><T102/><D102/><N who="1" m="62551" /><E50/><V42/><F99/><W92/><G32/><T108/><D108/><U120/><E48/><V29/><F29/><W40/><G40/><T112/><D112/><U103/><E109/><V126/><F126/><W37/><G37/><T43/><D72/><U97/><E8/><V11/><F85/><N who="3" m="50223" /><G0/><T26/><D82/><N who="1" m="45327" /><E86/><V46/><F46/><W27/><G135/><T134/><D134/><U33/><E33/><V49/><F49/><W78/><G78/><T41/><D26/><U89/><E129/><V47/><F47/><W56/><G92/><T18/><D18/><U10/><E10/><V38/><F38/><W124/><G124/><T77/><D77/><U83/><E83/><N who="2" m="45559" /><F11/><W14/><G56/><T5/><D5/><U65/><E65/><V61/><F61/><W62/><G27/><T15/><D15/><U100/><AGARI ba="0,0" hai="89,93,97,100,103,120,121,122" m="45327,62551" machi="100" ten="40,5200,0" yaku="13,1,34,2" doraHai="6" who="1" fromWho="1" sc="434,-13,13,52,191,-26,362,-13" /><INIT seed="7,0,0,0,3,135" ten="421,65,165,349" oya="3" hai0="119,74,56,19,15,132,42,108,92,20,78,106,32" hai1="125,33,103,118,107,122,39,111,7,47,134,69,114" hai2="116,129,5,6,94,9,25,120,81,133,35,28,109" hai3="48,63,127,46,82,36,76,2,24,22,27,12,72"/><W66/><G2/><T64/><D106/><U75/><E7/><V31/><F116/><W43/><G127/><T52/><D32/><U23/><E23/><V26/><F109/><W104/><G104/><T29/><D119/><U126/><E47/><V93/><F129/><W65/><G12/><T73/><D29/><U10/><E10/><V53/><F133/><W98/><G98/><T130/><D108/><U77/><E103/><V84/><F53/><W110/><G110/><T54/><D132/><U95/><E95/><V45/><F45/><W113/><G113/><T55/><D130/><U101/><E77/><V80/><F120/><W70/><G65/><T96/><D42/><U100/><E100/><V16/><F16/><W44/><REACH who="3" step="1"/><G22/><REACH who="3" ten="421,65,165,339" step="2"/><T105/><D105/><U50/><E101/><V0/><F0/><W8/><G8/><T88/><REACH who="0" step="1"/><D78/><REACH who="0" ten="411,65,165,339" step="2"/><U86/><E86/><V60/><F35/><W99/><G99/><T4/><D4/><U41/><E41/><AGARI ba="0,2" hai="24,27,36,41,43,44,46,48,63,66,70,72,76,82" machi="41" ten="30,2900,0" yaku="1,1,7,1,53,0" doraHai="135" doraHaiUra="85" who="3" fromWho="1" sc="411,0,65,-29,165,0,339,49" /><INIT seed="7,1,0,1,0,98" ten="411,36,165,388" oya="3" hai0="53,116,115,5,102,133,85,65,96,130,114,134,126" hai1="11,24,79,122,75,125,107,88,56,83,29,60,15" hai2="67,22,32,68,104,74,19,12,110,28,78,62,44" hai3="54,121,42,9,50,109,43,3,35,92,117,26,70"/><W41/><G70/><T63/><D116/><U30/><E125/><V46/><F110/><W55/><G117/><T14/><D126/><U18/><E122/><V25/><F78/><W6/><G121/><T106/><D53/><U124/><E124/><V2/><F74/><W99/><G109/><T100/><D100/><U34/><E107/><V111/><F111/><W127/><G127/><T118/><D118/><U40/><E40/><V84/><F84/><W49/><G49/><T90/><D130/><U87/><E30/><V77/><F77/><W123/><G123/><T103/><D103/><U31/><E31/><V128/><F128/><W64/><G64/><T113/><D14/><U37/><E37/><V81/><F81/><W71/><G71/><N who="0" m="42431" /><D5/><U61/><E56/><V119/><F119/><W10/><G10/><T72/><D72/><U13/><E13/><V0/><F104/><W8/><G8/><T108/><D108/><U97/><E97/><V20/><F32/><W7/><G7/><T23/><D23/><U95/><E61/><V45/><AGARI ba="1,0" hai="0,2,12,19,20,22,25,28,44,45,46,62,67,68" machi="45" ten="30,1100,0" yaku="0,1" doraHai="98" who="2" fromWho="2" sc="411,-4,36,-4,165,14,388,-6" owari="407,51.0,32,-47.0,179,-22.0,382,18.0" /></mjloggm>