<mjloggm ver="2.3"><GO type="169" lobby="0"/><UN n0="%E3%80%93%E3%83%AF%E3%82%A4%E3%83%AB%E3%83%89%EF%BC%92%E5%8F%B7%E3%80%93" n1="%E3%81%AD%E3%82%8A%E3%82%B4%E3%83%9E" n2="%E3%82%B4%E3%83%9F%E3%83%84%E3%83%A2" n3="%E5%B8%B8%E5%A4%8F%E3%83%91%E3%82%A4%E5%8A%A9" dan="17,17,17,16" rate="2123.75,2213.17,2158.67,2101.81" sx="M,M,M,F"/><TAIKYOKU oya="0"/><INIT seed="0,0,0,0,5,46" ten="250,250,250,250" oya="0" hai0="38,109,0,82,53,44,24,94,55,95,103,48,43" hai1="14,7,27,83,89,18,33,130,11,133,118,6,17" hai2="12,30,70,20,132,98,112,97,5,99,74,28,71" hai3="86,120,64,93,15,68,69,85,60,90,56,29,8"/><T101/><D0/><U19/><E83/><V75/><F112/><W119/><G119/><T58/><D109/><U9/><E89/><V81/><F132/><W122/><G29/><T10/><D10/><N who="1" m="4447" /><E118/><V4/><F12/><W105/><G105/><T129/><D129/><U117/><E117/><V127/><F20/><W102/><G102/><T62/><D82/><U116/><E116/><V126/><F99/><W80/><G120/><T41/><D24/><U123/><E123/><V22/><F22/><W104/><G104/><T78/><D78/><U34/><E133/><V73/><F73/><W100/><G122/><T52/><D38/><U108/><E108/><V72/><F72/><W131/><G131/><T39/><D39/><U51/><E51/><V63/><F81/><W128/><G128/><T37/><D37/><U32/><E130/><V2/><REACH who="2" step="1"/><F63/><REACH who="2" ten="250,250,240,250" step="2"/><W36/><G60/><T114/><D114/><U3/><E9/><V91/><F91/><W42/><G90/><T54/><D41/><U84/><E84/><V49/><F49/><W16/><G85/><T121/><D121/><U57/><E57/><V35/><F35/><W125/><G86/><T59/><D59/><U26/><AGARI ba="0,1" hai="3,6,11,17,18,19,26,27,32,33,34" m="4447" machi="26" ten="40,8000,1" yaku="35,5" doraHai="46" who="1" fromWho="1" sc="250,-40,250,90,240,-20,250,-20" /><INIT seed="1,0,0,1,0,102" ten="210,340,220,230" oya="1" hai0="65,122,105,83,30,93,100,0,106,35,88,44,53" hai1="18,3,89,114,101,119,63,80,134,55,117,17,47" hai2="132,25,38,64,7,96,81,48,120,70,45,49,85" hai3="130,78,71,26,123,60,115,33,39,129,126,69,72"/><U37/><E114/><V86/><F120/><W24/><G123/><T66/><D0/><U59/><E3/><V21/><F132/><W10/><G115/><T22/><D122/><U103/><E134/><V15/><F38/><W23/><G39/><T56/><D35/><U84/><E119/><V13/><F70/><W94/><G126/><T135/><D135/><U19/><E117/><V42/><F64/><W16/><G10/><T28/><D44/><U91/><E37/><V116/><F116/><W90/><G78/><T54/><D83/><U111/><E111/><V34/><F34/><W40/><G40/><T41/><D41/><U50/><REACH who="1" step="1"/><E91/><REACH who="1" ten="210,330,220,230" step="2"/><V11/><F96/><W113/><G113/><T51/><D88/><U1/><E1/><V79/><F86/><W112/><G112/><T74/><D74/><U75/><E75/><V104/><F104/><W76/><G72/><T27/><D106/><U2/><E2/><V110/><F110/><W46/><G129/><T5/><D105/><U36/><E36/><V43/><F43/><AGARI ba="0,1" hai="17,18,19,43,47,50,55,59,63,80,84,89,101,103" machi="43" ten="40,7700,0" yaku="1,1,8,1,53,1" doraHai="102" doraHaiUra="52" who="1" fromWho="2" sc="210,0,330,87,220,-77,230,0" /><INIT seed="1,1,0,1,5,30" ten="210,417,143,230" oya="1" hai0="100,0,122,32,8,79,88,106,10,69,118,96,108" hai1="120,113,93,19,64,68,23,109,44,65,39,95,77" hai2="90,61,4,49,52,103,51,24,50,121,80,7,131" hai3="14,74,62,132,75,2,97,42,94,117,28,1,31"/><U43/><E113/><V3/><F121/><W45/><G132/><T57/><D118/><U66/><E120/><V25/><F131/><W47/><G117/><T99/><D122/><U36/><E77/><V81/><F103/><W40/><G62/><T130/><D79/><U127/><E127/><V92/><F3/><W91/><G14/><T125/><D0/><U71/><E39/><V13/><F80/><W58/><G58/><T21/><D21/><U20/><E109/><V60/><F81/><W112/><G91/><T26/><D57/><U27/><REACH who="1" step="1"/><E23/><REACH who="1" ten="210,407,143,230" step="2"/><V114/><F114/><W37/><G37/><T111/><D125/><U17/><E17/><V67/><F7/><W22/><G22/><T98/><D130/><U16/><E16/><V107/><F4/><W102/><G112/><T134/><D134/><U105/><E105/><V6/><F107/><W70/><G75/><T86/><D106/><U63/><E63/><V48/><F61/><W73/><G74/><T126/><D126/><U128/><E128/><V41/><F41/><W116/><G42/><T35/><D108/><U15/><E15/><V55/><F13/><W11/><G40/><T123/><D123/><U38/><E38/><V18/><F6/><W5/><G5/><T29/><D111/><U78/><E78/><V34/><F34/><W104/><G104/><T76/><D76/><U59/><E59/><N who="2" m="37279" /><F18/><W89/><G73/><T83/><D35/><U84/><E84/><N who="2" m="52295" /><F51/><W33/><G2/><T85/><D32/><U12/><E12/><V124/><F124/><W135/><G1/><T110/><D110/><RYUUKYOKU ba="1,1" sc="210,-15,407,15,143,15,230,-15" hai1="19,20,27,36,43,44,64,65,66,68,71,93,95" hai2="24,25,48,49,50,52,55" /><INIT seed="1,2,1,4,5,30" ten="195,422,158,215" oya="1" hai0="57,122,78,116,62,93,45,82,67,111,119,29,97" hai1="88,106,126,121,90,50,125,53,40,120,56,17,115" hai2="13,74,39,44,3,108,71,87,28,24,8,96,117" hai3="66,18,73,127,49,61,81,76,69,70,51,10,46"/><U58/><E115/><V60/><F117/><W38/><G127/><N who="1" m="48650" /><E106/><V105/><F108/><W83/><G70/><T19/><D111/><U128/><E128/><V134/><F74/><W25/><G81/><T37/><D122/><N who="1" m="47211" /><E17/><V54/><F134/><W113/><G113/><T63/><D119/><U36/><E36/><V132/><F132/><W33/><G10/><T5/><D116/><U107/><E107/><V123/><F123/><W130/><G130/><T4/><D5/><U91/><E40/><V104/><F3/><W103/><G103/><T102/><D4/><U27/><E27/><V55/><F55/><W135/><G135/><T100/><D19/><U99/><E56/><V94/><F87/><W92/><G18/><T110/><D110/><U9/><E9/><V26/><F26/><W124/><G25/><T6/><D6/><U2/><E2/><V20/><F39/><W89/><G73/><T23/><D102/><U114/><E114/><V77/><F71/><W85/><G69/><T42/><D23/><U112/><E112/><V98/><F105/><W118/><G38/><T129/><D129/><U84/><E99/><V86/><F104/><W131/><G124/><T32/><D42/><U133/><E133/><V11/><F8/><W48/><G131/><T72/><D37/><U68/><E68/><V109/><F109/><W79/><G118/><T65/><D45/><U34/><E34/><V101/><F98/><N who="3" m="57615" /><G33/><T41/><D41/><U31/><E31/><V12/><F11/><W1/><G1/><T47/><D29/><U7/><E7/><V0/><F0/><RYUUKYOKU ba="2,1" sc="195,-10,422,30,158,-10,215,-10" hai1="50,53,58,84,88,90,91" /><INIT seed="1,3,1,3,4,57" ten="185,452,148,205" oya="1" hai0="7,91,83,61,81,34,11,14,48,10,125,74,124" hai1="26,84,27,75,3,64,69,21,65,52,0,117,29" hai2="46,130,88,33,129,118,63,77,135,55,110,31,114" hai3="70,120,49,101,126,99,107,56,95,8,51,35,47"/><U23/><E117/><V86/><F118/><W131/><G120/><T105/><D105/><U6/><E75/><V43/><F77/><W18/><G126/><T71/><D34/><U24/><E24/><N who="2" m="18663" /><F110/><W89/><G70/><T133/><D74/><U87/><E3/><V62/><F135/><W104/><G35/><T28/><D28/><N who="1" m="17487" /><E6/><V123/><F55/><W12/><G131/><N who="2" m="50185" /><F114/><W37/><G37/><T121/><D133/><U79/><E0/><V82/><F123/><W68/><G68/><T4/><D121/><U60/><E69/><V122/><F122/><W66/><G51/><AGARI ba="3,1" hai="43,46,51,62,63,82,86,88" m="50185,18663" machi="51" ten="30,7700,0" yaku="19,1,52,2,54,1" doraHai="57" who="2" fromWho="3" sc="185,0,452,0,148,96,205,-86" /><INIT seed="2,0,0,3,2,48" ten="185,452,244,119" oya="2" hai0="132,27,91,74,127,7,65,82,56,122,94,29,5" hai1="135,4,96,40,79,80,57,45,12,9,124,123,66" hai2="112,20,25,52,18,115,92,50,32,99,111,41,76" hai3="42,26,119,35,103,95,33,71,16,85,97,77,98"/><V89/><F111/><W104/><G119/><T134/><D122/><U105/><E135/><V88/><F41/><W131/><G131/><T84/><D127/><U23/><E124/><V14/><F76/><W53/><G71/><T43/><D43/><U11/><E123/><V110/><F110/><W10/><G42/><T102/><D74/><U44/><E44/><V17/><F89/><W67/><G67/><T68/><D68/><U109/><E109/><V117/><F117/><W31/><G35/><T6/><D102/><U93/><E105/><V81/><F81/><W8/><G77/><T128/><D128/><U61/><E23/><V1/><F1/><W87/><G10/><T54/><D65/><U113/><E113/><V39/><F39/><W2/><G2/><T116/><D82/><U100/><E11/><V129/><F129/><W86/><G97/><T101/><D101/><U130/><E130/><V108/><F108/><W70/><G70/><T64/><D64/><U69/><E69/><V3/><F3/><W125/><G125/><T24/><D116/><U78/><E80/><V19/><F32/><W36/><G36/><AGARI ba="0,0" hai="4,9,12,36,40,45,57,61,66,78,79,93,96,100" machi="36" ten="30,1000,0" yaku="7,1" doraHai="48" who="1" fromWho="3" sc="185,0,452,10,244,0,119,-10" /><INIT seed="3,0,0,0,3,67" ten="185,462,244,109" oya="3" hai0="59,90,128,83,75,86,95,78,119,47,80,13,115" hai1="22,58,15,49,0,81,11,25,120,124,134,17,1" hai2="72,62,114,7,117,123,21,2,97,79,45,18,82" hai3="107,125,69,91,6,112,127,102,19,85,16,26,66"/><W76/><G112/><T5/><D119/><U129/><E120/><V34/><F123/><W27/><G76/><T109/><D115/><U84/><E124/><N who="3" m="47690" /><G6/><T92/><D59/><U73/><E73/><V132/><F117/><W31/><G102/><T50/><D109/><U116/><E129/><V56/><F114/><W33/><G107/><T44/><D44/><U61/><E134/><V14/><F132/><W103/><G103/><T9/><D128/><U60/><E116/><V101/><F34/><W30/><G66/><T37/><D37/><U68/><E1/><V41/><F2/><W110/><G110/><T48/><D48/><U12/><E0/><V54/><F7/><W36/><G36/><T32/><D32/><U40/><E49/><V105/><F45/><W122/><G122/><T29/><D29/><U77/><E11/><V28/><F28/><W88/><G69/><T46/><D46/><U51/><E68/><V113/><F113/><W63/><G63/><T4/><D4/><U93/><E60/><V3/><F3/><W23/><G91/><T130/><D130/><U87/><E51/><V131/><F131/><W38/><G38/><T89/><REACH who="0" step="1"/><D90/><REACH who="0" ten="175,462,244,109" step="2"/><N who="1" m="53471" /><E40/><AGARI ba="0,1" hai="5,9,13,40,47,50,75,78,80,83,86,89,92,95" machi="40" ten="30,2000,0" yaku="1,1,7,1,53,0" doraHai="67" doraHaiUra="108" who="0" fromWho="1" sc="175,30,462,-20,244,0,109,0" /><INIT seed="4,0,0,4,1,68" ten="205,442,244,109" oya="0" hai0="94,89,102,90,17,11,115,111,70,85,50,103,59" hai1="109,69,48,88,124,1,101,46,76,47,29,27,81" hai2="98,41,79,38,114,39,6,40,77,62,108,119,112" hai3="87,96,45,133,43,31,132,37,26,131,54,53,28"/><T126/><D70/><U106/><E109/><V122/><F122/><W34/><G131/><T30/><D111/><U33/><E1/><V121/><F121/><W55/><G87/><T44/><D30/><U22/><E69/><V107/><F108/><W65/><G65/><T64/><D115/><N who="2" m="44074" /><F119/><W83/><G83/><T61/><D126/><U125/><E33/><V66/><F6/><W4/><G4/><T97/><D11/><U2/><E2/><V67/><F98/><W75/><G75/><T63/><D63/><U19/><E29/><V5/><F107/><W92/><REACH who="3" step="1"/><G28/><REACH who="3" ten="205,442,244,99" step="2"/><T8/><D17/><U127/><E81/><V23/><F5/><W20/><G20/><T82/><REACH who="0" step="1"/><D8/><REACH who="0" ten="195,442,244,99" step="2"/><U71/><E71/><N who="2" m="42455" /><F23/><W120/><G120/><T86/><D86/><U99/><E22/><V118/><F118/><W113/><G113/><T100/><D100/><AGARI ba="0,2" hai="26,31,34,37,43,45,53,54,55,92,96,100,132,133" machi="100" ten="40,5200,0" yaku="1,1,52,1,53,1" doraHai="68" doraHaiUra="21" who="3" fromWho="0" sc="195,-52,442,0,244,0,99,72" /><INIT seed="5,0,0,1,0,105" ten="143,442,244,171" oya="1" hai0="93,48,92,34,129,0,88,122,59,80,103,81,125" hai1="49,3,68,42,76,41,67,107,5,1,29,38,21" hai2="85,44,30,7,124,119,53,115,97,23,13,116,50" hai3="109,126,62,47,32,98,26,133,110,46,27,114,86"/><U99/><E38/><V83/><F124/><W19/><G126/><T84/><D125/><U123/><E123/><V65/><F115/><W15/><G114/><T58/><D122/><U61/><E5/><V36/><F36/><W45/><G133/><T39/><D39/><U2/><E49/><V75/><F75/><W72/><G72/><T11/><D34/><U128/><E128/><V101/><F65/><W130/><G130/><T43/><D129/><U94/><E107/><V132/><F132/><W71/><G86/><T31/><D31/><U16/><E29/><V82/><F82/><W22/><G98/><N who="0" m="59855" /><D11/><U18/><E76/><V91/><F30/><W95/><G95/><T69/><D69/><U14/><REACH who="1" step="1"/><E18/><REACH who="1" ten="143,432,244,171" step="2"/><V135/><F135/><W131/><G131/><T111/><D111/><U60/><E60/><V112/><F112/><W96/><G62/><T89/><D0/><U24/><E24/><V74/><F119/><W37/><G37/><T102/><D102/><AGARI ba="0,1" hai="1,2,3,14,16,21,41,42,61,67,68,94,99,102" machi="102" ten="40,7700,0" yaku="1,1,54,1,53,1" doraHai="105" doraHaiUra="9" who="1" fromWho="0" sc="143,-77,432,87,244,0,171,0" /><INIT seed="5,1,0,3,0,90" ten="66,519,244,171" oya="1" hai0="117,125,58,28,111,27,12,45,118,0,65,83,128" hai1="97,17,106,95,74,89,66,107,52,3,93,40,16" hai2="84,67,61,86,25,94,30,108,98,75,91,8,87" hai3="99,110,54,102,131,70,81,34,50,122,6,49,112"/><U121/><E121/><V35/><F75/><W105/><G122/><T130/><D83/><U41/><E3/><V2/><F108/><W60/><G110/><T85/><D45/><U78/><E66/><V129/><F129/><W76/><G131/><N who="0" m="50219" /><D85/><U82/><E107/><V39/><F39/><W22/><G34/><T72/><D72/><U37/><E106/><V4/><REACH who="2" step="1"/><F98/><REACH who="2" ten="66,519,234,171" step="2"/><W15/><G99/><T18/><D111/><U62/><E37/><V104/><F104/><W42/><G105/><T14/><D117/><U19/><E97/><V53/><F53/><W32/><G54/><T43/><D43/><N who="1" m="16459" /><E74/><V88/><F88/><W113/><G42/><T31/><D118/><U114/><E89/><V100/><F100/><W77/><G102/><T5/><D125/><U47/><E52/><V127/><F127/><W56/><G77/><T55/><D65/><U101/><E101/><V51/><F51/><W103/><G49/><T10/><D55/><U24/><E62/><V48/><F48/><W44/><G50/><T132/><D132/><U7/><E47/><V57/><AGARI ba="1,1" hai="2,4,8,25,30,35,57,61,67,84,86,87,91,94" machi="57" ten="20,5200,0" yaku="1,1,0,1,7,1,52,1,53,0" doraHai="90" doraHaiUra="109" who="2" fromWho="2" sc="66,-14,519,-27,234,65,171,-14" /><INIT seed="6,0,0,5,3,99" ten="52,492,299,157" oya="2" hai0="9,117,46,126,75,0,32,20,94,89,53,47,66" hai1="78,120,11,87,7,69,71,132,6,77,82,30,113" hai2="17,124,1,107,70,83,85,3,73,35,97,93,54" hai3="61,121,104,67,16,122,58,68,49,110,103,118,102"/><V115/><F124/><W21/><G118/><T41/><D32/><U65/><E30/><V109/><F115/><W133/><G110/><T28/><D75/><U34/><E34/><V55/><F109/><W18/><G18/><T125/><D117/><U24/><E113/><V127/><F127/><W19/><G19/><T134/><D66/><U33/><E33/><V23/><F35/><W108/><G108/><T129/><D129/><U4/><E132/><V112/><F112/><W40/><G133/><T76/><D134/><U64/><E24/><V39/><F70/><W12/><G104/><T52/><D126/><U13/><E120/><V79/><F39/><W27/><G12/><T92/><D76/><U2/><E2/><V51/><F55/><W56/><G58/><T50/><D125/><U8/><E7/><V81/><F107/><W105/><G105/><T72/><D72/><U100/><E69/><V130/><F130/><W111/><G111/><T22/><D0/><U45/><E71/><V57/><F83/><W14/><G14/><T86/><D9/><U37/><E11/><V48/><F48/><W5/><G5/><T119/><D119/><U114/><E4/><V80/><F80/><W63/><G122/><T62/><D28/><U88/><E114/><V106/><F106/><W135/><G135/><T15/><D15/><U26/><E37/><V98/><F73/><W101/><G121/><T131/><D131/><U10/><E82/><V25/><F98/><W96/><G96/><T36/><D94/><U128/><E128/><V38/><F38/><W123/><G123/><RYUUKYOKU ba="0,0" sc="52,15,492,-15,299,15,157,-15" hai0="20,22,36,41,46,47,50,52,53,62,86,89,92" hai2="1,3,17,23,25,51,54,57,79,81,85,93,97" /><INIT seed="6,1,0,3,0,56" ten="67,477,314,142" oya="2" hai0="125,80,129,9,8,78,34,86,83,28,54,25,113" hai1="18,21,40,88,95,76,69,62,127,60,126,0,4" hai2="119,57,116,52,87,41,63,71,14,33,94,99,82" hai3="73,36,101,122,30,133,35,16,20,103,1,93,79"/><V90/><F33/><W112/><G122/><T108/><D108/><U77/><E40/><V128/><F128/><W59/><G1/><T64/><D129/><U6/><E69/><V46/><F14/><W104/><G36/><T75/><D125/><N who="1" m="47627" /><E77/><V134/><F134/><W85/><G133/><T61/><D54/><U70/><E76/><V49/><REACH who="2" step="1"/><F71/><REACH who="2" ten="67,477,304,142" step="2"/><W84/><G35/><T111/><D111/><U120/><E70/><V132/><F132/><W96/><G112/><T43/><D113/><U38/><E120/><V5/><F5/><N who="1" m="2153" /><E0/><V102/><AGARI ba="1,1" hai="41,46,49,52,57,63,82,87,90,94,99,102,116,119" machi="102" ten="20,12000,1" yaku="1,1,0,1,7,1,52,1,54,1,53,0" doraHai="56" doraHaiUra="2" who="2" fromWho="2" sc="67,-41,477,-41,304,133,142,-41" /><INIT seed="6,2,0,1,0,97" ten="26,436,437,101" oya="2" hai0="27,73,128,60,114,75,0,129,67,110,47,61,84" hai1="56,70,72,78,119,125,133,14,29,32,111,82,11" hai2="130,80,8,35,20,63,46,54,17,45,66,13,1" hai3="22,96,112,109,30,92,24,43,36,113,52,33,90"/><V117/><F117/><W76/><G109/><T104/><D0/><U59/><E111/><V9/><F130/><W42/><G76/><T71/><D110/><U69/><E119/><V12/><F35/><W68/><G68/><T44/><D84/><U19/><E133/><V101/><F101/><W7/><G7/><T135/><D135/><U134/><E134/><V37/><F1/><W108/><G108/><T93/><D93/><U132/><E132/><V122/><F122/><W6/><G6/><T105/><D27/><U83/><E125/><V87/><F54/><W50/><G33/><T65/><REACH who="0" step="1"/><D71/><REACH who="0" ten="16,436,437,101" step="2"/><U58/><E82/><V120/><F120/><W95/><G95/><T124/><D124/><U21/><E70/><V15/><F87/><W2/><G2/><T16/><D16/><U89/><E69/><V98/><F80/><W94/><G92/><T48/><D48/><U99/><E83/><V106/><F37/><W39/><G36/><T23/><D23/><U81/><E32/><V62/><F20/><W102/><G39/><T3/><D3/><U79/><E72/><V88/><F17/><W131/><G131/><T51/><D51/><U121/><E121/><V53/><F106/><W107/><G113/><AGARI ba="2,1" hai="44,47,60,61,65,67,73,75,104,105,113,114,128,129" machi="113" ten="25,3200,0" yaku="1,1,22,2,53,0" doraHai="97" doraHaiUra="25" who="0" fromWho="3" sc="16,48,436,0,437,0,101,-38" /><INIT seed="7,0,0,1,0,8" ten="64,436,437,63" oya="3" hai0="90,16,15,64,116,27,17,118,6,123,3,66,49" hai1="115,125,39,102,43,14,36,25,38,113,127,75,132" hai2="11,4,82,135,57,88,23,48,112,97,54,83,72" hai3="73,51,126,111,86,12,70,61,46,22,120,65,20"/><W92/><G120/><T62/><D123/><U134/><E75/><V33/><F33/><W81/><G126/><N who="1" m="48138" /><E102/><V109/><F112/><N who="1" m="43081" /><E14/><V19/><F109/><W96/><G111/><T100/><D17/><U37/><E25/><V106/><F135/><N who="1" m="51753" /><E38/><V80/><F72/><W68/><G73/><T108/><D15/><U95/><E95/><N who="2" m="56551" /><F106/><W52/><G12/><T29/><D27/><U117/><E117/><V2/><F2/><W45/><G45/><AGARI ba="0,0" hai="36,37,39,43,45" m="51753,43081,48138" machi="45" ten="40,12000,2" yaku="18,1,15,1,20,1,23,1,34,2" doraHai="8" who="1" fromWho="3" sc="64,0,436,120,437,0,63,-120" owari="64,-34.0,556,66.0,437,24.0,-57,-56.0" /></mjloggm>