<mjloggm ver="2.3"><GO type="169" lobby="0"/><UN n0="%6D%65%24%6F" n1="%E3%81%8D%E3%81%8F%E3%81%A6%E3%81%83%E3%81%99%E2%98%86" n2="%E3%81%92%E3%82%93%E3%81%9F%E3%82%8D%E3%81%AE%E3%81%8B%E3%81%91%E3%82%89" n3="%EF%BD%9E%E9%9A%BC%EF%BD%9E" dan="17,16,16,17" rate="2158.72,2078.88,2113.97,2192.27" sx="M,M,M,M"/><TAIKYOKU oya="0"/><INIT seed="0,0,0,5,3,38" ten="250,250,250,250" oya="0" hai0="135,97,112,63,23,102,126,70,35,96,123,42,58" hai1="120,100,2,81,87,50,33,86,91,36,88,117,79" hai2="121,0,134,13,68,72,115,18,84,90,43,118,82" hai3="80,21,41,94,47,93,10,76,3,20,66,19,37"/><T133/><D112/><U4/><E36/><V131/><F121/><W89/><G66/><T103/><D123/><U28/><E120/><V69/><F115/><W64/><G64/><T130/><D35/><U9/><E117/><V101/><F0/><W119/><G119/><T22/><D70/><U106/><E79/><V39/><F118/><W46/><G46/><T52/><D126/><U55/><E106/><V77/><F131/><W73/><G89/><T16/><D130/><U53/><E100/><N who="0" m="38441" /><D42/><U132/><E132/><N who="0" m="50761" /><D23/><U98/><E98/><V7/><F134/><W116/><G21/><T61/><D61/><U124/><E124/><V57/><F7/><N who="3" m="1407" /><G116/><T62/><D62/><U78/><E33/><V8/><F101/><W25/><AGARI ba="0,0" hai="19,20,25,37,41,47,73,76,80,93,94" m="1407" machi="25" ten="30,2000,0" yaku="25,1,52,1" doraHai="38" who="3" fromWho="3" sc="250,-10,250,-5,250,-5,250,20" /><INIT seed="1,0,0,5,5,75" ten="240,245,245,270" oya="1" hai0="40,111,22,29,103,68,18,50,64,14,15,56,131" hai1="30,86,97,12,8,28,21,41,1,46,65,25,17" hai2="110,73,120,16,13,95,101,10,57,80,39,51,37" hai3="121,93,132,74,94,125,33,35,123,116,48,23,81"/><U45/><E1/><V42/><F120/><W53/><G125/><T36/><D111/><U135/><E135/><V31/><F110/><W91/><G132/><T26/><D131/><U4/><E65/><V70/><F70/><W124/><G116/><T127/><D127/><U19/><E97/><V69/><F69/><W126/><G124/><T88/><D103/><U79/><E46/><V134/><F134/><W133/><G126/><T47/><D88/><U32/><E30/><V58/><F31/><W66/><G93/><T128/><D128/><U82/><REACH who="1" step="1"/><E32/><REACH who="1" ten="240,235,245,270" step="2"/><V34/><F34/><W38/><G66/><T24/><D29/><U117/><E117/><V99/><F58/><W122/><G133/><T27/><D68/><U77/><E77/><V89/><F57/><W107/><G33/><T20/><D64/><U0/><E0/><V115/><F115/><W130/><G35/><T3/><D3/><U44/><E44/><V63/><F99/><W54/><G122/><T61/><D56/><U9/><E9/><V43/><F10/><W11/><G123/><T59/><D59/><U114/><E114/><V52/><F63/><W71/><G11/><T98/><D61/><U2/><E2/><V90/><F37/><AGARI ba="0,1" hai="4,8,12,17,19,21,25,28,37,41,45,79,82,86" machi="37" ten="30,5800,0" yaku="1,1,7,1,52,1,53,0" doraHai="75" doraHaiUra="106" who="1" fromWho="2" sc="240,0,235,68,245,-58,270,0" /><INIT seed="1,1,0,5,0,34" ten="240,303,187,270" oya="1" hai0="60,25,111,112,64,21,8,128,106,135,59,26,39" hai1="37,53,62,28,43,19,113,35,13,58,123,31,30" hai2="92,17,107,104,102,48,12,33,16,94,54,55,2" hai3="1,24,7,15,119,79,41,126,105,0,117,11,73"/><U20/><E123/><V52/><F33/><W40/><G105/><T134/><D112/><U114/><REACH who="1" step="1"/><E35/><REACH who="1" ten="240,293,187,270" step="2"/><V18/><F48/><W86/><G117/><T82/><D39/><U75/><E75/><V61/><F61/><W29/><G73/><T36/><D36/><U70/><E70/><V96/><F12/><W66/><G119/><T10/><D60/><U14/><E14/><V97/><REACH who="2" step="1"/><F2/><REACH who="2" ten="240,293,177,270" step="2"/><W89/><G15/><T84/><D134/><U46/><AGARI ba="1,2" hai="13,19,20,28,30,31,37,43,46,53,58,62,113,114" machi="46" ten="30,6000,0" yaku="1,1,0,1,53,1" doraHai="34" doraHaiUra="57" who="1" fromWho="1" sc="240,-21,293,83,177,-21,270,-21" /><INIT seed="1,2,0,4,1,129" ten="219,376,156,249" oya="1" hai0="53,59,28,37,34,63,104,44,101,55,42,12,128" hai1="45,85,18,124,132,52,119,11,30,86,71,46,66" hai2="112,102,133,27,80,95,60,69,87,9,89,74,35" hai3="51,117,48,54,49,134,25,24,64,125,21,113,14"/><U70/><E119/><V79/><F133/><W122/><G113/><T72/><D72/><U4/><E124/><V97/><F112/><W7/><G122/><T56/><D128/><U108/><E30/><V127/><F127/><W83/><G125/><T16/><D34/><U111/><E18/><V41/><F41/><W47/><G134/><T19/><D28/><U106/><E106/><N who="2" m="63823" /><F9/><W81/><G64/><T61/><REACH who="0" step="1"/><D12/><REACH who="0" ten="209,376,156,249" step="2"/><U116/><E132/><V62/><F69/><W103/><G14/><T58/><D58/><U84/><E71/><V0/><F0/><W73/><G117/><T110/><D110/><U57/><E116/><V107/><F107/><W38/><G73/><T13/><D13/><N who="1" m="5351" /><E70/><V118/><F118/><W94/><G24/><T114/><D114/><U5/><E111/><V96/><F35/><W8/><G25/><T31/><D31/><U100/><E108/><V3/><F27/><W121/><G121/><T131/><D131/><U82/><E57/><V135/><F3/><W98/><G47/><T50/><D50/><U6/><E45/><V120/><F135/><W65/><G49/><T20/><D20/><U99/><E46/><V123/><F123/><W109/><G21/><T39/><D39/><U40/><E6/><V67/><F120/><W92/><G7/><T29/><D29/><U26/><E5/><V33/><F33/><W75/><G38/><T22/><D22/><U17/><E26/><V23/><F23/><W93/><G109/><T76/><D76/><U15/><E15/><V32/><F32/><W1/><G1/><T2/><D2/><RYUUKYOKU ba="2,1" sc="209,30,376,-10,156,-10,249,-10" hai0="16,19,37,42,44,53,55,56,59,61,63,101,104" /><INIT seed="2,3,1,2,2,81" ten="239,366,146,239" oya="2" hai0="73,103,12,67,90,54,36,77,4,16,5,83,108" hai1="114,92,1,74,48,8,68,124,123,51,46,91,18" hai2="127,7,87,14,38,121,89,47,98,24,34,29,71" hai3="3,82,110,106,52,88,11,79,72,39,115,43,21"/><V40/><F121/><W96/><G110/><T128/><D108/><U6/><E114/><V66/><F127/><W101/><G21/><T84/><D128/><U70/><E124/><V130/><F130/><W55/><G115/><T116/><D116/><U86/><E123/><V41/><F41/><W19/><G19/><T111/><D111/><U99/><E74/><V23/><F98/><W10/><G10/><T105/><D36/><U17/><E51/><V78/><F78/><W13/><G13/><T102/><D67/><U76/><E18/><V120/><F120/><W112/><G112/><T133/><D133/><U97/><E17/><V63/><F34/><W20/><G20/><T32/><D32/><U22/><E22/><V56/><F71/><W0/><G0/><T95/><D54/><U2/><E2/><V60/><F60/><W122/><G122/><T44/><D44/><U119/><E119/><V85/><REACH who="2" step="1"/><F89/><REACH who="2" ten="239,366,136,239" step="2"/><W25/><G88/><T27/><D103/><U59/><E99/><V125/><F125/><W28/><G43/><T109/><D109/><U58/><E70/><V126/><F126/><W69/><G69/><T53/><D102/><U65/><E76/><V37/><F37/><W75/><G39/><T9/><D77/><U35/><E35/><V80/><F80/><W15/><G72/><T30/><D83/><U94/><E68/><V132/><F132/><W61/><G61/><T100/><D73/><U117/><E117/><V129/><F129/><W118/><G118/><T93/><D100/><U31/><E91/><V49/><F49/><W62/><G62/><RYUUKYOKU ba="3,2" sc="239,-10,366,-10,136,30,239,-10" hai2="7,14,23,24,29,38,40,47,56,63,66,85,87" /><INIT seed="2,4,2,3,5,92" ten="229,356,166,229" oya="2" hai0="16,2,65,58,23,9,123,110,8,129,89,79,72" hai1="59,105,28,97,82,27,51,131,121,111,109,17,25" hai2="41,94,45,86,34,46,1,31,13,12,5,56,90" hai3="35,102,84,18,107,74,81,119,55,36,128,134,4"/><V73/><F73/><W43/><G119/><T93/><D123/><U77/><E121/><V68/><F68/><W100/><G74/><T80/><D129/><U76/><E131/><V29/><F1/><W30/><G134/><T66/><D110/><N who="1" m="41995" /><E77/><V48/><F34/><W118/><G18/><T52/><D66/><U22/><E59/><V101/><F101/><W114/><G4/><T88/><D65/><U62/><E62/><V125/><F125/><W104/><G55/><T33/><D33/><N who="1" m="20623" /><E51/><N who="2" m="27055" /><F56/><W113/><G36/><T133/><D133/><U122/><E122/><V112/><F112/><W14/><G128/><T49/><D2/><U78/><E82/><V57/><F57/><W67/><G118/><T21/><D21/><U53/><E53/><N who="2" m="29847" /><F13/><W7/><G14/><N who="0" m="9623" /><D89/><U61/><E61/><V103/><F103/><AGARI ba="4,2" hai="17,22,27,76,78,97,103,105" m="20623,41995" machi="103" ten="30,2000,0" yaku="14,1,52,1" doraHai="92" who="1" fromWho="2" sc="229,0,356,52,166,-32,229,0" /><INIT seed="3,0,0,0,2,18" ten="229,408,134,229" oya="3" hai0="129,26,34,117,124,126,14,45,111,52,39,70,27" hai1="135,19,85,5,31,30,115,120,47,107,1,53,16" hai2="40,54,38,50,77,61,80,25,109,9,59,112,79" hai3="103,2,7,67,123,65,97,32,24,46,125,114,106"/><W98/><G114/><T8/><D117/><U44/><E115/><V132/><F112/><W29/><G123/><T17/><D70/><U90/><E120/><V93/><F109/><W66/><G125/><N who="0" m="48235" /><D111/><U86/><E107/><V36/><F132/><W128/><G128/><T63/><D129/><U68/><E68/><V69/><F77/><W100/><G46/><T82/><D82/><U43/><E135/><V41/><F93/><W51/><G51/><N who="0" m="28783" /><D39/><U28/><E1/><V130/><F130/><W48/><G48/><T72/><D72/><U127/><E127/><V91/><F36/><W131/><G131/><T99/><D63/><U113/><E113/><V58/><F38/><W102/><REACH who="3" step="1"/><G106/><REACH who="3" ten="229,408,134,219" step="2"/><T89/><D34/><U95/><E47/><V101/><F50/><W6/><G6/><T56/><D56/><U104/><E104/><V105/><F58/><W96/><G96/><T11/><D11/><AGARI ba="0,1" hai="2,7,11,24,29,32,65,66,67,97,98,100,102,103" machi="11" ten="40,3900,0" yaku="1,1,53,1" doraHai="18" doraHaiUra="22" who="3" fromWho="0" sc="229,-39,408,0,134,0,219,49" /><INIT seed="3,1,0,4,2,49" ten="190,408,134,268" oya="3" hai0="124,52,74,68,44,33,132,21,106,53,112,55,108" hai1="34,23,135,77,75,72,6,46,103,105,113,129,95" hai2="8,90,80,14,39,128,89,116,93,76,121,29,56" hai3="97,123,99,114,84,96,110,26,1,2,47,100,25"/><W59/><G123/><T31/><D33/><U69/><E34/><V119/><F121/><W43/><G114/><T120/><D120/><U28/><E113/><V122/><F122/><W91/><G100/><T11/><D112/><U45/><E105/><V24/><F39/><W51/><G59/><T92/><D106/><U10/><E69/><V48/><F128/><W87/><G110/><T94/><D68/><U101/><E129/><V104/><F104/><W19/><G84/><T12/><D74/><U130/><E130/><V4/><F89/><W118/><G118/><T98/><D108/><U73/><E135/><V86/><F48/><W18/><G26/><N who="0" m="16847" /><D132/><U67/><E77/><V82/><F56/><W134/><G134/><T7/><D124/><U63/><E75/><V16/><F4/><W102/><G102/><N who="0" m="60743" /><D94/><U50/><E95/><V58/><F58/><W0/><REACH who="3" step="1"/><G25/><REACH who="3" ten="190,408,134,258" step="2"/><T125/><D125/><U70/><E73/><V40/><F82/><AGARI ba="1,1" hai="0,1,2,18,19,43,47,51,82,87,91,96,97,99" machi="82" ten="50,4800,0" yaku="1,1,2,1,53,0" doraHai="49" doraHaiUra="54" who="3" fromWho="2" sc="190,0,408,0,134,-51,258,61" /><INIT seed="3,2,0,3,4,23" ten="190,408,83,319" oya="3" hai0="60,57,48,122,10,98,87,43,58,54,103,64,115" hai1="46,105,125,25,134,78,74,34,127,22,70,97,76" hai2="4,20,104,84,129,18,8,61,2,94,50,53,55" hai3="63,107,71,108,135,77,93,40,14,33,102,44,123"/><W128/><G123/><T114/><D122/><U101/><E134/><V1/><F104/><W16/><G135/><T99/><D87/><U86/><E74/><V11/><F129/><W110/><G107/><T73/><D73/><U119/><E119/><V59/><F1/><W82/><G33/><T133/><D133/><U132/><E132/><V85/><F2/><W49/><G128/><T120/><D120/><U38/><E34/><V68/><F4/><W6/><G6/><T30/><D10/><U90/><E70/><V66/><F55/><W7/><G7/><T106/><D98/><U62/><E62/><V26/><F84/><N who="3" m="48207" /><G63/><T112/><D30/><N who="1" m="17719" /><E46/><N who="2" m="27863" /><F68/><W117/><G71/><T17/><D17/><U51/><E51/><V15/><F15/><W3/><G3/><T126/><REACH who="0" step="1"/><D43/><REACH who="0" ten="180,408,83,319" step="2"/><U96/><E96/><V89/><AGARI ba="2,1" hai="8,11,18,20,26,59,61,66,85,89,94" m="27863" machi="89" ten="30,2000,0" yaku="8,1,52,1" doraHai="23" who="2" fromWho="2" sc="180,-7,408,-7,83,36,319,-12" /><INIT seed="4,0,0,4,1,48" ten="173,401,119,307" oya="0" hai0="44,25,55,50,99,107,133,122,33,67,113,109,78" hai1="51,11,46,108,135,27,41,103,17,49,36,21,116" hai2="29,22,124,123,0,37,38,60,47,13,91,59,105" hai3="26,23,4,72,110,14,68,83,89,100,106,7,88"/><T129/><D122/><U121/><E108/><V42/><F0/><W120/><G68/><T39/><D109/><U8/><E121/><V10/><F123/><W63/><G63/><T45/><D129/><U86/><E116/><V66/><F124/><W92/><G106/><T87/><D67/><U132/><E103/><V69/><F105/><W118/><G100/><T3/><D3/><U93/><E93/><V19/><F69/><W53/><G72/><T126/><D126/><U112/><E86/><V70/><F70/><W65/><G65/><T101/><D113/><U61/><E112/><V85/><F37/><W82/><G14/><T81/><D133/><N who="1" m="51275" /><E61/><V94/><REACH who="2" step="1"/><F29/><REACH who="2" ten="173,401,109,307" step="2"/><W56/><G120/><T84/><D39/><U62/><E36/><V9/><AGARI ba="0,1" hai="9,10,13,19,22,38,42,47,59,60,66,85,91,94" machi="9" ten="30,4000,0" yaku="1,1,2,1,0,1,53,0" doraHai="48" doraHaiUra="76" who="2" fromWho="2" sc="173,-20,401,-10,109,50,307,-10" /><INIT seed="5,0,0,0,2,63" ten="153,391,159,297" oya="1" hai0="132,17,57,51,90,79,73,115,58,102,15,82,32" hai1="9,3,120,125,127,21,65,129,135,96,7,38,61" hai2="111,97,133,101,69,10,68,81,66,35,25,95,131" hai3="27,19,110,72,114,100,83,123,59,85,128,117,14"/><U46/><E120/><V87/><F111/><W88/><G72/><T5/><D32/><U49/><E38/><V84/><F131/><W130/><G110/><T28/><D28/><U113/><E113/><V33/><F133/><W74/><G123/><T122/><D122/><U70/><E135/><V75/><F75/><W37/><G37/><T2/><D115/><U93/><E21/><V22/><F10/><W124/><G74/><T6/><D102/><U31/><E31/><V89/><F87/><W103/><G124/><T48/><D132/><U78/><E78/><V99/><F99/><W71/><G71/><T20/><D2/><U53/><REACH who="1" step="1"/><E129/><REACH who="1" ten="153,381,159,297" step="2"/><N who="3" m="49770" /><G114/><T24/><D79/><U23/><E23/><V64/><F35/><W54/><G117/><T76/><D76/><U36/><E36/><V29/><F33/><W34/><G34/><T134/><D134/><U41/><E41/><V50/><F69/><W62/><G27/><T112/><D112/><U94/><E94/><V52/><F68/><W86/><G86/><N who="0" m="50519" /><D73/><U8/><E8/><AGARI ba="0,1" hai="8,14,19,54,59,62,83,85,88,100,103" m="49770" machi="8" ten="30,2000,0" yaku="19,1,54,1" doraHai="63" who="3" fromWho="1" sc="153,0,381,-20,159,0,297,30" /><INIT seed="6,0,0,5,4,110" ten="153,361,159,327" oya="2" hai0="21,67,52,50,124,84,113,87,35,60,55,64,118" hai1="22,13,91,54,31,32,33,76,30,34,105,73,103" hai2="112,39,45,109,135,120,115,46,125,117,129,53,26" hai3="89,83,102,122,104,5,15,69,11,62,48,132,78"/><V75/><F75/><W58/><G122/><T116/><D35/><U70/><E70/><V106/><F106/><W107/><G132/><T66/><D124/><U71/><E71/><V27/><F120/><W36/><G36/><T85/><D21/><U80/><E54/><N who="0" m="20521" /><D50/><U43/><E43/><N who="2" m="22783" /><F135/><W94/><G89/><T126/><D126/><U57/><E57/><V79/><F79/><W128/><G94/><T65/><N who="0" m="16384" /><DORA hai="9" /><T0/><D0/><U12/><E34/><V8/><F125/><W2/><G15/><T108/><D108/><U131/><E33/><V82/><F109/><W114/><G69/><T101/><D101/><U28/><E32/><V59/><F82/><W99/><G83/><T130/><D130/><U4/><E131/><V111/><F111/><W10/><G104/><T96/><D96/><U56/><E56/><V37/><F129/><W24/><G58/><T44/><D44/><U16/><E105/><V18/><F117/><N who="0" m="45162" /><D60/><U134/><E134/><V38/><F46/><W88/><G62/><T90/><D90/><U42/><E91/><V68/><F68/><W23/><G88/><T41/><D41/><U51/><E42/><V74/><F38/><W133/><G128/><T47/><D47/><U3/><E3/><V6/><F37/><W77/><G2/><T95/><D95/><U97/><E51/><N who="2" m="31167" /><F74/><W98/><G107/><T14/><D14/><U17/><E73/><V81/><F81/><W93/><G78/><T29/><D29/><U25/><E80/><V7/><F27/><W100/><G24/><T19/><D19/><U123/><E25/><RYUUKYOKU ba="0,0" sc="153,30,361,-10,159,-10,327,-10" hai0="84,85,87,113" /><INIT seed="7,1,0,2,0,124" ten="183,351,149,317" oya="3" hai0="7,42,120,117,11,113,75,37,66,102,12,4,2" hai1="132,18,119,103,118,81,58,36,89,129,44,74,64" hai2="59,38,24,68,62,100,34,40,131,21,26,98,82" hai3="93,1,41,101,128,130,104,39,112,8,71,88,65"/><W99/><G112/><T116/><D120/><U16/><E129/><N who="3" m="49770" /><G65/><T85/><D75/><U60/><E132/><V110/><F131/><W67/><G67/><T51/><D37/><U92/><E103/><V43/><F110/><W0/><G71/><T126/><D126/><U15/><E15/><V45/><F68/><W61/><G61/><T48/><D102/><U84/><E36/><V123/><F123/><W121/><G121/><T55/><D2/><N who="3" m="1129" /><G8/><T90/><D11/><U19/><E44/><V91/><F45/><N who="3" m="23743" /><G88/><T69/><D90/><U134/><E134/><V87/><F38/><W5/><G5/><T95/><D66/><U10/><E10/><V56/><F34/><W114/><G114/><T94/><D4/><U6/><E6/><V35/><F35/><W77/><G77/><T47/><D7/><U29/><E29/><N who="2" m="17551" /><F26/><W70/><G70/><T9/><D69/><U32/><E32/><V111/><F111/><W135/><G135/><T115/><D115/><U53/><E64/><N who="2" m="38983" /><F59/><W27/><G27/><T57/><D113/><U50/><E60/><V96/><F96/><W46/><G46/><T63/><D63/><U79/><AGARI ba="1,0" hai="16,18,19,50,53,58,74,79,81,84,89,92,118,119" machi="79" ten="30,2000,0" yaku="0,1,54,1" doraHai="124" who="1" fromWho="1" sc="183,-6,351,23,149,-6,317,-11" owari="177,-22.0,374,47.0,143,-36.0,306,11.0" /></mjloggm>