<mjloggm ver="2.3"><GO type="169" lobby="0"/><UN n0="%6E%69%6A%69" n1="%E6%AF%94%E5%98%89%E7%A7%80%E4%BB%81" n2="%E3%82%A2%E3%82%AB%E2%98%86%E3%82%A6%E3%83%BC%E3%83%94%E3%83%B3" n3="%74%61%69%74%61%6B%65%37" dan="17,16,17,17" rate="2180.76,2142.16,2181.68,2269.10" sx="M,M,M,M"/><TAIKYOKU oya="0"/><INIT seed="0,0,0,5,4,52" ten="250,250,250,250" oya="0" hai0="66,104,24,57,105,8,70,123,55,58,65,23,67" hai1="10,53,14,98,21,50,130,86,74,85,5,36,108" hai2="6,27,128,115,12,93,28,22,51,62,81,72,49" hai3="121,133,47,69,19,119,102,32,60,90,113,42,75"/><T83/><D70/><U30/><E36/><V126/><F115/><W132/><G113/><T68/><D68/><U59/><E74/><V131/><F126/><W63/><G19/><T73/><D123/><U134/><E108/><V125/><F125/><W94/><G102/><T103/><D8/><U78/><E134/><N who="3" m="51818" /><G32/><T40/><D40/><U20/><E130/><N who="2" m="49707" /><F62/><N who="3" m="23595" /><G75/><T16/><D55/><U37/><E37/><V7/><F93/><W9/><G9/><T64/><D64/><U76/><E98/><V129/><N who="2" m="49715" /><V109/><DORA hai="95" /><F12/><W99/><G69/><T18/><D18/><U127/><E127/><V91/><F109/><W15/><G15/><T79/><REACH who="0" step="1"/><D103/><REACH who="0" ten="240,250,250,250" step="2"/><U44/><E10/><V107/><F6/><W71/><G71/><T0/><D0/><U31/><E5/><V3/><F7/><W114/><G121/><T25/><D25/><U33/><E14/><V77/><F3/><W2/><G2/><T13/><D13/><U35/><E31/><V87/><F28/><W97/><G114/><T101/><D101/><U135/><E30/><V89/><F27/><W124/><G124/><T80/><D80/><U46/><E135/><V82/><F82/><W112/><G112/><T45/><D45/><U26/><E26/><V84/><F81/><W110/><G110/><T56/><AGARI ba="0,1" hai="16,23,24,56,57,58,65,66,67,73,79,83,104,105" machi="56" ten="30,24000,3" yaku="1,1,0,1,52,3,54,1,53,3" doraHai="52,95" doraHaiUra="54,41" who="0" fromWho="0" sc="240,250,250,-80,250,-80,250,-80" /><INIT seed="0,1,0,5,2,125" ten="490,170,170,170" oya="0" hai0="99,83,56,114,65,124,62,8,9,17,11,43,119" hai1="130,60,30,5,44,58,91,122,110,85,14,54,68" hai2="117,21,78,108,76,113,70,55,88,33,120,64,94" hai3="131,75,115,41,86,93,40,81,46,69,3,57,87"/><T45/><D114/><U135/><E110/><V73/><F33/><W34/><G34/><T107/><D119/><U134/><E122/><V104/><F104/><W72/><G69/><T74/><D124/><U47/><E68/><V19/><F120/><W89/><G3/><T103/><D17/><U95/><E30/><V128/><F113/><W66/><G115/><T37/><D74/><U38/><E130/><V4/><F4/><W7/><G7/><T25/><D83/><U39/><E39/><V13/><F108/><W51/><G40/><T23/><D23/><U126/><E126/><V16/><F73/><W6/><G6/><T92/><REACH who="0" step="1"/><D25/><REACH who="0" ten="480,170,170,170" step="2"/><U118/><E118/><V42/><F19/><W63/><REACH who="3" step="1"/><G131/><REACH who="3" ten="480,170,170,160" step="2"/><T129/><D129/><U12/><E5/><V121/><F128/><W112/><G112/><T10/><N who="0" m="2048" /><DORA hai="29" /><T50/><D50/><U28/><E38/><V48/><F117/><W80/><G80/><T59/><D59/><U31/><E58/><V102/><F48/><W98/><G98/><T49/><D49/><U96/><E96/><V27/><F70/><W123/><G123/><T53/><D53/><U100/><E54/><V32/><F55/><W71/><G71/><T26/><D26/><U101/><E135/><V79/><F27/><W133/><G133/><T22/><D22/><U132/><E132/><V61/><F21/><W18/><G18/><T105/><AGARI ba="1,2" hai="37,43,45,56,62,65,92,99,103,105,107" m="2048" machi="105" ten="40,3900,0" yaku="1,1,0,1,53,0" doraHai="125,29" doraHaiUra="111,15" who="0" fromWho="0" sc="480,62,170,-14,170,-14,160,-14" /><INIT seed="0,2,0,2,1,113" ten="542,156,156,146" oya="0" hai0="77,88,20,28,129,60,74,21,0,3,2,99,115" hai1="62,78,133,56,106,34,46,127,107,124,33,51,100" hai2="54,104,118,22,39,109,45,23,68,10,73,30,17" hai3="53,48,49,19,121,52,25,55,122,69,123,70,80"/><T116/><D115/><U11/><E133/><V71/><F104/><W103/><G103/><T119/><D74/><U126/><E78/><V135/><F73/><W120/><N who="3" m="31232" /><DORA hai="29" /><W110/><G80/><T114/><D77/><U111/><E11/><V12/><F109/><W102/><G102/><T7/><D7/><U130/><E130/><V6/><F135/><W5/><G5/><T98/><D114/><U57/><E111/><V63/><F118/><W95/><G110/><T83/><D129/><U105/><E100/><V37/><F23/><N who="3" m="13567" /><G95/><T31/><D0/><U131/><E131/><V47/><F30/><W59/><G59/><N who="1" m="22602" /><E62/><V90/><F90/><W81/><G81/><T26/><D60/><U91/><E91/><V4/><F4/><W44/><G44/><T96/><D83/><U8/><E8/><V9/><F9/><W41/><G41/><AGARI ba="2,0" hai="33,34,41,46,51,105,106,107,124,126,127" m="22602" machi="41" ten="40,5200,0" yaku="18,1,52,2" doraHai="113,29" who="1" fromWho="3" sc="542,0,156,58,156,0,146,-58" /><INIT seed="1,0,0,5,0,9" ten="542,214,156,88" oya="1" hai0="107,21,91,111,84,97,6,43,120,126,93,28,99" hai1="7,68,131,24,86,32,4,60,52,129,94,17,5" hai2="102,83,27,103,122,69,18,92,127,63,128,42,49" hai3="8,133,25,41,58,114,13,90,19,65,37,76,67"/><U16/><E32/><V35/><F122/><W72/><G114/><T124/><D120/><U132/><E132/><V64/><F127/><N who="0" m="48682" /><D111/><U80/><E94/><V130/><F83/><W79/><G133/><T1/><D107/><U20/><E17/><V100/><F92/><W70/><G70/><T74/><D74/><U116/><E116/><V98/><F98/><W14/><G72/><T135/><D135/><U104/><E104/><V34/><F42/><W22/><G37/><T2/><D43/><U59/><REACH who="1" step="1"/><E68/><REACH who="1" ten="542,204,156,88" step="2"/><V40/><F18/><N who="3" m="10575" /><G41/><T50/><D93/><U57/><E57/><V0/><F34/><W71/><G71/><T101/><D28/><U77/><AGARI ba="0,1" hai="4,5,7,16,20,24,52,59,60,77,80,86,129,131" machi="77" ten="30,11700,0" yaku="1,1,0,1,54,2,53,0" doraHai="9" doraHaiUra="47" who="1" fromWho="1" sc="542,-39,204,127,156,-39,88,-39" /><INIT seed="1,1,0,2,0,10" ten="503,331,117,49" oya="1" hai0="29,61,26,36,111,57,44,106,4,78,43,134,67" hai1="101,42,119,5,97,72,17,92,117,58,87,8,30" hai2="16,93,38,32,9,59,104,20,83,110,84,102,127" hai3="2,135,77,91,129,118,79,115,37,70,18,105,100"/><U113/><E72/><V133/><F32/><W103/><G18/><T99/><D111/><U25/><E17/><V47/><F104/><W63/><G63/><T48/><D134/><U74/><E74/><V120/><F120/><W69/><G91/><T52/><D78/><U65/><E42/><V35/><F35/><W7/><G7/><T28/><D4/><U49/><E113/><V19/><F110/><W11/><G11/><T121/><D121/><U124/><E87/><V96/><F127/><W62/><G62/><T1/><D1/><U45/><E124/><V24/><F133/><W130/><G105/><T80/><D80/><U50/><E50/><V126/><F126/><W107/><G135/><T54/><D54/><U21/><E45/><V13/><F59/><W12/><G2/><T125/><D125/><U128/><E128/><V82/><REACH who="2" step="1"/><F84/><REACH who="2" ten="503,331,107,49" step="2"/><W15/><G107/><T112/><D106/><U86/><E86/><V27/><F27/><W22/><G115/><T51/><D26/><U53/><REACH who="1" step="1"/><E65/><REACH who="1" ten="503,321,107,49" step="2"/><V131/><F131/><W55/><G130/><T109/><D67/><U68/><E68/><V40/><AGARI ba="1,2" hai="9,13,16,19,20,24,38,40,47,82,83,93,96,102" machi="40" ten="30,7900,0" yaku="1,1,0,1,52,1,54,1,53,0" doraHai="10" doraHaiUra="3" who="2" fromWho="2" sc="503,-21,321,-40,107,102,49,-21" /><INIT seed="2,0,0,5,1,125" ten="482,281,209,28" oya="2" hai0="64,107,94,131,34,1,20,50,17,43,54,108,35" hai1="130,21,113,65,92,31,12,13,33,127,28,117,132" hai2="85,104,78,61,121,37,134,51,82,25,47,14,7" hai3="55,26,46,86,105,100,24,77,115,23,0,118,40"/><V124/><F124/><W15/><G0/><T89/><D107/><U58/><E127/><V38/><F134/><W3/><G3/><T103/><D1/><U67/><E117/><V129/><F104/><W60/><G118/><T84/><D103/><U27/><E132/><V73/><F121/><W102/><G105/><T6/><D6/><U29/><E113/><V11/><F73/><W98/><G115/><T30/><D43/><U42/><E42/><V19/><F61/><W116/><G116/><T69/><D108/><U99/><E130/><V56/><F56/><N who="3" m="34847" /><G15/><N who="1" m="5706" /><E33/><V53/><F129/><W123/><G123/><T80/><D30/><N who="1" m="11883" /><E58/><V39/><REACH who="2" step="1"/><F25/><REACH who="2" ten="482,281,199,28" step="2"/><W112/><G26/><T52/><D131/><U22/><E27/><V71/><F71/><W63/><G63/><T57/><D69/><U8/><E31/><V135/><F135/><W81/><G112/><T9/><D57/><U79/><E67/><V133/><F133/><W41/><G46/><T72/><D72/><U48/><E65/><V128/><F128/><W122/><G122/><T74/><D64/><U96/><E48/><V76/><F76/><W126/><G126/><T111/><D50/><U114/><E79/><V119/><F119/><W2/><G24/><T5/><D74/><U95/><E114/><V18/><AGARI ba="0,1" hai="7,11,14,18,19,37,38,39,47,51,53,78,82,85" machi="18" ten="40,3900,0" yaku="1,1,0,1,53,0" doraHai="125" doraHaiUra="97" who="2" fromWho="2" sc="482,-13,281,-13,199,49,28,-13" /><INIT seed="2,1,0,4,1,105" ten="469,268,248,15" oya="2" hai0="129,117,9,135,102,72,69,89,82,26,85,42,39" hai1="59,91,97,71,49,57,79,4,133,98,106,103,115" hai2="48,30,23,73,16,60,56,81,110,21,54,32,99" hai3="74,35,100,68,8,3,31,61,38,46,126,131,66"/><V94/><F110/><W36/><G131/><T50/><D39/><N who="3" m="14889" /><G126/><T15/><D69/><U93/><E115/><V92/><F32/><W95/><G95/><T13/><D102/><U88/><E133/><V24/><F99/><W40/><G100/><T134/><D129/><U76/><E71/><V0/><F0/><W109/><G109/><T121/><D121/><U34/><E34/><V45/><F81/><W29/><G29/><T18/><D117/><U80/><E4/><V87/><F73/><W11/><G11/><T84/><D26/><U64/><E59/><V37/><F37/><N who="3" m="21775" /><G31/><T122/><D122/><U90/><E49/><V111/><F87/><W75/><G35/><T43/><D85/><N who="1" m="50215" /><E57/><V67/><REACH who="2" step="1"/><F111/><REACH who="2" ten="469,268,238,15" step="2"/><W41/><G41/><T101/><D42/><U124/><E124/><V118/><F118/><W6/><AGARI ba="1,1" hai="3,6,8,61,66,68,74,75" m="21775,14889" machi="6" ten="30,7900,0" yaku="33,2,52,2" doraHai="105" who="3" fromWho="3" sc="469,-21,268,-21,238,-40,15,92" /><INIT seed="3,0,0,2,3,23" ten="448,247,198,107" oya="3" hai0="120,22,62,91,33,96,129,122,111,115,59,27,124" hai1="116,18,131,134,13,69,79,106,24,112,72,114,66" hai2="89,5,94,32,103,44,70,34,73,48,29,39,58" hai3="92,80,74,67,51,28,55,88,86,118,26,14,113"/><W101/><G118/><T109/><D33/><U108/><E108/><N who="0" m="41545" /><D124/><U35/><E131/><V0/><F70/><W105/><G113/><T19/><D129/><U54/><E116/><V64/><F39/><W125/><G125/><T90/><D115/><U3/><E3/><V57/><F73/><W20/><G67/><N who="0" m="39391" /><D96/><U36/><E36/><V133/><F64/><W98/><G14/><T42/><D42/><U43/><E43/><V16/><F0/><W65/><G65/><T100/><D100/><U17/><E66/><V102/><F103/><W75/><REACH who="3" step="1"/><G105/><REACH who="3" ten="448,247,198,97" step="2"/><T87/><D120/><U46/><E106/><V30/><F133/><W85/><G85/><T25/><D122/><U77/><E134/><V49/><F5/><W127/><G127/><T37/><D87/><U9/><E114/><V128/><F128/><W76/><G76/><T6/><D6/><U40/><E112/><V52/><F34/><W31/><G31/><T132/><D132/><U71/><E79/><V7/><F30/><W97/><G97/><T12/><D37/><U123/><E123/><V61/><F29/><W83/><G83/><T45/><D12/><U68/><E77/><V4/><F32/><W2/><G2/><T38/><D38/><N who="1" m="21783" /><E35/><V60/><F4/><W135/><G135/><T41/><D25/><U121/><E121/><V21/><F7/><W110/><G110/><T117/><D117/><U47/><E24/><V84/><F84/><W78/><G78/><T50/><AGARI ba="0,1" hai="19,22,27,41,45,50,90,91" m="39391,41545" machi="50" ten="30,2000,0" yaku="14,1,52,1" doraHai="23" who="0" fromWho="0" sc="448,30,247,-5,198,-5,97,-10" /><INIT seed="4,0,0,5,0,92" ten="478,242,193,87" oya="0" hai0="99,31,118,13,96,134,75,98,88,30,61,113,91" hai1="11,64,17,3,127,26,14,62,124,104,60,85,106" hai2="93,86,119,80,125,114,84,20,107,32,71,131,48" hai3="49,117,68,65,77,120,50,8,19,133,41,22,9"/><T0/><D0/><U47/><E3/><V63/><F32/><W73/><G117/><T55/><D75/><U59/><E47/><V78/><F107/><W130/><G120/><T90/><D118/><U126/><E85/><V25/><F119/><W82/><G133/><T108/><D134/><U105/><E62/><V38/><F38/><W35/><G35/><T76/><D113/><U97/><REACH who="1" step="1"/><E26/><REACH who="1" ten="478,232,193,87" step="2"/><V54/><F63/><W15/><G130/><T45/><D61/><U122/><E122/><V69/><F84/><W132/><G132/><T79/><D108/><U6/><E6/><V46/><F46/><W16/><G68/><T111/><D111/><U52/><E52/><V123/><F54/><W72/><G65/><T18/><D55/><U33/><E33/><V110/><F25/><W58/><G58/><T101/><D45/><U5/><E5/><V29/><F71/><W112/><G41/><T129/><D129/><U42/><E42/><V87/><F69/><W2/><G73/><T39/><D39/><U10/><E10/><V70/><F70/><W57/><G57/><T24/><D24/><U21/><E21/><V7/><F20/><W36/><G36/><T128/><D128/><U116/><E116/><V89/><F110/><W109/><G109/><T34/><D34/><U66/><E66/><V27/><F123/><W102/><G2/><T81/><D13/><U1/><E1/><V103/><F27/><N who="3" m="14791" /><G9/><T94/><D30/><U12/><E12/><V67/><F67/><W56/><G56/><T121/><D31/><U4/><E4/><V100/><F7/><RYUUKYOKU ba="0,1" sc="478,-10,232,30,193,-10,87,-10" hai1="11,14,17,59,60,64,97,104,105,106,124,126,127" /><INIT seed="5,1,1,1,4,115" ten="468,262,183,77" oya="1" hai0="111,42,63,121,18,14,93,43,12,112,1,9,71" hai1="132,52,135,49,88,126,109,65,120,124,3,60,13" hai2="7,80,128,90,62,100,6,83,61,130,16,113,33" hai3="40,29,98,74,95,58,22,67,37,85,23,101,102"/><U39/><E120/><V51/><F33/><W57/><G74/><T79/><D1/><U34/><E3/><V73/><F113/><W122/><G122/><T94/><D121/><U38/><E34/><V92/><F100/><W64/><G37/><N who="1" m="13834" /><E13/><V2/><F51/><W76/><G40/><T19/><D9/><U26/><E26/><V36/><F36/><W17/><G76/><T77/><D112/><U50/><E88/><V131/><F16/><W31/><G85/><T127/><D12/><U110/><E50/><V59/><F62/><W28/><G17/><T5/><D14/><U15/><E15/><V46/><F46/><W89/><G89/><T97/><D18/><U116/><E116/><V114/><F114/><W20/><REACH who="3" step="1"/><G102/><REACH who="3" ten="468,262,183,67" step="2"/><T87/><D19/><U108/><E126/><V134/><F73/><W70/><G70/><T44/><D71/><N who="1" m="42407" /><E124/><V53/><F90/><W32/><G32/><T24/><D127/><U105/><E105/><V125/><F125/><W123/><G123/><T117/><D77/><U8/><E8/><V69/><F130/><W78/><G78/><T4/><D79/><U68/><E68/><V0/><F69/><W133/><G133/><T81/><D87/><U66/><E66/><AGARI ba="1,2" hai="20,22,23,28,29,31,57,58,64,66,67,95,98,101" machi="66" ten="40,2600,0" yaku="1,1,8,1,53,0" doraHai="115" doraHaiUra="82" who="3" fromWho="1" sc="468,0,262,-29,183,0,67,49" /><INIT seed="6,0,0,1,2,21" ten="468,233,183,116" oya="2" hai0="108,16,57,121,132,53,115,97,51,73,49,32,84" hai1="104,63,74,1,4,31,120,40,103,109,82,96,101" hai2="105,76,87,69,117,42,126,61,65,110,33,6,44" hai3="3,118,37,111,88,52,13,62,50,34,102,128,54"/><V114/><F105/><W122/><G3/><T55/><D73/><U131/><E109/><V45/><F117/><W78/><G37/><T123/><D108/><U14/><E120/><V98/><F110/><W15/><G111/><T91/><D32/><U70/><E101/><V41/><F33/><W39/><G39/><T77/><D115/><U129/><E40/><N who="2" m="15467" /><F98/><W26/><G118/><T58/><D132/><U5/><E31/><V7/><F87/><W85/><G122/><T68/><D68/><U116/><E14/><N who="3" m="5130" /><G34/><T60/><D97/><U92/><E92/><V86/><F6/><W64/><G128/><N who="1" m="49226" /><E116/><V79/><F7/><W36/><G36/><T2/><D2/><U113/><E1/><V67/><F86/><W130/><G130/><T22/><D121/><U89/><E5/><V112/><F126/><W75/><G75/><T134/><D123/><U27/><E4/><V125/><F125/><W127/><G127/><T135/><D77/><N who="1" m="44343" /><E113/><N who="2" m="43627" /><F79/><W66/><G78/><T56/><D84/><U100/><E100/><V72/><F76/><W19/><G102/><T83/><D83/><U12/><E12/><V94/><F72/><W10/><G10/><T47/><D91/><U20/><E89/><V8/><F8/><W25/><G62/><T28/><D60/><U48/><E63/><N who="2" m="40127" /><F94/><N who="3" m="54543" /><G54/><T107/><D107/><U11/><E104/><V35/><F35/><W18/><G18/><T81/><D16/><N who="1" m="12679" /><E11/><V95/><F95/><W17/><G17/><T24/><D81/><U0/><E0/><V43/><F43/><W119/><G119/><T106/><D106/><N who="1" m="63847" /><E70/><AGARI ba="0,0" hai="44,45,61,67,70" m="40127,43627,15467" machi="70" ten="30,5800,0" yaku="15,1,34,2" doraHai="21" who="2" fromWho="1" sc="468,0,233,-58,183,58,116,0" /><INIT seed="6,1,0,3,1,101" ten="468,175,241,116" oya="2" hai0="64,40,98,84,77,109,110,43,119,3,121,63,130" hai1="48,47,94,131,112,31,90,70,30,21,56,129,51" hai2="62,134,14,67,7,23,11,95,123,73,115,108,10" hai3="41,96,118,53,114,88,66,9,16,71,79,28,102"/><V68/><F73/><W93/><G118/><T75/><D3/><U116/><E116/><V74/><F74/><W33/><G114/><T65/><D84/><U124/><E112/><V49/><F115/><W42/><G79/><T20/><D20/><U27/><E70/><V22/><F123/><W50/><G71/><T59/><D98/><U100/><E100/><V85/><F134/><W58/><G66/><T52/><D77/><U91/><E124/><V122/><F108/><W61/><G33/><T103/><D103/><U106/><E106/><V132/><F132/><W2/><G28/><T107/><D107/><U37/><E37/><V127/><F122/><W46/><G2/><T120/><D75/><U35/><E35/><V60/><F60/><W13/><G42/><N who="0" m="15915" /><D64/><U6/><E6/><V133/><F67/><W29/><G29/><T32/><D32/><U39/><E39/><V113/><F7/><W97/><G102/><T99/><D99/><AGARI ba="1,0" hai="9,13,16,41,46,50,53,58,61,88,93,96,97,99" machi="99" ten="30,7700,0" yaku="7,1,8,1,54,2" doraHai="101" who="3" fromWho="0" sc="468,-80,175,0,241,0,116,80" /><INIT seed="7,0,0,3,0,28" ten="388,175,241,196" oya="3" hai0="44,115,46,87,100,22,49,135,116,89,125,86,37" hai1="16,26,4,0,38,55,123,18,19,10,92,60,75" hai2="67,66,96,72,99,17,41,65,119,20,107,51,31" hai3="21,118,122,109,45,97,35,83,39,15,3,120,57"/><W12/><G3/><T85/><D116/><U79/><E38/><V94/><F72/><W43/><G118/><T95/><D125/><U30/><E123/><V98/><F107/><W82/><G109/><T117/><D135/><U112/><E112/><V24/><F119/><W36/><G97/><T5/><D37/><U106/><E106/><V6/><F6/><W29/><G57/><T59/><D100/><U76/><E75/><V7/><F7/><W62/><G62/><T33/><D33/><U1/><E1/><V133/><F133/><W114/><G114/><T63/><D5/><U88/><E55/><V90/><F17/><W53/><G53/><N who="0" m="34287" /><D117/><U8/><E8/><V68/><F68/><W34/><G29/><T47/><D22/><U81/><E81/><V105/><F105/><W132/><G21/><T58/><D115/><U121/><E60/><V102/><F102/><W104/><G104/><T50/><D58/><U23/><REACH who="1" step="1"/><E121/><REACH who="1" ten="388,165,241,196" step="2"/><V27/><F41/><W32/><G132/><T14/><D49/><U130/><E130/><V129/><F51/><W25/><G39/><T80/><D50/><U54/><E54/><V113/><F129/><W93/><G122/><T111/><D80/><U77/><E77/><V74/><F74/><W134/><G120/><T42/><D42/><U110/><E110/><V70/><F113/><W2/><G134/><T78/><D78/><U9/><E9/><V131/><F131/><W52/><G2/><T91/><D111/><U84/><AGARI ba="0,1" hai="0,4,10,16,18,19,23,26,30,76,79,84,88,92" machi="84" ten="30,7900,0" yaku="1,1,0,1,54,2,53,0" doraHai="28" doraHaiUra="108" who="1" fromWho="1" sc="388,-20,165,89,241,-20,196,-39" owari="368,47.0,254,5.0,221,-18.0,157,-34.0" /></mjloggm>