<mjloggm ver="2.3"><GO type="169" lobby="0"/><UN n0="%6E%61%6E%6E%61%6E%79%61" n1="%E3%82%88%E3%81%98%E3%81%92%E3%82%93" n2="%73%5F%6F%6B" n3="%4D%61%74%79%75%69%E2%98%86" dan="16,17,16,18" rate="2094.24,2090.19,2069.85,2248.17" sx="M,M,M,M"/><TAIKYOKU oya="0"/><INIT seed="0,0,0,0,5,127" ten="250,250,250,250" oya="0" hai0="6,101,81,31,87,105,42,121,113,106,99,124,45" hai1="63,66,10,79,92,126,50,14,115,35,103,97,77" hai2="98,55,132,34,51,133,0,74,23,86,53,112,120" hai3="71,39,18,135,7,109,24,44,119,26,89,95,58"/><T130/><D124/><U43/><E35/><V49/><F74/><W80/><G119/><T125/><D125/><U15/><E115/><V107/><F34/><W68/><G109/><T36/><D113/><U29/><E126/><V32/><F32/><W102/><G135/><T17/><D121/><U73/><E73/><V54/><F0/><W91/><G7/><T64/><D31/><U116/><E116/><V12/><F112/><W3/><G3/><T128/><D64/><U30/><E15/><V1/><F1/><W22/><G102/><T8/><D17/><U9/><E9/><V40/><F86/><W78/><G26/><T111/><D111/><U72/><E72/><V123/><F40/><W82/><G91/><T118/><D118/><U94/><E94/><V93/><F107/><W20/><G20/><T41/><D41/><U56/><E30/><V46/><F23/><W33/><G33/><T2/><REACH who="0" step="1"/><D106/><REACH who="0" ten="240,250,250,250" step="2"/><U131/><E29/><V104/><F104/><W4/><G18/><T52/><D52/><U129/><E77/><AGARI ba="0,1" hai="2,6,8,36,42,45,77,81,87,99,101,105,128,130" machi="77" ten="40,7700,0" yaku="1,1,52,2,53,0" doraHai="127" doraHaiUra="84" who="0" fromWho="1" sc="240,87,250,-77,250,0,250,0" /><INIT seed="0,1,0,0,2,69" ten="327,173,250,250" oya="0" hai0="97,54,113,135,60,66,35,57,133,94,70,128,56" hai1="9,28,104,81,51,34,2,49,46,0,100,18,75" hai2="58,11,32,40,93,22,127,105,73,106,92,33,72" hai3="96,30,13,88,65,116,37,47,78,48,111,19,26"/><T10/><D113/><U129/><E129/><V121/><F58/><W42/><G116/><T24/><D10/><U4/><E0/><V125/><F22/><W114/><G114/><T43/><D128/><U55/><E104/><V8/><REACH who="2" step="1"/><F40/><REACH who="2" ten="327,173,240,250" step="2"/><W101/><G111/><T85/><D43/><U7/><E55/><V38/><F38/><W126/><G126/><T14/><D57/><U124/><E124/><V20/><F20/><W120/><G120/><AGARI ba="1,1" hai="8,11,32,33,72,73,92,93,105,106,120,121,125,127" machi="120" ten="25,3200,0" yaku="1,1,22,2,53,0" doraHai="69" doraHaiUra="53" who="2" fromWho="3" sc="327,0,173,0,240,45,250,-35" /><INIT seed="1,0,0,4,0,82" ten="327,173,285,215" oya="1" hai0="99,60,4,39,51,0,116,28,129,43,115,59,110" hai1="106,76,79,62,85,35,64,75,40,31,86,15,34" hai2="33,135,71,105,10,97,132,55,13,128,88,48,49" hai3="94,70,111,126,95,93,25,73,133,22,65,119,101"/><U124/><E106/><V69/><F33/><W57/><G73/><T83/><D115/><U61/><E75/><V84/><F128/><W46/><G70/><N who="2" m="26633" /><F97/><W118/><G111/><T37/><D110/><U56/><E124/><V23/><F23/><W122/><G122/><T134/><D116/><N who="3" m="44585" /><G126/><T130/><D28/><U9/><E40/><V67/><F67/><W2/><G2/><T112/><D4/><U103/><E103/><V24/><F24/><W29/><G133/><N who="2" m="51273" /><F55/><W50/><G57/><T90/><D134/><U44/><E31/><V8/><F105/><W102/><G65/><T92/><D0/><U127/><E127/><V21/><F21/><W113/><G113/><T54/><D112/><U121/><E64/><V131/><F131/><N who="0" m="50186" /><D83/><U36/><E56/><V63/><F63/><W80/><G80/><T18/><D60/><U87/><E121/><V42/><F42/><AGARI ba="0,0" hai="22,25,29,42,46,50,93,94,95,101,102" m="44585" machi="42" ten="30,1000,0" yaku="12,1" doraHai="82" who="3" fromWho="2" sc="327,0,173,0,285,-10,215,10" /><INIT seed="2,0,0,4,5,132" ten="327,173,275,225" oya="2" hai0="52,133,124,27,111,121,130,53,11,62,71,15,47" hai1="59,41,20,81,125,104,129,119,76,109,93,48,40" hai2="64,94,31,84,123,108,68,33,19,50,87,120,110" hai3="78,60,25,65,49,86,77,22,39,74,45,26,28"/><V128/><F33/><W23/><G74/><T101/><D121/><U3/><E119/><V56/><F31/><W90/><G39/><T38/><D133/><U30/><E104/><V118/><F19/><W131/><G131/><T75/><D75/><U13/><E3/><V51/><F94/><W98/><G98/><T16/><D130/><U80/><E129/><V88/><F128/><W107/><G107/><T2/><D2/><U12/><E109/><N who="2" m="42091" /><F68/><W42/><G60/><T4/><D101/><U67/><E48/><N who="2" m="18475" /><F118/><W116/><G65/><T63/><D71/><U58/><E67/><V97/><F97/><W69/><G69/><T92/><D92/><U36/><E93/><N who="2" m="54407" /><F87/><W66/><G66/><T83/><D111/><U24/><E30/><V70/><F70/><W102/><G102/><T0/><D16/><U18/><E18/><V17/><F17/><N who="3" m="12495" /><G116/><T35/><D35/><U117/><E117/><V105/><F105/><W43/><G42/><T44/><D27/><U34/><E24/><V114/><F114/><W29/><G28/><T5/><D47/><U14/><E40/><V46/><F46/><W6/><G6/><T112/><D44/><U126/><E41/><V100/><F100/><W91/><G91/><T21/><D4/><U135/><E76/><V122/><F122/><W72/><G72/><T99/><D5/><U82/><E81/><AGARI ba="0,0" hai="23,26,29,43,45,49,77,78,81,86,90" m="12495" machi="81" ten="30,1000,0" yaku="8,1" doraHai="132" who="3" fromWho="1" sc="327,0,173,-10,275,0,225,10" /><INIT seed="3,0,0,0,5,134" ten="327,163,275,235" oya="3" hai0="82,126,116,28,16,84,15,4,59,31,7,125,81" hai1="24,83,8,103,6,97,104,19,73,108,96,117,95" hai2="40,39,70,25,102,46,37,57,17,29,72,42,80" hai3="41,115,10,124,99,9,61,36,123,49,0,20,52"/><W26/><G123/><T78/><D116/><U58/><E108/><V56/><F17/><W55/><G115/><T5/><D59/><U67/><E117/><V27/><F102/><W74/><G74/><T2/><D2/><U92/><E104/><V63/><F25/><W79/><G79/><T51/><D51/><U60/><E73/><V133/><F133/><W43/><G36/><T93/><D93/><U32/><E83/><V30/><F30/><W50/><G61/><T109/><D82/><U38/><E38/><V131/><F131/><W33/><G33/><T75/><D75/><U132/><E132/><V110/><F70/><W121/><G121/><T21/><D109/><U129/><E129/><V87/><F72/><W90/><G0/><T106/><D106/><U62/><E32/><V35/><F110/><W118/><G118/><T11/><D11/><U135/><E135/><V105/><F105/><W68/><G68/><T91/><D78/><U18/><E24/><V98/><F98/><W107/><G107/><T22/><D22/><U101/><REACH who="1" step="1"/><E62/><REACH who="1" ten="327,153,275,235" step="2"/><V130/><F63/><W34/><G34/><T3/><D3/><AGARI ba="0,1" hai="3,6,8,18,19,58,60,67,92,95,96,97,101,103" machi="3" ten="30,7700,0" yaku="1,1,2,1,7,1,9,1,53,0" doraHai="134" doraHaiUra="48" who="1" fromWho="0" sc="327,-77,153,87,275,0,235,0" /><INIT seed="4,0,0,1,1,53" ten="250,240,275,235" oya="0" hai0="86,62,129,70,21,13,80,49,100,51,23,82,52" hai1="128,135,124,103,81,77,34,125,84,11,2,115,96" hai2="114,117,68,27,64,106,72,61,109,7,1,97,92" hai3="4,9,65,38,22,44,15,110,120,18,39,67,33"/><T12/><D129/><U79/><E34/><V76/><F109/><W10/><G110/><T59/><D100/><U36/><E36/><V104/><F114/><W75/><G75/><T111/><D111/><U35/><E35/><V132/><F132/><W17/><G33/><T94/><D94/><U113/><E11/><V6/><F76/><W130/><G130/><T50/><D70/><U90/><E2/><V41/><F72/><W101/><G101/><T66/><D66/><U30/><E30/><V32/><F41/><W122/><G44/><T73/><D73/><U25/><E25/><V87/><F87/><W56/><G22/><N who="0" m="8203" /><D82/><U88/><E135/><V63/><F117/><W105/><G105/><T47/><D47/><U60/><E60/><V45/><F45/><W91/><G91/><AGARI ba="0,0" hai="12,13,49,50,51,52,59,62,80,86,91" m="8203" machi="91" ten="30,5800,0" yaku="8,1,52,1,54,1" doraHai="53" who="0" fromWho="3" sc="250,58,240,0,275,0,235,-58" /><INIT seed="4,1,0,5,1,55" ten="308,240,275,177" oya="0" hai0="40,102,13,35,117,133,70,116,78,77,52,34,126" hai1="47,115,104,65,125,121,89,21,22,16,9,84,37" hai2="26,2,38,32,75,0,12,43,72,18,131,112,24" hai3="60,101,30,53,33,45,87,83,114,58,85,59,128"/><T4/><D70/><U103/><E121/><V39/><F43/><W111/><G111/><T71/><D71/><U8/><E125/><V135/><F12/><W69/><G69/><T41/><D126/><U5/><E115/><V62/><F18/><W90/><G114/><T76/><D102/><U1/><E104/><V10/><F62/><W95/><G128/><T17/><D4/><U119/><E119/><V29/><F10/><W57/><G101/><T15/><D133/><U14/><E103/><V122/><F122/><W42/><G30/><T3/><D3/><N who="2" m="1066" /><F112/><W20/><G20/><T80/><D80/><U73/><E73/><N who="2" m="28235" /><F135/><W98/><G33/><T107/><D107/><U86/><E86/><N who="3" m="32778" /><G83/><T99/><D77/><U106/><E106/><V96/><F96/><W31/><G31/><T79/><D79/><U127/><E127/><V36/><F24/><W92/><G92/><T91/><D99/><U48/><E37/><V49/><F49/><W88/><G90/><T94/><D91/><U54/><E65/><V97/><F97/><W67/><G42/><T120/><D94/><AGARI ba="1,0" hai="1,5,8,9,14,16,21,22,47,48,54,84,89,94" machi="94" ten="30,2000,0" yaku="7,1,54,1" doraHai="55" who="1" fromWho="0" sc="308,-23,240,23,275,0,177,0" /><INIT seed="5,0,0,1,1,39" ten="285,263,275,177" oya="1" hai0="17,7,115,12,30,48,70,87,86,134,51,120,6" hai1="97,130,59,47,108,69,63,35,5,44,16,91,42" hai2="29,132,67,112,68,90,77,9,27,13,126,94,111" hai3="109,2,28,81,105,52,53,104,36,128,110,19,78"/><U46/><E35/><V21/><F111/><W62/><G2/><T40/><D70/><U11/><E69/><V74/><F126/><W73/><G128/><T96/><D115/><U82/><E130/><V61/><F132/><W1/><G1/><T23/><D134/><U3/><E108/><V33/><F112/><W118/><G118/><T93/><D30/><U38/><E16/><V125/><F125/><W57/><G28/><T24/><D120/><U80/><E97/><V127/><F127/><W60/><G36/><T37/><D37/><U133/><E133/><V15/><F74/><W101/><G19/><T119/><D51/><U31/><E31/><V100/><F77/><W10/><G10/><N who="0" m="4183" /><D7/><U88/><E82/><V117/><F117/><W124/><G124/><T72/><D72/><U34/><E34/><V79/><F79/><W89/><G89/><N who="0" m="55343" /><D119/><U4/><E4/><V76/><F76/><W129/><G129/><T49/><D49/><U116/><E116/><V123/><F123/><W83/><G83/><T56/><D56/><U50/><E38/><V14/><F100/><W131/><G131/><T64/><D64/><U121/><E121/><V98/><REACH who="2" step="1"/><F9/><REACH who="2" ten="285,263,265,177" step="2"/><W75/><G75/><T26/><D26/><U25/><E25/><V122/><F122/><W114/><G114/><T85/><D24/><U43/><E91/><V107/><F107/><N who="3" m="41035" /><G101/><T103/><D103/><U45/><E88/><V32/><AGARI ba="0,1" hai="13,14,15,21,27,29,32,33,61,67,68,90,94,98" machi="32" ten="30,2000,0" yaku="1,1,0,1,53,0" doraHai="39" doraHaiUra="135" who="2" fromWho="2" sc="285,-5,263,-10,265,30,177,-5" /><INIT seed="6,0,0,5,2,44" ten="280,253,295,172" oya="2" hai0="49,59,129,105,8,30,33,123,119,113,104,68,61" hai1="117,133,98,72,16,83,56,88,43,15,46,62,108" hai2="21,51,77,78,60,24,14,135,109,25,132,73,67" hai3="97,54,126,99,116,80,65,31,106,63,90,82,47"/><V112/><F14/><W18/><G116/><T95/><D119/><U6/><E108/><V115/><F109/><W40/><G126/><T87/><D123/><U1/><E1/><V124/><F124/><W81/><G31/><T45/><D68/><U35/><E35/><V58/><F25/><W13/><G54/><T19/><D113/><N who="2" m="43594" /><F73/><W3/><G3/><T55/><D129/><U11/><E133/><N who="2" m="51275" /><F51/><W74/><G74/><T101/><D30/><AGARI ba="0,0" hai="21,24,30,58,60,67,77,78" m="51275,43594" machi="30" ten="30,2900,0" yaku="15,1,20,1" doraHai="44" who="2" fromWho="0" sc="280,-29,253,0,295,29,172,0" /><INIT seed="6,1,0,4,1,56" ten="251,253,324,172" oya="2" hai0="44,12,124,101,125,95,71,85,55,64,26,66,4" hai1="103,121,114,99,6,54,110,117,72,0,76,35,28" hai2="61,15,31,40,78,109,7,23,106,122,104,89,30" hai3="83,90,107,120,18,59,130,113,41,48,80,62,46"/><V133/><F122/><W131/><G120/><T16/><D4/><U25/><E110/><V134/><F78/><W115/><G107/><T87/><D26/><U29/><E29/><V69/><F40/><W127/><G18/><T5/><D5/><U14/><E121/><V43/><F43/><W91/><G127/><N who="0" m="48715" /><D101/><U57/><E117/><V116/><F89/><W100/><G100/><T32/><D32/><U112/><E0/><V96/><F116/><W22/><G22/><N who="0" m="11527" /><D95/><U13/><E6/><V47/><F7/><W88/><G83/><T50/><D71/><U67/><E13/><V2/><F2/><W79/><G79/><T126/><N who="0" m="48723" /><T118/><DORA hai="38" /><D118/><U37/><E14/><V33/><F15/><W81/><G81/><T132/><D132/><U21/><E21/><V8/><F23/><W9/><G80/><T86/><AGARI ba="1,0" hai="44,50,55,64,66,85,86,87" m="11527,48723" machi="86" ten="50,3200,0" yaku="18,1,54,1" doraHai="56,38" who="0" fromWho="0" sc="251,35,253,-9,324,-17,172,-9" /><INIT seed="7,0,0,2,5,77" ten="286,244,307,163" oya="3" hai0="75,50,125,114,3,70,61,4,84,58,19,5,123" hai1="130,72,124,120,13,85,121,99,103,83,37,98,135" hai2="59,80,23,108,48,119,127,42,122,104,79,112,51" hai3="66,62,95,41,33,9,129,11,107,90,92,35,106"/><W1/><G129/><T16/><D75/><U21/><E37/><V40/><F108/><W97/><G41/><T109/><D109/><U2/><E2/><V56/><F104/><W6/><G9/><T24/><D123/><U17/><E72/><V132/><F119/><W116/><G116/><T73/><D73/><U69/><E69/><V113/><F122/><W10/><G10/><T36/><D36/><U26/><E130/><V78/><F23/><W39/><G39/><T117/><D117/><U110/><E110/><V64/><F127/><W68/><REACH who="3" step="1"/><G95/><REACH who="3" ten="286,244,307,153" step="2"/><T74/><D3/><U32/><E124/><V133/><F80/><W118/><G118/><T27/><D125/><U126/><E126/><V43/><F40/><W45/><G45/><T115/><D115/><U22/><E121/><V63/><F113/><W87/><G87/><T34/><D114/><U131/><E120/><V15/><F112/><W102/><G102/><T105/><D74/><U76/><E131/><V101/><F101/><W20/><G20/><T100/><D84/><U111/><E111/><V29/><F42/><W28/><G28/><T31/><D100/><U38/><E38/><V86/><F29/><W25/><G25/><T94/><D94/><U30/><E103/><V91/><F86/><W82/><G82/><T12/><D27/><U49/><E22/><V128/><F43/><W0/><G0/><T134/><D24/><U52/><E135/><V57/><F132/><W81/><G81/><T65/><D134/><U54/><E21/><V67/><F133/><W55/><G55/><T96/><D31/><RYUUKYOKU ba="0,1" sc="286,-10,244,-10,307,-10,153,30" hai3="1,6,11,33,35,62,66,68,90,92,97,106,107" /><INIT seed="7,1,1,0,5,56" ten="276,234,297,183" oya="3" hai0="91,8,29,40,75,103,0,108,78,30,12,53,67" hai1="111,5,112,1,22,131,134,14,118,96,115,39,36" hai2="116,64,18,109,11,84,107,79,57,124,105,76,34" hai3="77,98,100,20,44,60,119,31,54,47,87,110,90"/><W7/><G119/><T21/><D108/><U15/><E111/><V120/><F109/><W45/><G110/><T25/><D0/><U89/><E1/><V65/><F34/><W117/><G117/><T73/><D103/><U106/><E134/><V42/><F42/><W132/><G132/><T24/><D78/><U69/><E69/><V121/><F116/><W71/><G77/><N who="2" m="29769" /><F84/><W101/><G7/><T41/><D67/><N who="2" m="25674" /><F57/><N who="3" m="34871" /><G98/><T114/><D53/><U130/><E118/><V123/><F124/><W3/><G71/><T135/><D135/><U6/><E96/><V38/><F38/><N who="1" m="14377" /><E89/><V27/><F11/><W13/><G3/><T95/><D8/><N who="1" m="4367" /><E106/><N who="2" m="40459" /><F18/><N who="3" m="10319" /><G31/><T72/><D30/><U33/><E33/><V122/><F122/><W81/><AGARI ba="1,1" hai="44,45,47,81,87,90,100,101" m="10319,34871" machi="81" ten="30,3000,0" yaku="8,1,52,1" doraHai="56" who="3" fromWho="3" sc="276,-11,234,-11,297,-11,183,43" /><INIT seed="7,2,0,2,3,91" ten="265,223,286,226" oya="3" hai0="134,52,123,107,133,60,35,99,112,117,29,3,69" hai1="64,127,98,42,87,114,76,39,132,110,54,102,128" hai2="95,7,79,84,118,96,105,72,47,122,10,36,34" hai3="67,21,27,115,113,90,77,83,81,63,23,70,6"/><W121/><G121/><T80/><D123/><U106/><E110/><V17/><F17/><W12/><G90/><T88/><D3/><U89/><E127/><V135/><F34/><W116/><G116/><T14/><D117/><U130/><E132/><V74/><F122/><W86/><G81/><T28/><D14/><U101/><E114/><N who="3" m="43530" /><G27/><T38/><D38/><U26/><E102/><V120/><F120/><W41/><G41/><T1/><D1/><U32/><E76/><V108/><F108/><W61/><G61/><T92/><D112/><U131/><E64/><V82/><F118/><W30/><G30/><T100/><D80/><U104/><E54/><V51/><F36/><W73/><G73/><T78/><D78/><U55/><E55/><V25/><F105/><W45/><G45/><T62/><D62/><U43/><E104/><V13/><F25/><W94/><G94/><T49/><D35/><U97/><E39/><V44/><F44/><W11/><AGARI ba="2,0" hai="6,11,12,21,23,63,67,70,77,83,86" m="43530" machi="11" ten="30,1500,0" yaku="15,1" doraHai="91" who="3" fromWho="3" sc="265,-7,223,-7,286,-7,226,21" /><INIT seed="7,3,0,5,2,123" ten="258,216,279,247" oya="3" hai0="89,36,12,116,76,114,52,35,25,115,24,58,39" hai1="135,45,9,129,51,99,121,118,4,69,120,1,2" hai2="127,74,34,125,72,83,81,44,38,7,98,80,15" hai3="55,75,133,66,41,103,95,131,102,119,53,122,0"/><W5/><G122/><T65/><D116/><U94/><E2/><V59/><F34/><W96/><G119/><T56/><D76/><U101/><E118/><V29/><F59/><W40/><G75/><N who="2" m="28713" /><F29/><W132/><G131/><T107/><D107/><U111/><E135/><N who="3" m="51786" /><G66/><T91/><D12/><U32/><E129/><V134/><F134/><W57/><G103/><T47/><D65/><U109/><E32/><V46/><F38/><W106/><G106/><T37/><D35/><U61/><E121/><V130/><F130/><W78/><G78/><T86/><D47/><N who="2" m="17962" /><F98/><W113/><G113/><N who="0" m="43019" /><D58/><U63/><E120/><V31/><F31/><W60/><G55/><T17/><D17/><U62/><REACH who="1" step="1"/><E69/><REACH who="1" ten="258,206,279,247" step="2"/><V108/><F108/><W70/><G70/><T77/><D36/><U85/><E85/><V33/><F33/><W126/><G126/><N who="2" m="48137" /><F15/><W14/><G14/><T22/><D39/><U73/><E73/><V93/><F7/><W82/><G82/><N who="0" m="47439" /><D37/><U19/><E19/><V49/><F93/><W30/><G30/><N who="0" m="17687" /><D25/><U79/><E79/><V3/><F3/><W16/><G16/><T13/><D13/><U124/><E124/><V117/><F117/><W8/><AGARI ba="3,1" hai="0,5,8,40,41,53,57,60,95,96,102" m="51786" machi="8" ten="30,1500,0" yaku="20,1" doraHai="123" who="3" fromWho="3" sc="258,-8,206,-8,279,-8,247,34" /><INIT seed="7,4,0,5,3,122" ten="250,198,271,281" oya="3" hai0="23,64,126,95,7,38,9,49,13,74,89,79,77" hai1="90,25,104,65,135,134,85,94,19,55,118,61,22" hai2="82,43,107,34,84,100,101,39,103,70,30,63,59" hai3="6,99,123,127,81,26,86,45,44,32,76,52,42"/><W50/><G123/><T133/><D38/><U78/><E104/><V8/><F70/><W71/><G71/><T11/><D133/><U18/><E118/><V111/><F111/><W98/><G127/><T75/><D126/><U117/><E117/><V4/><F107/><W130/><G130/><T46/><D64/><U109/><E109/><V62/><F34/><W12/><G32/><T105/><D105/><U106/><E106/><V10/><F30/><W21/><G12/><T40/><D23/><U56/><E18/><V124/><F124/><W15/><G15/><T48/><D74/><U108/><E108/><V120/><F120/><W29/><G6/><T31/><D31/><U125/><E125/><V92/><F63/><W5/><G5/><T37/><D11/><N who="2" m="4138" /><F39/><AGARI ba="4,0" hai="21,26,29,39,42,44,45,50,52,76,81,86,98,99" machi="39" ten="30,2900,0" yaku="7,1,54,1" doraHai="122" who="3" fromWho="2" sc="250,0,198,0,271,-41,281,41" owari="250,5.0,198,-30.0,230,-17.0,322,42.0" /></mjloggm>