<mjloggm ver="2.3"><GO type="169" lobby="0"/><UN n0="%E9%9B%BB%E6%B0%97%E5%B7%A5%E4%BA%8B%E5%B1%8B" n1="%4D%61%74%79%75%69%E2%98%86" n2="%E8%92%BC%E9%B4%89" n3="%E5%AD%90%E4%BE%9B%E4%BC%9A%E5%93%A1" dan="16,18,16,17" rate="2143.13,2257.84,2135.85,2211.58" sx="M,M,M,M"/><TAIKYOKU oya="0"/><INIT seed="0,0,0,3,2,23" ten="250,250,250,250" oya="0" hai0="100,133,69,16,54,76,74,130,21,48,38,111,53" hai1="30,112,114,13,39,18,90,44,86,42,15,101,123" hai2="31,1,104,87,73,47,7,115,117,71,24,12,25" hai3="119,43,89,83,77,29,64,85,3,109,135,105,40"/><T97/><D38/><U98/><E123/><V72/><F104/><W14/><G119/><T50/><D133/><U65/><E65/><V27/><F71/><W102/><G3/><T81/><D69/><U67/><E67/><V122/><F122/><W22/><G135/><T51/><D130/><U99/><E30/><V127/><F117/><W79/><G109/><T66/><D66/><U106/><E98/><V59/><F115/><N who="1" m="44073" /><E18/><V55/><F1/><W41/><G64/><T118/><D111/><U37/><E37/><V70/><F70/><W88/><G89/><T5/><D5/><U91/><E91/><V61/><F127/><W113/><G113/><T20/><D20/><U9/><E9/><V126/><F126/><W63/><G63/><T19/><D19/><U132/><E132/><V108/><F108/><W33/><G33/><T52/><D54/><U26/><E26/><V93/><F31/><W10/><G10/><T94/><REACH who="0" step="1"/><D118/><REACH who="0" ten="240,250,250,250" step="2"/><U56/><E56/><V58/><F58/><W8/><G22/><T17/><D17/><U46/><E46/><V62/><F47/><W116/><G116/><T131/><D131/><U45/><E45/><V60/><F59/><W32/><G32/><T134/><D134/><U35/><E35/><V0/><F55/><W68/><G68/><T34/><D34/><U125/><E125/><V129/><F129/><W103/><G29/><T80/><D80/><AGARI ba="0,1" hai="13,15,39,42,44,80,86,90,99,101,106" m="44073" machi="80" ten="30,1000,0" yaku="11,1" doraHai="23" who="1" fromWho="0" sc="240,-10,250,20,250,0,250,0" /><INIT seed="1,0,0,5,3,49" ten="230,270,250,250" oya="1" hai0="57,88,56,17,37,133,132,55,10,134,74,20,83" hai1="90,2,35,112,104,130,28,45,127,68,48,124,113" hai2="107,121,12,7,40,98,4,0,65,131,114,42,51" hai3="101,8,38,96,111,24,108,99,67,34,1,80,58"/><U91/><E2/><V117/><F121/><W92/><G38/><T39/><D10/><U25/><E68/><V23/><F117/><W32/><G80/><T47/><D47/><U66/><E66/><V71/><F131/><W84/><G84/><N who="0" m="50207" /><D74/><U78/><E104/><V129/><F114/><N who="1" m="44137" /><E78/><V76/><F129/><W105/><G67/><T110/><D110/><N who="3" m="42025" /><G24/><N who="0" m="14351" /><D57/><U18/><E18/><V95/><F107/><W118/><G58/><T62/><AGARI ba="0,0" hai="37,39,55,56,62,132,133,134" m="14351,50207" machi="62" ten="30,4000,0" yaku="20,1,52,1,54,1" doraHai="49" who="0" fromWho="0" sc="230,40,270,-20,250,-10,250,-10" /><INIT seed="2,0,0,2,4,56" ten="270,250,240,240" oya="2" hai0="38,5,129,3,70,39,59,32,54,16,127,47,24" hai1="35,12,125,34,57,33,36,69,100,95,49,31,29" hai2="111,123,48,58,2,105,83,114,115,10,94,109,66" hai3="1,6,43,81,50,41,126,87,27,92,122,93,20"/><V45/><F105/><W40/><G122/><T90/><D70/><U101/><E69/><V30/><F123/><W63/><G126/><T72/><D127/><U102/><E36/><V84/><F30/><N who="3" m="17767" /><G1/><T119/><D72/><U71/><E71/><V44/><F94/><N who="3" m="36459" /><G6/><T82/><D119/><U75/><E75/><V21/><F21/><W19/><G19/><T97/><D5/><U80/><E125/><V89/><F10/><W132/><G132/><T53/><D3/><U22/><E80/><V98/><F2/><W133/><G133/><T91/><D82/><U76/><E76/><V118/><F118/><W4/><G4/><T85/><D32/><U108/><E95/><V99/><F99/><W74/><G74/><T79/><D97/><U15/><E108/><N who="2" m="41547" /><F98/><W7/><G7/><T135/><D135/><U68/><E68/><V64/><F64/><W26/><G26/><T65/><D24/><U104/><E104/><V60/><F44/><N who="3" m="25863" /><G63/><T124/><D124/><U88/><E22/><V18/><F18/><W77/><AGARI ba="0,0" hai="41,43,77,81,87" m="25863,36459,17767" machi="77" ten="30,1100,0" yaku="8,1" doraHai="56" who="3" fromWho="3" sc="270,-3,250,-3,240,-5,240,11" /><INIT seed="3,0,0,3,0,39" ten="267,247,235,251" oya="3" hai0="111,114,126,122,69,63,24,109,135,13,50,120,33" hai1="113,134,68,15,65,119,49,103,130,61,14,48,38" hai2="101,8,44,56,4,43,21,94,121,105,20,106,6" hai3="64,97,116,124,19,55,107,29,45,62,84,17,82"/><W98/><G116/><T34/><D50/><U47/><E113/><V60/><F121/><N who="0" m="46698" /><D63/><U81/><E119/><V128/><F128/><W91/><G124/><T54/><D54/><U108/><E130/><V72/><F72/><W132/><G132/><T131/><D131/><U23/><E134/><V71/><F71/><W117/><G117/><T30/><D69/><U89/><E108/><N who="0" m="41545" /><D135/><U110/><E110/><V51/><F105/><W79/><G107/><T70/><D70/><U118/><E118/><V57/><F106/><W75/><G29/><T52/><D52/><U127/><E38/><V58/><F60/><W115/><G115/><T41/><D114/><U85/><E127/><V42/><F42/><W53/><G75/><T129/><D129/><U104/><E49/><V40/><F40/><W9/><G79/><T25/><D41/><U12/><E103/><V35/><F35/><W0/><G64/><T78/><D78/><U92/><E104/><V11/><F101/><W36/><G62/><T99/><D126/><U90/><E23/><N who="2" m="8779" /><F94/><W95/><G95/><T59/><D59/><U28/><E28/><V80/><F80/><W46/><G36/><T88/><D34/><U22/><E22/><V2/><F2/><W100/><G55/><T73/><D73/><U74/><E74/><V7/><AGARI ba="0,0" hai="4,6,7,8,11,43,44,51,56,57,58" m="8779" machi="7" ten="40,2700,0" yaku="8,1,52,1" doraHai="39" who="2" fromWho="2" sc="267,-7,247,-7,235,27,251,-13" /><INIT seed="4,0,0,3,5,33" ten="260,240,262,238" oya="0" hai0="20,61,3,23,55,89,11,34,108,133,99,97,63" hai1="28,102,132,48,53,2,54,62,64,8,45,72,110" hai2="95,18,113,52,124,16,122,29,114,43,7,123,40" hai3="0,120,37,96,129,15,19,78,5,71,76,125,13"/><T32/><D133/><U105/><E110/><V91/><F7/><W57/><G71/><T36/><D36/><U92/><E72/><V93/><F29/><W39/><G129/><T44/><D108/><U119/><E119/><V25/><F25/><W80/><G125/><T111/><D111/><U27/><E105/><V35/><F35/><W51/><G96/><T82/><D82/><U69/><E132/><V87/><F124/><W9/><G120/><T21/><D44/><U6/><E92/><V30/><F30/><W59/><G15/><T1/><D23/><U47/><E102/><V42/><F52/><W38/><G51/><T134/><D134/><U12/><E12/><V4/><F4/><W56/><REACH who="3" step="1"/><G80/><REACH who="3" ten="260,240,262,228" step="2"/><T84/><D99/><U116/><E116/><V109/><F109/><W135/><G135/><T130/><D97/><U106/><E106/><V68/><F68/><W117/><G117/><T60/><D130/><U115/><E115/><N who="2" m="44043" /><F95/><W94/><G94/><T81/><D81/><U83/><E83/><V66/><F123/><W49/><G49/><T103/><D63/><U131/><E131/><V100/><F122/><W98/><G98/><T67/><D61/><U77/><E77/><V104/><F104/><W126/><G126/><T74/><D60/><U112/><E112/><V101/><F101/><W79/><G79/><T17/><D103/><U127/><E127/><V70/><F100/><W121/><G121/><T88/><D89/><U41/><E47/><V65/><F70/><W85/><G85/><T14/><D84/><U75/><E75/><V107/><F107/><RYUUKYOKU ba="0,1" sc="260,-30,240,10,262,10,228,10" hai1="2,6,8,27,28,41,45,48,53,54,62,64,69" hai2="16,18,40,42,43,65,66,87,91,93" hai3="0,5,9,13,19,37,38,39,56,57,59,76,78" /><INIT seed="5,1,1,5,2,67" ten="230,250,272,238" oya="1" hai0="51,30,127,115,38,107,17,81,48,1,98,105,119" hai1="21,114,57,122,125,134,63,75,128,52,50,80,132" hai2="90,85,2,106,32,42,96,64,39,15,24,71,87" hai3="83,133,56,62,82,104,126,76,34,22,23,86,88"/><U113/><E122/><V89/><F2/><W108/><G108/><T72/><D1/><U26/><E128/><V111/><F15/><W109/><G109/><T7/><D38/><U27/><E125/><V74/><F74/><W3/><G34/><T13/><D7/><U58/><E75/><V5/><F5/><W130/><G3/><T19/><D19/><U99/><E80/><V129/><F129/><W117/><G130/><T53/><D119/><U110/><E99/><V135/><F135/><N who="1" m="51753" /><E110/><V47/><F111/><W40/><G133/><T121/><D127/><U49/><E49/><V25/><F87/><N who="3" m="48583" /><G104/><T93/><D30/><N who="1" m="17743" /><E27/><V33/><F24/><W6/><G126/><T20/><D51/><U100/><E100/><N who="2" m="62727" /><F85/><W112/><G112/><N who="1" m="43114" /><E63/><N who="2" m="40351" /><F33/><W16/><G83/><T18/><D115/><U131/><E131/><V68/><F25/><W65/><G86/><T91/><D121/><U54/><E54/><V36/><F32/><W43/><G62/><T12/><D81/><U78/><E78/><V4/><F36/><W8/><G88/><T73/><D72/><U60/><E60/><V59/><F89/><W120/><G120/><T103/><D91/><U14/><E14/><V9/><F90/><W77/><G77/><T61/><D61/><U79/><E79/><V55/><F39/><W0/><G65/><T44/><REACH who="0" step="1"/><D73/><REACH who="0" ten="220,250,272,238" step="2"/><U118/><E118/><V102/><F102/><W84/><G117/><T41/><D41/><U66/><E66/><V46/><F42/><W37/><G43/><T28/><D28/><U97/><E97/><V29/><F29/><W124/><G37/><RYUUKYOKU ba="1,2" sc="220,15,250,15,272,-15,238,-15" hai0="12,13,17,18,20,44,48,53,93,98,103,105,107" hai1="50,52,57,58" /><INIT seed="5,2,2,3,4,73" ten="235,265,257,223" oya="1" hai0="65,40,33,4,44,130,76,80,110,3,128,99,74" hai1="108,105,66,122,103,32,126,11,85,1,35,23,17" hai2="27,20,26,39,131,10,21,54,52,25,129,117,0" hai3="94,106,60,119,58,120,104,127,22,29,100,57,15"/><U125/><E122/><V96/><F39/><W49/><G120/><T75/><D65/><U53/><E108/><V87/><F96/><N who="3" m="59415" /><G106/><T63/><D63/><U24/><E66/><V81/><F117/><W124/><G104/><T83/><D99/><N who="1" m="61695" /><E53/><N who="2" m="20587" /><F0/><W84/><G119/><T43/><D33/><U133/><E133/><V6/><F6/><W47/><G60/><T102/><D102/><U68/><E68/><V91/><F10/><W48/><G84/><T19/><D19/><U132/><E132/><V92/><F92/><W16/><G29/><T67/><D67/><U12/><E85/><V113/><F113/><W8/><G8/><N who="0" m="2079" /><D110/><U135/><E135/><V98/><F98/><W36/><G36/><N who="0" m="21511" /><D43/><U101/><E101/><V41/><F41/><N who="3" m="24687" /><G49/><T5/><D5/><N who="1" m="1455" /><E35/><V70/><F70/><W42/><G42/><T62/><D62/><U30/><AGARI ba="2,2" hai="12,17,23,24,30,32,125,126" m="1455,61695" machi="30" ten="30,1500,0" yaku="24,1" doraHai="73" who="1" fromWho="1" sc="235,-7,265,41,257,-7,223,-7" /><INIT seed="5,3,0,1,3,9" ten="228,306,250,216" oya="1" hai0="37,83,23,32,128,62,66,126,123,8,112,24,36" hai1="51,114,129,125,68,92,21,63,110,70,69,54,34" hai2="104,131,94,96,107,1,115,38,27,47,108,13,75" hai3="95,71,30,79,132,7,133,61,29,120,11,106,121"/><U40/><E34/><V10/><F108/><W25/><G106/><T116/><D116/><U48/><E110/><V60/><F75/><W41/><G79/><T2/><D123/><N who="3" m="47177" /><G41/><T77/><D112/><U31/><E114/><V12/><F27/><W105/><G105/><T78/><D78/><U43/><E92/><V0/><F115/><W117/><G95/><T88/><D32/><U65/><E21/><V20/><F20/><N who="3" m="15527" /><G61/><T113/><D113/><U39/><E31/><V98/><F60/><W33/><G71/><N who="1" m="27210" /><E129/><V17/><F131/><W91/><G91/><T45/><D128/><U6/><E6/><V53/><F107/><W73/><G73/><T101/><D101/><U122/><E122/><V102/><F98/><W50/><G50/><N who="1" m="18986" /><E125/><V44/><F104/><W109/><G109/><T56/><D126/><U97/><E97/><V84/><F84/><W81/><G81/><T57/><D77/><U4/><E4/><V82/><F82/><W87/><G87/><T19/><D83/><U89/><E89/><V80/><F80/><W76/><G76/><T35/><D88/><U67/><E65/><V46/><F102/><W18/><G18/><T15/><D35/><U14/><E39/><V103/><F38/><W93/><G93/><T64/><D37/><U90/><E90/><V86/><F86/><W52/><G33/><T3/><D36/><U26/><E54/><V111/><F53/><W127/><G52/><T55/><D8/><U72/><E72/><V74/><F74/><W118/><G127/><T42/><D55/><U135/><E43/><V49/><F111/><RYUUKYOKU ba="3,0" sc="228,0,306,0,250,0,216,0" /><INIT seed="6,4,0,5,3,98" ten="228,306,250,216" oya="2" hai0="77,32,60,70,27,88,128,3,50,72,11,0,7" hai1="15,35,17,112,24,116,63,58,68,101,103,127,130" hai2="29,6,85,44,84,61,4,73,81,131,56,23,97" hai3="96,104,133,40,117,21,94,76,36,126,62,65,129"/><V55/><F131/><W75/><G117/><T37/><D128/><U99/><E116/><V9/><F73/><W106/><G129/><T66/><D50/><U1/><E130/><V43/><F97/><W2/><G2/><N who="0" m="503" /><D88/><U54/><E1/><N who="0" m="585" /><D27/><U91/><E68/><V30/><F85/><W132/><G126/><T67/><D67/><U48/><E127/><V52/><F55/><W110/><G110/><T113/><D113/><U90/><E112/><V39/><F9/><W59/><G21/><T124/><D124/><U14/><E91/><V83/><F23/><W18/><G18/><T69/><D69/><U13/><E35/><V123/><F81/><N who="3" m="45215" /><G40/><T22/><D22/><N who="1" m="13391" /><E48/><V19/><F19/><W109/><G109/><T135/><D135/><N who="3" m="51785" /><G36/><T53/><D53/><U105/><E105/><V95/><F83/><W33/><G33/><T122/><D122/><U79/><E79/><V82/><F123/><W92/><G92/><AGARI ba="4,0" hai="13,14,15,54,58,63,90,92,99,101,103" m="13391" machi="92" ten="30,7700,0" yaku="25,1,8,1,52,2" doraHai="98" who="1" fromWho="3" sc="228,0,306,89,250,0,216,-89" /><INIT seed="7,0,0,0,0,132" ten="228,395,250,127" oya="3" hai0="41,12,77,129,86,13,110,45,47,19,96,82,58" hai1="44,3,90,113,76,130,63,40,108,65,23,81,17" hai2="73,2,100,79,6,53,31,135,64,26,68,33,126" hai3="99,109,119,59,21,124,56,75,112,128,35,95,107"/><W34/><G119/><T61/><D129/><U5/><E108/><V48/><F135/><W114/><G107/><T78/><D110/><U125/><E90/><V85/><F73/><W30/><G75/><T71/><D71/><U93/><E93/><V104/><F2/><W42/><G109/><T105/><D105/><U16/><E113/><N who="3" m="43626" /><G42/><T80/><D96/><U117/><E17/><V39/><F39/><W55/><G128/><T49/><D47/><U43/><E44/><V94/><F104/><W25/><G124/><T10/><D13/><U29/><E125/><V27/><F126/><W84/><G84/><T11/><D11/><U0/><E0/><V57/><F85/><W102/><G59/><T36/><D36/><U103/><E3/><V131/><F57/><W121/><G121/><T60/><D58/><U18/><E43/><V62/><F68/><W51/><AGARI ba="0,0" hai="21,25,30,34,35,51,55,56,95,99,102" m="43626" machi="51" ten="30,1500,0" yaku="15,1" doraHai="132" who="3" fromWho="3" sc="228,-5,395,-5,250,-5,127,15" /><INIT seed="7,1,0,2,1,127" ten="223,390,245,142" oya="3" hai0="114,12,35,46,25,55,67,44,77,123,47,56,58" hai1="17,85,129,2,61,135,36,37,105,13,69,88,4" hai2="64,19,41,100,34,89,3,6,20,112,59,132,60" hai3="92,90,82,81,57,74,125,16,29,130,91,53,22"/><W133/><G133/><T32/><D123/><U52/><E105/><V97/><F34/><W39/><G39/><T109/><D109/><U95/><E135/><V23/><F112/><W106/><G106/><T99/><D114/><U122/><E122/><V14/><F41/><W63/><G125/><T80/><D67/><U62/><E62/><V111/><F111/><W128/><G29/><T38/><D38/><U117/><E4/><V0/><F89/><N who="3" m="33803" /><G92/><T65/><D99/><U134/><E2/><V45/><F132/><W126/><G74/><T107/><D107/><U54/><E69/><V26/><F3/><W68/><G68/><T75/><D25/><U28/><E28/><V79/><F0/><W42/><G42/><T98/><D98/><U110/><E110/><V49/><F97/><W131/><G126/><T7/><D65/><U9/><E117/><V83/><F100/><W48/><G48/><T1/><D1/><U8/><E95/><V103/><F103/><W40/><G40/><T72/><D72/><U10/><E85/><V102/><F102/><W108/><G108/><T101/><D101/><U87/><E87/><V51/><F51/><W86/><G86/><N who="0" m="48399" /><D55/><U84/><E52/><V33/><F49/><W15/><AGARI ba="1,0" hai="15,16,22,53,57,63,81,82,128,130,131" m="33803" machi="15" ten="40,12000,1" yaku="19,1,52,3,54,1" doraHai="127" who="3" fromWho="3" sc="223,-41,390,-41,245,-41,142,123" /><INIT seed="7,2,0,3,5,123" ten="182,349,204,265" oya="3" hai0="3,32,56,48,25,47,117,120,63,7,74,30,8" hai1="50,87,85,70,113,98,27,42,101,76,62,51,135" hai2="75,37,59,118,104,93,5,35,119,17,44,68,105" hai3="94,23,100,134,16,15,11,46,49,127,78,112,29"/><W109/><G112/><T21/><D120/><U66/><E113/><V79/><F68/><W24/><G127/><T28/><D117/><U99/><E135/><V89/><F35/><W58/><G134/><T125/><D74/><U116/><E116/><V124/><F124/><W26/><G109/><T129/><D125/><U2/><E2/><V90/><F119/><W83/><G58/><T97/><D129/><U122/><E122/><V82/><F5/><W40/><G26/><T57/><D30/><U103/><E76/><V72/><F59/><W115/><G115/><T13/><D97/><U106/><E27/><V128/><F118/><W0/><G0/><T53/><D63/><U81/><E42/><V34/><F34/><W73/><G94/><T65/><D65/><U52/><E81/><V61/><F128/><W92/><G92/><T43/><D43/><U41/><E41/><N who="2" m="22575" /><F72/><W14/><G100/><T33/><D33/><U77/><E77/><V88/><F61/><W9/><REACH who="3" step="1"/><G15/><REACH who="3" ten="182,349,204,255" step="2"/><T108/><D108/><U10/><E103/><V102/><F102/><W86/><G86/><T114/><D114/><U131/><E87/><V130/><F130/><W1/><G1/><T107/><D107/><N who="2" m="41034" /><F93/><W12/><G12/><T36/><D36/><U18/><E85/><V84/><F84/><W64/><G64/><T19/><AGARI ba="2,1" hai="3,7,8,13,19,21,25,28,32,47,48,53,56,57" machi="19" ten="30,4000,0" yaku="0,1,24,2" doraHai="123" who="0" fromWho="0" sc="182,56,349,-12,204,-12,255,-22" owari="238,4.0,337,44.0,192,-31.0,233,-17.0" /></mjloggm>