<mjloggm ver="2.3"><GO type="169" lobby="0"/><UN n0="%E3%82%A4%E3%83%B3%E3%82%B6%E3%83%BC%E3%82%AE%CE%B1" n1="%E3%82%AB%E3%83%A9%E3%82%B9%E3%81%AE%E5%AD%90" n2="%EF%BC%93%EF%BD%90%E3%81%8C%E3%83%84%E3%83%A2%E3%82%8C%E3%81%AA%E3%81%84" n3="%6E%61%6F%68%69%72%6F%EF%BD%8B" dan="16,16,17,17" rate="2082.85,2098.95,2230.30,2123.09" sx="M,M,M,M"/><TAIKYOKU oya="0"/><INIT seed="0,0,0,1,4,122" ten="250,250,250,250" oya="0" hai0="83,48,15,81,23,59,119,93,30,12,16,50,127" hai1="98,33,135,90,11,132,64,94,13,100,42,69,79" hai2="9,95,126,45,37,58,121,71,41,22,66,116,46" hai3="65,32,70,106,128,89,112,2,113,63,111,54,8"/><T62/><D119/><U29/><E33/><V109/><F121/><W134/><G134/><N who="1" m="51242" /><E29/><V123/><F123/><W34/><G128/><T87/><D127/><U1/><E79/><V56/><F126/><W125/><G125/><T68/><D68/><U51/><E1/><V85/><F9/><W19/><G54/><N who="0" m="34167" /><D30/><U26/><E26/><V86/><F22/><W44/><G89/><N who="0" m="53439" /><D15/><U18/><E64/><V0/><F66/><W120/><G120/><T131/><D131/><U27/><E27/><V74/><F0/><W105/><G113/><T92/><D92/><U20/><E69/><V53/><F71/><W72/><G112/><T52/><D50/><U28/><E28/><V73/><F116/><W84/><G70/><T3/><D3/><U40/><E51/><V78/><F78/><W6/><G2/><T60/><D60/><U38/><E38/><V107/><F37/><W91/><G63/><T129/><D129/><U39/><E39/><V10/><F73/><W133/><G72/><T47/><AGARI ba="0,0" hai="12,16,23,47,48,52,81,83" m="53439,34167" machi="47" ten="30,6000,0" yaku="8,1,54,2" doraHai="122" who="0" fromWho="0" sc="250,60,250,-20,250,-20,250,-20" /><INIT seed="0,1,0,3,0,70" ten="310,230,230,230" oya="0" hai0="10,86,123,74,18,126,96,90,17,80,108,31,22" hai1="40,100,72,25,84,73,28,92,43,115,83,26,88" hai2="42,63,85,44,6,91,1,68,119,81,16,107,0" hai3="94,133,59,9,129,118,12,64,54,55,128,56,89"/><T24/><D123/><U13/><E115/><V15/><F107/><W52/><G118/><T103/><D126/><U102/><E72/><V131/><F6/><N who="3" m="3127" /><G133/><T27/><D74/><U110/><E110/><V23/><F119/><W57/><G64/><T76/><D108/><U95/><E26/><V134/><F134/><W93/><G89/><T51/><D51/><U53/><E95/><V2/><F131/><N who="3" m="50251" /><G94/><N who="0" m="58775" /><D27/><U33/><E102/><V14/><F14/><W82/><G93/><T61/><D61/><U32/><E32/><V117/><F117/><W121/><G82/><T77/><D10/><U62/><E13/><V3/><F3/><W38/><G121/><T78/><AGARI ba="1,0" hai="17,18,22,24,31,76,77,78,80,86,90" m="58775" machi="78" ten="30,1500,0" yaku="8,1" doraHai="70" who="0" fromWho="0" sc="310,18,230,-6,230,-6,230,-6" /><INIT seed="0,2,0,0,0,38" ten="328,224,224,224" oya="0" hai0="13,89,42,44,135,49,102,3,4,2,100,77,61" hai1="120,67,70,117,22,83,90,123,134,72,82,66,8" hai2="125,33,88,116,103,63,106,7,86,21,51,114,118" hai3="65,16,6,25,64,109,81,73,94,105,107,79,56"/><T32/><D32/><U101/><E117/><V58/><F33/><W46/><G109/><T50/><D135/><U20/><E134/><V75/><F114/><W95/><G6/><T27/><D27/><U113/><E101/><V17/><F75/><W53/><G107/><T131/><D131/><U5/><E72/><V37/><F37/><W26/><G105/><T91/><D61/><U97/><E97/><V124/><F7/><W14/><G26/><T87/><D2/><U110/><E110/><V80/><F51/><W36/><G25/><T52/><D3/><U99/><E99/><N who="2" m="61823" /><F17/><W132/><G132/><T122/><D122/><U47/><E5/><V30/><F21/><W57/><G57/><N who="0" m="32911" /><D102/><U43/><E70/><V29/><F29/><W127/><G65/><T115/><D100/><U78/><E8/><V69/><F30/><W62/><G127/><N who="2" m="48713" /><F69/><W60/><G36/><T74/><D74/><U40/><E47/><V11/><F11/><W59/><REACH who="3" step="1"/><G46/><REACH who="3" ten="328,224,224,214" step="2"/><T48/><D115/><U130/><E113/><V34/><F34/><W126/><G126/><T93/><D4/><U121/><E121/><V19/><F19/><W84/><G84/><T39/><D87/><U41/><E123/><V18/><F18/><W108/><G108/><T133/><D133/><U55/><E120/><V92/><F80/><W111/><G111/><T112/><D39/><U35/><E82/><V85/><F86/><W28/><G28/><T119/><D112/><U54/><E83/><V31/><F31/><W76/><G76/><T96/><D77/><U71/><E78/><V104/><F104/><RYUUKYOKU ba="2,1" sc="328,-15,224,-15,224,15,214,15" hai2="58,63,85,88,92,116,118" hai3="14,16,53,56,59,60,62,64,73,79,81,94,95" /><INIT seed="1,3,1,2,0,31" ten="313,209,239,229" oya="1" hai0="94,13,5,61,127,83,133,79,77,101,24,17,117" hai1="8,19,69,62,33,53,131,97,109,14,25,34,50" hai2="55,105,82,112,21,18,86,107,49,78,93,102,126" hai3="58,116,125,115,99,84,29,104,28,15,3,91,123"/><U22/><E131/><V70/><F70/><W120/><G115/><T60/><D117/><U38/><E38/><V135/><F112/><W74/><G125/><T75/><D127/><U71/><E109/><V16/><F126/><W30/><G116/><T6/><D79/><U56/><E97/><V76/><F76/><W52/><G74/><T100/><D133/><U128/><E128/><V111/><F111/><W63/><G3/><T32/><D101/><U27/><E25/><V23/><F135/><W66/><G15/><T36/><D36/><U106/><E106/><V47/><F93/><W130/><G130/><T37/><D37/><U59/><E69/><V72/><F72/><W80/><REACH who="3" step="1"/><G66/><REACH who="3" ten="313,209,239,219" step="2"/><T108/><D13/><U7/><REACH who="1" step="1"/><E71/><REACH who="1" ten="313,199,239,219" step="2"/><V11/><F105/><W40/><G40/><T65/><D108/><U43/><E43/><V124/><F124/><W113/><G113/><T118/><D118/><U96/><E96/><V41/><F41/><W122/><G122/><T26/><D24/><U119/><E119/><V67/><F107/><W39/><G39/><T64/><D26/><U9/><E9/><V81/><F11/><W54/><G54/><AGARI ba="3,3" hai="7,8,14,19,22,27,33,34,50,53,54,56,59,62" machi="54" ten="30,11600,0" yaku="1,1,7,1,52,2,53,0" doraHai="31" doraHaiUra="134" who="1" fromWho="3" sc="313,0,199,155,239,0,219,-125" /><INIT seed="1,4,0,2,2,53" ten="313,354,239,94" oya="1" hai0="66,8,19,24,20,94,133,98,126,61,45,93,34" hai1="131,95,15,23,36,65,60,7,52,9,12,124,82" hai2="50,64,96,16,1,42,79,113,129,119,87,71,135" hai3="14,69,38,4,74,55,72,118,109,83,67,89,125"/><U132/><E36/><V39/><F119/><W33/><G109/><T115/><D115/><U88/><E124/><V105/><F1/><W54/><G125/><T25/><D126/><U32/><E32/><V80/><F39/><W37/><G118/><T63/><D133/><U121/><E121/><V128/><F135/><W112/><G112/><T13/><D45/><U86/><E132/><V29/><F113/><W91/><G33/><T56/><D63/><U11/><E131/><V22/><F29/><W31/><G31/><T73/><D73/><U0/><E23/><V18/><F42/><W5/><G14/><T107/><D107/><U103/><E65/><V130/><F50/><W6/><G67/><T75/><D75/><U134/><E134/><V57/><F71/><W114/><G6/><T43/><D43/><U122/><E122/><V46/><F46/><W100/><G114/><T127/><D127/><U3/><E3/><V2/><F2/><W92/><G92/><T123/><D123/><U40/><E40/><V90/><F22/><W120/><G100/><T85/><D34/><U62/><E0/><V111/><F111/><W47/><G120/><T30/><D85/><U106/><E106/><V26/><F26/><W10/><G69/><T76/><D25/><U81/><E103/><N who="2" m="62695" /><F79/><W78/><G78/><T68/><D76/><U97/><E62/><AGARI ba="4,0" hai="16,18,57,62,64,80,87,90,128,129,130" m="62695" machi="62" ten="30,3900,0" yaku="19,1,52,1,54,1" doraHai="53" who="2" fromWho="1" sc="313,0,354,-51,239,51,94,0" /><INIT seed="2,0,0,4,2,69" ten="313,303,290,94" oya="2" hai0="126,5,106,119,57,28,117,120,90,118,92,7,75" hai1="49,36,31,11,4,55,63,15,25,95,17,131,10" hai2="24,12,78,132,127,32,34,108,3,18,72,47,6" hai3="27,122,8,46,111,115,1,13,116,88,65,0,77"/><V48/><F127/><W134/><G111/><T110/><D120/><U80/><E131/><V37/><F132/><W74/><G116/><T73/><D106/><U29/><E36/><V76/><F108/><W100/><G122/><T64/><D110/><U9/><E63/><V58/><F58/><W59/><G134/><T102/><D102/><U104/><E104/><V44/><F44/><W33/><G115/><T135/><D28/><U41/><E41/><N who="2" m="22959" /><F48/><W16/><G100/><T96/><D126/><U2/><E10/><N who="2" m="2399" /><F78/><W130/><G46/><T40/><D40/><U39/><E39/><V42/><F24/><W35/><G27/><T101/><D135/><U26/><E26/><V84/><F84/><W66/><G59/><T60/><D101/><U123/><E123/><V109/><F42/><W98/><G77/><T62/><D62/><U56/><E25/><V53/><F53/><W50/><G50/><T114/><D114/><U97/><REACH who="1" step="1"/><E80/><REACH who="1" ten="313,293,290,94" step="2"/><N who="2" m="45063" /><F109/><W19/><G8/><AGARI ba="0,1" hai="8,12,18,32,34" m="45063,2399,22959" machi="8" ten="30,2900,0" yaku="25,1,52,1" doraHai="69" who="2" fromWho="3" sc="313,0,293,0,290,39,94,-29" /><INIT seed="2,1,0,2,0,76" ten="313,293,329,65" oya="2" hai0="101,122,72,30,68,17,0,119,38,9,121,8,2" hai1="13,48,134,64,108,127,24,73,19,47,120,82,107" hai2="42,131,10,32,102,124,123,16,117,1,67,89,135" hai3="22,93,40,94,125,33,26,56,18,87,11,61,83"/><V20/><F117/><W5/><G125/><T59/><D68/><U14/><E127/><V50/><F124/><W12/><G40/><T39/><D119/><U114/><E114/><V92/><F123/><W46/><G46/><T97/><D72/><U95/><E108/><V100/><F32/><W7/><G33/><T71/><D71/><U91/><E120/><V104/><F104/><W23/><G7/><T78/><D78/><U106/><E134/><V115/><F115/><W63/><G23/><T105/><D59/><U37/><E37/><V80/><F135/><W57/><G57/><T65/><D65/><U109/><E109/><V132/><F132/><W49/><G49/><T129/><D17/><U75/><E107/><V6/><F67/><W60/><REACH who="3" step="1"/><G56/><REACH who="3" ten="313,293,329,55" step="2"/><T103/><D122/><U111/><E48/><V54/><F42/><W70/><G70/><T133/><D121/><U126/><E47/><V35/><F35/><W27/><G27/><T116/><D133/><U96/><E24/><V113/><F50/><W90/><AGARI ba="1,1" hai="5,11,12,18,22,26,60,61,63,83,87,90,93,94" machi="90" ten="30,7900,0" yaku="1,1,0,1,8,1,52,1,53,0" doraHai="76" doraHaiUra="99" who="3" fromWho="3" sc="313,-21,293,-21,329,-40,55,92" /><INIT seed="3,0,0,2,5,26" ten="292,272,289,147" oya="3" hai0="80,61,63,57,42,117,134,101,124,122,81,10,44" hai1="125,95,35,24,2,87,131,113,123,73,25,4,116" hai2="92,130,82,28,62,34,7,109,50,106,65,67,39" hai3="88,70,17,55,31,20,19,100,38,1,37,105,40"/><W71/><G1/><T112/><D122/><U49/><E123/><V94/><F39/><W54/><G105/><T23/><D117/><U119/><E113/><V32/><F109/><W53/><G100/><T12/><D112/><U89/><E125/><V115/><F130/><W11/><G11/><T72/><D124/><U51/><E131/><V110/><F110/><W5/><G5/><T96/><D23/><U77/><E25/><V18/><F7/><W59/><G59/><T60/><D57/><U85/><E73/><V69/><F65/><W74/><G74/><T0/><D0/><U8/><E77/><V30/><F115/><W76/><G76/><T36/><D72/><U9/><E85/><V13/><F106/><W56/><G56/><T120/><D120/><U111/><E9/><V114/><F114/><W97/><G38/><T15/><D15/><U78/><E78/><V14/><F82/><W128/><G128/><T47/><D47/><U91/><E89/><V121/><F121/><W135/><G135/><T43/><D43/><U90/><E90/><V22/><F13/><W132/><G132/><T6/><D134/><U58/><E58/><V33/><REACH who="2" step="1"/><F50/><REACH who="2" ten="292,272,279,147" step="2"/><W3/><G37/><T29/><D81/><U86/><E111/><V21/><F21/><W107/><G107/><N who="0" m="63911" /><D80/><U64/><E51/><V99/><F99/><W46/><G97/><T108/><D108/><U98/><E49/><V45/><F45/><W79/><G46/><T27/><D63/><U129/><E64/><V126/><F126/><W48/><G48/><T118/><D118/><N who="1" m="45099" /><E129/><V66/><F66/><RYUUKYOKU ba="0,1" sc="292,10,272,10,279,10,147,-30" hai0="6,10,12,27,29,36,42,44,60,61" hai1="2,4,8,24,35,86,87,91,95,98" hai2="14,18,22,28,30,32,33,34,62,67,69,92,94" /><INIT seed="4,1,1,5,2,47" ten="302,282,289,117" oya="0" hai0="61,40,124,120,68,16,106,5,54,50,11,41,34" hai1="90,119,55,9,135,26,51,32,45,78,44,80,117" hai2="74,49,99,35,70,46,6,131,111,87,69,83,14" hai3="53,104,123,108,100,60,89,94,91,38,101,13,122"/><T1/><D120/><N who="3" m="46121" /><G38/><T62/><D34/><U121/><E121/><V36/><F111/><W30/><G30/><T109/><D106/><U113/><E135/><V63/><F35/><W133/><G13/><T17/><D109/><U66/><E113/><V130/><F74/><W39/><G39/><T33/><D33/><U81/><E66/><V28/><F28/><W93/><G108/><T102/><D102/><N who="3" m="39529" /><G53/><T10/><D124/><U24/><E32/><V82/><F36/><W43/><G60/><N who="0" m="23147" /><D68/><U18/><E119/><V88/><F63/><W37/><G43/><N who="0" m="16459" /><D1/><U31/><E117/><V97/><F70/><W110/><G37/><T95/><D95/><N who="3" m="36361" /><G110/><T76/><D5/><U22/><E31/><V23/><F69/><W56/><G56/><N who="0" m="32855" /><D11/><U2/><E9/><V71/><F71/><W84/><G104/><T125/><D125/><U15/><E2/><V73/><F6/><W128/><G133/><T115/><D115/><U52/><E26/><V29/><F29/><W59/><G84/><T86/><D10/><U12/><E24/><V25/><F25/><W96/><G59/><T85/><D85/><N who="1" m="50471" /><E12/><V79/><F14/><W118/><G118/><T112/><D112/><U21/><E15/><V27/><F27/><W77/><G77/><T7/><D7/><U4/><E4/><V65/><F65/><W3/><G3/><T127/><D127/><U126/><E126/><V107/><F107/><W0/><G0/><T20/><D20/><U116/><E116/><V19/><F23/><W132/><G132/><T92/><D76/><U48/><E18/><V64/><F19/><RYUUKYOKU ba="1,1" sc="302,15,282,15,289,-15,117,-15" hai0="16,17,86,92" hai1="21,22,44,45,48,51,52,55,78,81" /><INIT seed="4,2,1,5,2,82" ten="317,297,274,102" oya="0" hai0="36,56,20,107,123,35,104,69,109,133,88,65,99" hai1="76,77,93,98,54,48,23,72,40,90,134,70,105" hai2="67,24,62,29,60,51,92,119,61,39,129,43,113" hai3="127,75,87,33,112,2,10,91,86,81,26,5,57"/><T121/><D35/><U100/><E70/><V58/><F113/><W8/><G112/><T132/><D109/><U55/><E134/><N who="0" m="51817" /><D36/><U103/><E72/><V124/><F124/><W126/><G75/><T17/><D69/><U68/><E68/><V16/><F129/><W115/><G115/><T18/><D56/><U14/><E105/><N who="0" m="40521" /><D65/><U111/><E111/><V120/><F39/><W9/><G57/><T22/><D99/><U108/><E108/><V7/><F58/><W47/><G47/><T19/><D88/><U114/><E114/><V1/><F67/><W4/><G26/><T116/><D116/><U45/><E55/><V21/><F24/><W50/><G50/><T122/><AGARI ba="2,1" hai="17,18,19,20,22,121,122,123" m="40521,51817" machi="122" ten="50,9600,0" yaku="28,2,20,1" doraHai="82" who="0" fromWho="0" sc="317,112,297,-34,274,-34,102,-34" /><INIT seed="4,3,0,0,5,23" ten="429,263,240,68" oya="0" hai0="82,121,50,3,114,67,89,42,62,91,71,77,88" hai1="90,112,19,9,133,103,4,28,6,56,116,32,109" hai2="106,59,98,118,15,1,69,113,31,68,34,101,49" hai3="94,129,18,122,54,35,73,51,128,57,132,66,78"/><T108/><D3/><U5/><E116/><V72/><F1/><W48/><G132/><T29/><D121/><U20/><E109/><V119/><F72/><W135/><G135/><T12/><D108/><U16/><E133/><V44/><F59/><W134/><G134/><T46/><D114/><U65/><E112/><V102/><F102/><W25/><G122/><T26/><D12/><N who="1" m="7183" /><E32/><V95/><F113/><W30/><G66/><T92/><D92/><U58/><E103/><V45/><F106/><W83/><G94/><T111/><D111/><U115/><E115/><V0/><F0/><W96/><G96/><T80/><REACH who="0" step="1"/><D77/><REACH who="0" ten="419,263,240,68" step="2"/><U117/><E117/><V61/><F15/><W84/><G129/><T127/><D127/><U74/><E4/><V130/><F130/><W125/><G128/><T100/><D100/><U131/><E5/><V75/><F119/><W110/><G125/><T21/><AGARI ba="3,1" hai="21,26,29,42,46,50,62,67,71,80,82,88,89,91" machi="21" ten="30,11700,0" yaku="1,1,0,1,52,1,54,1,53,0" doraHai="23" doraHaiUra="14" who="0" fromWho="0" sc="419,136,263,-42,240,-42,68,-42" /><INIT seed="4,4,0,1,0,117" ten="555,221,198,26" oya="0" hai0="87,32,92,115,73,16,64,74,69,116,100,7,3" hai1="85,89,51,104,101,72,31,114,122,63,121,40,57" hai2="24,67,71,90,83,111,124,34,128,11,130,102,33" hai3="103,41,44,61,58,94,97,109,123,50,78,22,118"/><T108/><D116/><U28/><E72/><V55/><F111/><W106/><G109/><T15/><D32/><U126/><E104/><V96/><F124/><W47/><G118/><T132/><D108/><U68/><E101/><V125/><F125/><W134/><G134/><T0/><D132/><U110/><E110/><V113/><F113/><W95/><G123/><T45/><D115/><U105/><E126/><V25/><F11/><W56/><G78/><T127/><D127/><U17/><E105/><N who="2" m="63687" /><F55/><W29/><G47/><T26/><D45/><U42/><E68/><V53/><F53/><W98/><G61/><T80/><D64/><U2/><E2/><V65/><F90/><N who="3" m="55511" /><G106/><T18/><D69/><U5/><E5/><V77/><F33/><W14/><G14/><T81/><D15/><U88/><E114/><V13/><F13/><W112/><G112/><T36/><D26/><AGARI ba="4,0" hai="22,26,29,41,44,50,56,58,95,98,103" m="55511" machi="26" ten="30,1000,0" yaku="8,1" doraHai="117" who="3" fromWho="0" sc="555,-22,221,0,198,0,26,22" /><INIT seed="5,0,0,0,3,46" ten="533,221,198,48" oya="1" hai0="122,124,93,58,40,82,70,119,78,98,9,53,67" hai1="115,80,73,54,15,103,66,125,94,27,83,50,135" hai2="2,87,86,106,61,57,134,88,41,30,48,116,81" hai3="60,28,100,31,32,114,18,24,127,104,113,14,126"/><U72/><E72/><V43/><F116/><W109/><G104/><T62/><D119/><U22/><E115/><N who="3" m="44042" /><G100/><T33/><D33/><U35/><E35/><V68/><F2/><W13/><G60/><T17/><D40/><U120/><E120/><V19/><F106/><W45/><G45/><T20/><D9/><U121/><E121/><V117/><F117/><W37/><G37/><T133/><D124/><N who="3" m="47657" /><G109/><T96/><D122/><U85/><E125/><V107/><F107/><W105/><G105/><T0/><D70/><U44/><E73/><V92/><F68/><W5/><G31/><T39/><D39/><U64/><E135/><V21/><F134/><W91/><G91/><T110/><D62/><U6/><E103/><V99/><F30/><W118/><G118/><T42/><D67/><N who="1" m="25643" /><E94/><V51/><F41/><W29/><G29/><T108/><D42/><U131/><E85/><N who="2" m="32267" /><F43/><W52/><G52/><T65/><D53/><U3/><E83/><V10/><F81/><W97/><G97/><T36/><D82/><U79/><E80/><V90/><F90/><W7/><G14/><T4/><D98/><U132/><E15/><N who="2" m="7671" /><F61/><W23/><AGARI ba="0,0" hai="5,7,13,18,23,24,28,32" m="47657,44042" machi="23" ten="30,7900,0" yaku="15,1,18,1,34,2" doraHai="46" who="3" fromWho="3" sc="533,-20,221,-39,198,-20,48,79" /><INIT seed="6,0,0,2,2,83" ten="513,182,178,127" oya="2" hai0="2,8,123,107,65,55,75,44,36,46,91,126,111" hai1="116,92,133,25,27,61,23,11,89,93,3,100,1" hai2="135,37,102,47,68,45,63,20,98,121,35,49,104" hai3="96,70,48,81,51,94,21,6,10,29,132,90,95"/><V124/><F121/><W84/><G132/><T108/><D123/><U15/><E116/><V67/><F135/><W87/><G70/><T18/><D107/><U42/><E133/><V13/><F124/><W134/><G134/><T4/><D65/><U103/><E3/><V77/><F37/><W78/><G29/><T127/><D18/><N who="1" m="8575" /><E1/><V85/><F49/><W88/><G21/><T80/><D91/><U79/><E79/><V28/><F13/><AGARI ba="0,0" hai="6,10,13,48,51,78,81,84,87,88,90,94,95,96" machi="13" ten="30,8000,1" yaku="7,1,8,1,52,2,54,1" doraHai="83" who="3" fromWho="2" sc="513,0,182,0,178,-80,127,80" /><INIT seed="7,0,0,5,1,109" ten="513,182,98,207" oya="3" hai0="59,113,57,5,117,134,125,30,14,7,34,126,99" hai1="37,49,46,112,94,40,42,4,39,21,13,6,98" hai2="129,124,41,95,20,118,87,123,15,32,52,69,10" hai3="67,9,86,78,101,54,66,61,27,19,18,80,12"/><W26/><G101/><T111/><D117/><U36/><E40/><V48/><F118/><W76/><G76/><T102/><D111/><U106/><E106/><V128/><F32/><W90/><G90/><T28/><D134/><U35/><E35/><V104/><F104/><W74/><G74/><T51/><D51/><U11/><E21/><V31/><F69/><W33/><G33/><T93/><D113/><U131/><E131/><V96/><F41/><W38/><G38/><T45/><D45/><U72/><E72/><V135/><F135/><W119/><G119/><T120/><D120/><U92/><E112/><V64/><F64/><N who="3" m="24619" /><G19/><T121/><D121/><U116/><E116/><V108/><F108/><W132/><G132/><T0/><D0/><U130/><E130/><V77/><F124/><N who="0" m="47722" /><D34/><U22/><E22/><V83/><F123/><W105/><G105/><T3/><D3/><U58/><E58/><AGARI ba="0,0" hai="9,12,18,26,27,54,58,61,78,80,86" m="24619" machi="58" ten="30,1500,0" yaku="8,1" doraHai="109" who="3" fromWho="1" sc="513,0,182,-15,98,0,207,15" /><INIT seed="7,1,0,1,4,46" ten="513,167,98,222" oya="3" hai0="13,128,93,112,83,32,120,10,3,113,130,60,53" hai1="25,131,118,33,0,64,82,4,40,75,67,69,81" hai2="11,92,103,65,47,14,134,36,66,105,132,54,43" hai3="51,115,122,79,21,95,44,129,24,30,62,61,126"/><W77/><G115/><N who="0" m="44107" /><D120/><U104/><E75/><V23/><F105/><W100/><G95/><T31/><D3/><U20/><E69/><V121/><F121/><W84/><G122/><T9/><D83/><U123/><E0/><V87/><F23/><W73/><G84/><T7/><D93/><U48/><E20/><V58/><F132/><W135/><G62/><T28/><D10/><U22/><E33/><V68/><F134/><W74/><G100/><T57/><D32/><U110/><E22/><V49/><F68/><W98/><G44/><T19/><D7/><U39/><E118/><V6/><REACH who="2" step="1"/><F103/><REACH who="2" ten="513,167,88,222" step="2"/><W99/><G135/><T59/><D59/><U107/><E104/><V91/><AGARI ba="1,1" hai="6,11,14,36,43,47,49,54,58,65,66,87,91,92" machi="91" ten="30,7900,0" yaku="1,1,2,1,0,1,52,1,53,0" doraHai="46" doraHaiUra="116" who="2" fromWho="2" sc="513,-21,167,-21,88,92,222,-40" owari="492,59.0,146,-35.0,180,-22.0,182,-2.0" /></mjloggm>