<mjloggm ver="2.3"><GO type="169" lobby="0"/><UN n0="%43%48%41%4E%43%45%21" n1="%E8%92%BC%E9%B4%89" n2="%39%39%39" n3="%E8%87%AA%E5%A0%95%E8%90%BD%E5%A4%A7%E5%AD%A6%E9%99%A2%E7%94%9F" dan="16,16,17,17" rate="2149.77,2103.89,2179.34,2172.25" sx="M,M,F,M"/><TAIKYOKU oya="0"/><INIT seed="0,0,0,2,0,39" ten="250,250,250,250" oya="0" hai0="53,69,54,35,46,49,67,63,34,52,33,3,124" hai1="16,118,61,9,4,56,77,30,10,14,20,95,42" hai2="62,22,125,128,98,15,131,58,84,19,107,12,38" hai3="59,96,5,104,123,94,99,79,91,36,82,102,78"/><T7/><REACH who="0" step="1"/><D124/><REACH who="0" ten="240,250,250,250" step="2"/><U127/><E118/><V29/><F125/><W55/><G123/><T105/><D105/><U121/><E127/><V120/><F107/><W11/><G36/><T71/><D71/><U134/><E121/><V109/><F38/><W72/><G72/><T113/><D113/><U115/><E115/><V32/><F120/><W31/><G31/><T86/><D86/><U23/><E30/><V51/><F84/><W85/><G85/><T100/><D100/><U48/><E134/><V28/><F29/><W133/><G133/><T81/><D81/><U130/><E130/><V106/><F28/><W41/><G82/><T43/><D43/><U74/><E95/><V90/><F106/><W64/><G41/><T92/><D92/><U57/><E74/><V112/><F128/><W45/><G104/><T116/><D116/><U108/><E42/><V21/><F131/><W110/><G102/><T13/><D13/><U60/><E14/><V135/><F12/><W117/><G94/><T80/><D80/><U66/><E77/><V93/><F15/><W122/><G79/><T114/><D114/><U119/><E119/><V89/><F112/><W0/><G78/><T2/><D2/><U17/><E4/><V40/><F93/><W8/><G5/><T1/><D1/><U97/><E97/><V65/><F40/><W6/><G0/><T129/><D129/><U24/><E24/><V101/><F98/><W50/><G117/><T26/><D26/><U87/><E87/><V76/><F101/><W47/><G122/><T111/><D111/><U18/><E108/><RYUUKYOKU ba="0,1" sc="240,30,250,-10,250,-10,250,-10" hai0="3,7,33,34,35,46,49,52,53,54,63,67,69" /><INIT seed="0,1,1,2,1,73" ten="270,240,240,240" oya="0" hai0="74,27,39,8,108,46,81,119,71,58,125,13,114" hai1="128,110,124,41,97,3,52,34,54,23,45,62,36" hai2="87,37,21,99,118,76,132,4,9,77,116,11,127" hai3="12,32,67,18,133,5,57,19,15,135,90,59,65"/><T75/><D71/><U83/><E34/><V50/><F132/><N who="3" m="50763" /><G32/><T113/><D119/><N who="2" m="45610" /><F37/><W64/><G90/><T20/><D75/><U109/><E3/><N who="2" m="159" /><F127/><W28/><G28/><T79/><D125/><U117/><E124/><V115/><F115/><W88/><G88/><T55/><D108/><N who="1" m="41579" /><E117/><V94/><F87/><W103/><G103/><T24/><D46/><U31/><E128/><V101/><F11/><N who="3" m="6527" /><G5/><T47/><D20/><AGARI ba="1,1" hai="12,19,20,57,59,64,65,67" m="6527,50763" machi="20" ten="30,1000,0" yaku="20,1" doraHai="73" who="3" fromWho="0" sc="270,-13,240,0,240,0,240,23" /><INIT seed="1,0,0,5,3,93" ten="257,240,240,263" oya="1" hai0="14,96,55,67,12,104,74,71,75,120,33,113,135" hai1="34,90,49,101,119,68,81,38,1,73,57,41,65" hai2="79,100,92,70,26,80,134,107,61,105,23,133,64" hai3="28,129,48,54,6,88,45,22,35,106,24,62,40"/><U85/><E119/><V50/><F50/><W126/><G126/><T8/><D33/><U39/><E1/><V16/><F92/><W117/><G129/><T86/><D113/><U112/><E34/><V97/><REACH who="2" step="1"/><F107/><REACH who="2" ten="257,240,230,263" step="2"/><W83/><G106/><T20/><D104/><U0/><E49/><V127/><F127/><W56/><G117/><T124/><D124/><U78/><E38/><V72/><AGARI ba="0,1" hai="16,23,26,61,64,70,72,79,80,97,100,105,133,134" machi="72" ten="30,7900,0" yaku="1,1,0,1,52,1,54,1,53,0" doraHai="93" doraHaiUra="46" who="2" fromWho="2" sc="257,-20,240,-39,230,89,263,-20" /><INIT seed="2,0,0,2,5,129" ten="237,201,319,243" oya="2" hai0="32,119,67,101,2,1,43,11,88,96,13,39,52" hai1="66,16,121,4,27,116,123,110,113,5,19,68,7" hai2="69,81,104,80,84,55,85,0,10,63,53,12,72" hai3="9,49,48,103,114,62,3,128,73,76,44,83,17"/><V35/><F104/><W117/><G117/><T29/><D119/><U26/><E116/><V28/><F0/><W82/><G128/><T122/><D122/><N who="1" m="46603" /><E66/><V34/><F72/><W107/><G114/><T40/><D67/><U130/><E68/><V74/><F74/><W14/><G83/><T54/><D39/><U41/><E113/><V89/><F69/><W23/><G62/><T59/><D2/><U90/><E130/><V57/><F53/><W31/><G44/><T112/><D1/><U92/><E41/><V65/><F28/><W8/><G8/><T99/><D112/><U6/><N who="1" m="1024" /><DORA hai="79" /><U95/><E90/><V25/><F25/><N who="1" m="9225" /><E110/><V42/><F42/><W58/><G3/><T94/><D54/><U50/><E50/><V47/><F47/><W93/><G49/><T100/><D101/><U60/><E60/><V51/><F51/><W46/><G48/><T22/><D100/><U109/><E109/><V37/><F37/><W133/><G46/><T125/><D43/><U108/><E108/><V36/><F36/><W102/><G103/><T105/><D40/><U126/><E126/><V97/><F65/><W98/><G102/><T61/><D125/><U75/><E75/><V77/><F97/><W87/><G73/><T20/><D99/><U15/><E15/><V33/><F33/><W18/><G98/><T118/><D118/><U24/><E24/><V70/><F70/><W115/><G115/><T45/><D96/><U71/><E71/><V106/><F106/><W124/><G107/><T132/><D105/><U111/><E111/><V56/><F56/><RYUUKYOKU ba="0,0" sc="237,-15,201,15,319,15,243,-15" hai1="16,19,92,95" hai2="10,12,34,35,55,57,63,77,80,81,84,85,89" /><INIT seed="2,1,0,4,4,66" ten="222,216,334,228" oya="2" hai0="107,59,117,41,47,85,25,4,116,125,109,12,123" hai1="115,110,95,38,32,30,97,90,52,132,82,124,81" hai2="3,39,94,35,7,135,76,84,88,22,114,118,37" hai3="60,78,99,33,31,54,29,49,68,53,36,27,134"/><V71/><F118/><W0/><G36/><T93/><D107/><U61/><E38/><V28/><F114/><W63/><G0/><T67/><D123/><U10/><E115/><V73/><F35/><W120/><G120/><T34/><D109/><U77/><E124/><V108/><F135/><W1/><G1/><T45/><D125/><U112/><E132/><V101/><F108/><W75/><G134/><T128/><D128/><U16/><E112/><V40/><F71/><W51/><G31/><T102/><D25/><U98/><E110/><V79/><F101/><W130/><G130/><T57/><D34/><U111/><E111/><V103/><F103/><W69/><G99/><T106/><D106/><U70/><E32/><V80/><F76/><W83/><G63/><T86/><D67/><U104/><E30/><V91/><F91/><W96/><G96/><T9/><D47/><U50/><E77/><V42/><F37/><W21/><G60/><T121/><D121/><U58/><E104/><V5/><F5/><W24/><G24/><T43/><D43/><U129/><E98/><V46/><F40/><W62/><G62/><T100/><D102/><U44/><E70/><V26/><F7/><W56/><G33/><T18/><D4/><U2/><E129/><V89/><F89/><W6/><G6/><T133/><D133/><U20/><E2/><V8/><F3/><W11/><G11/><T87/><D100/><U17/><E10/><V131/><F131/><W126/><G126/><T55/><D93/><U48/><E20/><V72/><F8/><W122/><G122/><RYUUKYOKU ba="1,0" sc="222,-15,216,-15,334,15,228,15" hai2="22,26,28,39,42,46,72,73,79,80,84,88,94" hai3="21,27,29,49,51,53,54,56,68,69,75,78,83" /><INIT seed="2,2,0,5,4,127" ten="207,201,349,243" oya="2" hai0="69,88,7,134,101,3,96,44,72,97,77,10,35" hai1="25,80,13,26,5,119,38,19,82,65,43,46,49" hai2="64,24,113,102,99,17,105,59,118,55,92,100,21" hai3="23,95,129,29,8,122,85,98,41,34,31,123,48"/><V66/><F118/><W84/><G34/><T112/><D112/><U93/><E119/><V30/><F113/><W1/><G123/><T104/><D134/><U40/><E5/><V133/><F133/><W67/><G122/><T120/><D120/><U27/><E65/><N who="2" m="25195" /><F105/><W73/><G73/><T15/><D15/><U126/><E126/><V130/><F30/><W128/><G67/><T86/><D96/><U6/><E6/><V106/><F106/><W60/><G60/><T75/><D35/><U20/><E38/><V53/><F53/><W103/><G1/><T36/><D69/><U33/><E33/><V62/><F130/><N who="3" m="50283" /><G8/><T117/><D117/><U81/><E93/><V76/><F76/><W54/><G41/><AGARI ba="2,0" hai="13,19,20,25,26,27,40,41,43,46,49,80,81,82" machi="41" ten="40,1300,0" yaku="8,1" doraHai="127" who="1" fromWho="3" sc="207,0,201,19,349,0,243,-19" /><INIT seed="3,0,0,3,5,84" ten="207,220,349,224" oya="3" hai0="129,106,38,9,126,49,45,13,5,6,64,61,114" hai1="20,105,77,11,50,2,21,78,3,81,53,40,31" hai2="135,120,12,101,26,116,39,82,14,7,44,124,32" hai3="93,55,69,46,37,72,68,63,60,57,98,48,43"/><W113/><G72/><T16/><D106/><U99/><E40/><V79/><F116/><W91/><G113/><T4/><D126/><U66/><E66/><V17/><F124/><W80/><G80/><T65/><D129/><U73/><E78/><V0/><F135/><W83/><REACH who="3" step="1"/><G83/><REACH who="3" ten="207,220,349,214" step="2"/><T76/><D114/><U18/><E81/><V23/><F82/><W102/><G102/><T75/><D75/><U67/><E73/><V10/><F101/><W1/><G1/><T121/><D121/><U103/><E3/><V107/><F120/><W27/><G27/><T36/><D76/><U24/><E24/><V70/><F79/><W42/><G42/><T127/><D127/><U87/><E2/><V111/><F26/><W100/><G100/><T34/><D65/><U35/><E67/><V109/><F0/><W85/><G85/><T112/><D112/><U110/><E87/><V51/><F14/><W19/><G19/><T41/><REACH who="0" step="1"/><D34/><REACH who="0" ten="197,220,349,214" step="2"/><U62/><E35/><V8/><F32/><W130/><G130/><T52/><D52/><U30/><E53/><V15/><F109/><W96/><G96/><T33/><D33/><U108/><E99/><V119/><F111/><W123/><G123/><T133/><D133/><U131/><E110/><V86/><F119/><W118/><G118/><T115/><D115/><U132/><E108/><V59/><F15/><W90/><G90/><T47/><D47/><U122/><E122/><V25/><F12/><W58/><G58/><AGARI ba="0,2" hai="4,5,6,9,13,16,36,38,41,45,49,58,61,64" machi="58" ten="40,2600,0" yaku="1,1,54,1,53,0" doraHai="84" doraHaiUra="94" who="0" fromWho="3" sc="197,46,220,0,349,0,214,-26" /><INIT seed="4,0,0,2,2,91" ten="243,220,349,188" oya="0" hai0="90,83,32,104,125,103,30,122,71,115,100,42,34" hai1="29,66,128,0,127,132,113,68,117,101,92,46,12" hai2="56,134,59,39,67,36,120,1,108,126,7,49,131" hai3="19,86,112,10,9,27,78,24,105,99,89,110,129"/><T61/><D122/><U119/><E0/><V70/><F1/><W65/><G110/><T73/><D30/><U79/><E127/><V98/><F7/><W26/><G129/><T109/><D100/><U62/><E128/><V17/><F17/><W93/><G112/><T51/><D125/><U85/><E132/><V22/><F22/><W58/><G19/><T21/><D21/><U114/><E29/><V8/><F8/><W88/><G89/><T81/><D81/><N who="1" m="47295" /><E46/><V107/><F107/><W4/><G4/><T87/><D73/><U50/><E50/><V118/><F98/><W6/><G6/><T55/><D42/><U60/><E60/><N who="2" m="40295" /><F108/><W96/><G105/><T13/><D109/><U130/><E12/><V20/><F20/><W111/><G111/><T23/><D115/><N who="1" m="44043" /><E130/><V16/><F120/><W75/><G75/><T82/><D13/><U2/><E2/><V123/><F123/><W43/><G43/><T116/><D32/><U54/><E54/><V63/><F131/><W76/><G76/><T95/><D34/><U52/><E52/><N who="2" m="31759" /><F126/><W3/><G3/><T124/><D124/><U33/><E33/><V45/><F118/><W97/><G78/><T44/><D116/><U80/><E80/><V64/><F134/><W94/><G93/><T18/><D23/><U35/><E35/><V14/><F45/><W40/><G40/><T53/><D18/><U102/><E92/><V38/><F14/><W84/><G84/><T41/><D95/><U15/><E15/><V133/><F16/><W11/><G26/><T69/><D83/><U106/><E106/><RYUUKYOKU ba="0,0" sc="243,-30,220,10,349,10,188,10" hai1="62,66,68,101,102,117,119" hai2="36,38,39,59,63,64,133" hai3="9,10,11,24,27,58,65,86,88,94,96,97,99" /><INIT seed="5,1,0,0,1,3" ten="213,230,359,198" oya="1" hai0="21,103,68,99,132,9,115,64,120,59,57,127,135" hai1="31,114,128,101,94,116,5,1,29,38,97,62,43" hai2="107,90,105,84,12,35,30,4,34,61,81,72,95" hai3="76,129,111,52,10,58,53,102,74,48,14,24,41"/><U27/><E116/><V0/><F0/><W110/><G129/><T89/><D89/><U117/><E117/><V7/><F105/><W86/><G74/><T13/><D21/><U83/><E114/><V100/><F61/><W56/><G41/><T47/><D115/><U22/><E128/><V63/><F12/><W55/><G102/><T119/><D119/><U2/><E5/><N who="2" m="2123" /><F63/><W45/><G24/><T70/><D47/><U40/><E38/><V93/><F93/><W49/><G45/><T44/><D44/><U36/><E36/><V88/><F90/><W17/><REACH who="3" step="1"/><G55/><REACH who="3" ten="213,230,359,188" step="2"/><T32/><D103/><U66/><E43/><V131/><F131/><W51/><G51/><T113/><D113/><U78/><E40/><V15/><F100/><W19/><G19/><T18/><D18/><U6/><E6/><V98/><F72/><W20/><G20/><T130/><D130/><U109/><E31/><V87/><F35/><W125/><G125/><T80/><D32/><U50/><E50/><V65/><F34/><W79/><G79/><T92/><D127/><U16/><E29/><V71/><F30/><W73/><G73/><T133/><D132/><U112/><E112/><V91/><F91/><W118/><G118/><T33/><D135/><U69/><E109/><V104/><F88/><W85/><G85/><AGARI ba="1,1" hai="1,2,16,22,27,62,66,69,78,83,85,94,97,101" machi="85" ten="30,2900,0" yaku="7,1,54,1" doraHai="3" who="1" fromWho="3" sc="213,0,230,42,359,0,188,-32" /><INIT seed="5,2,0,4,0,26" ten="213,272,359,156" oya="1" hai0="87,90,93,91,50,95,9,122,94,88,70,113,119" hai1="21,103,68,82,134,77,38,32,19,129,42,11,53" hai2="27,58,52,5,17,124,51,10,105,67,116,40,108" hai3="80,73,56,29,59,41,114,75,1,84,121,13,20"/><U71/><E32/><V104/><F108/><W36/><G1/><T135/><D70/><U130/><E103/><V83/><F116/><W31/><G121/><T3/><D119/><U96/><E53/><V47/><F124/><W62/><G114/><T16/><D135/><U7/><E96/><V18/><F67/><W86/><G75/><T63/><D113/><U98/><E98/><V2/><F83/><W49/><G73/><T6/><D122/><U61/><E134/><V100/><F100/><W0/><G0/><T99/><D63/><U72/><E61/><V92/><F92/><W23/><G36/><T132/><D132/><U24/><E42/><V106/><REACH who="2" step="1"/><F27/><REACH who="2" ten="213,272,349,156" step="2"/><W65/><G80/><T81/><D99/><U85/><E21/><V43/><F43/><W37/><G20/><T15/><REACH who="0" step="1"/><D50/><AGARI ba="2,1" hai="2,5,10,17,18,40,47,50,51,52,58,104,105,106" machi="50" ten="40,8000,1" yaku="1,1,54,1,53,3" doraHai="26" doraHaiUra="102" who="2" fromWho="0" sc="213,-86,272,0,349,96,156,0" /><INIT seed="6,0,0,3,3,63" ten="127,272,445,156" oya="2" hai0="52,67,120,97,135,11,25,15,96,79,59,124,74" hai1="60,77,44,119,102,87,75,123,18,61,110,7,69" hai2="117,85,27,125,33,113,4,55,106,108,17,95,71" hai3="28,100,133,19,98,13,101,62,109,30,84,3,48"/><V107/><F4/><W129/><G3/><T128/><D120/><U21/><E123/><V105/><F117/><W45/><G109/><T115/><D115/><U39/><E119/><V82/><F71/><W23/><G129/><T54/><D128/><U58/><E110/><V114/><F95/><N who="3" m="58463" /><G101/><T68/><D68/><U121/><E121/><V53/><F108/><W91/><G62/><N who="0" m="38367" /><D74/><U90/><E7/><V122/><F122/><W5/><G5/><N who="0" m="3567" /><D135/><U24/><E69/><V50/><F125/><W70/><G70/><T49/><D124/><U1/><E1/><V29/><F113/><W40/><G133/><T14/><D79/><U126/><E77/><V94/><F114/><W118/><G118/><T10/><D25/><U12/><E24/><V6/><F106/><W26/><G26/><T43/><D43/><U83/><E126/><V31/><F105/><W57/><G57/><N who="0" m="32911" /><D54/><U56/><E75/><V116/><F107/><W99/><G99/><T51/><D51/><U134/><E134/><V86/><F55/><W42/><G40/><T81/><D81/><AGARI ba="0,0" hai="13,19,23,28,30,42,45,48,81,84,91" m="58463" machi="81" ten="30,1000,0" yaku="8,1" doraHai="63" who="3" fromWho="0" sc="127,-10,272,0,445,0,156,10" /><INIT seed="7,0,0,0,0,121" ten="117,272,445,166" oya="3" hai0="63,89,92,97,67,128,135,7,100,124,78,72,60" hai1="58,13,4,80,134,26,65,117,16,110,40,98,8" hai2="30,23,94,20,51,24,95,122,36,83,3,14,79" hai3="120,104,123,129,126,91,12,50,75,11,29,48,64"/><W119/><G75/><T61/><D128/><U10/><E58/><V43/><F36/><W109/><G119/><T113/><D135/><U96/><E65/><V115/><F3/><W6/><G104/><T68/><D124/><U18/><E80/><V73/><F122/><W47/><G126/><T133/><D133/><U76/><E76/><V0/><F0/><W116/><G116/><T93/><D113/><U111/><E40/><V22/><F115/><W77/><G129/><T34/><D34/><U33/><E98/><V70/><F70/><W59/><G77/><T41/><D41/><U101/><E96/><V17/><F23/><W66/><G29/><T102/><D7/><U131/><E101/><V49/><F49/><W114/><G114/><T52/><D100/><U81/><E81/><V32/><F32/><W46/><G91/><T127/><D127/><U9/><E134/><V82/><F82/><W99/><G99/><T125/><D125/><U85/><E85/><V106/><F106/><W37/><G37/><T31/><D31/><N who="1" m="19703" /><E110/><V108/><F108/><W1/><G109/><T55/><D63/><U56/><E111/><V25/><F25/><W87/><G87/><T45/><D61/><U15/><E131/><V107/><F107/><W105/><G105/><T84/><D45/><U62/><E117/><V130/><F130/><W69/><G47/><T118/><D118/><U57/><E62/><V132/><F132/><W103/><G46/><T71/><D71/><U38/><E38/><V74/><F74/><W42/><G69/><T35/><D35/><U39/><E39/><RYUUKYOKU ba="0,0" sc="117,10,272,10,445,10,166,-30" hai0="52,55,60,67,68,72,78,84,89,92,93,97,102" hai1="4,8,9,10,13,15,16,18,56,57" hai2="14,17,20,22,24,30,43,51,73,79,83,94,95" owari="127,-37.0,282,8.0,455,55.0,136,-26.0" /></mjloggm>