<mjloggm ver="2.3"><GO type="169" lobby="0"/><UN n0="%61%69%73%6D" n1="%E3%82%A2%E3%83%95%E3%83%AA%E3%82%AB" n2="%7A%6F%75%7A%6F%75" n3="%E3%80%93%E4%BD%90%E5%A4%A9%E3%81%95%E3%82%93%E3%80%93" dan="16,16,16,17" rate="2095.72,2142.52,2095.88,2160.82" sx="M,M,M,F"/><TAIKYOKU oya="0"/><INIT seed="0,0,0,3,0,56" ten="250,250,250,250" oya="0" hai0="123,72,89,69,61,109,71,104,11,20,65,60,94" hai1="70,120,100,2,129,112,75,23,114,133,31,3,126" hai2="16,97,101,9,53,115,135,38,48,98,105,42,68" hai3="10,4,0,131,12,122,111,27,29,88,76,33,47"/><T64/><D104/><U22/><E75/><V74/><F115/><N who="1" m="44073" /><E120/><V36/><F135/><W79/><G122/><T59/><D72/><U32/><E100/><V34/><F34/><W5/><G111/><T63/><D123/><U127/><E70/><V110/><F110/><W50/><G131/><T84/><D109/><U39/><E39/><V21/><F68/><W108/><G108/><T52/><D20/><N who="1" m="7723" /><E133/><V19/><F74/><W35/><G33/><T57/><D11/><U85/><E85/><V117/><F97/><W73/><G73/><T95/><D59/><U49/><E49/><V132/><F132/><W26/><G26/><T67/><D67/><U102/><E102/><V24/><F42/><W78/><G4/><T87/><D87/><U77/><E77/><V107/><F107/><W66/><G66/><T6/><D6/><U130/><E31/><V113/><F38/><W8/><G8/><T41/><D41/><U106/><E32/><V30/><F36/><W124/><G0/><N who="1" m="42" /><E106/><V1/><F113/><W14/><G78/><T134/><D134/><U13/><E13/><V46/><F30/><W128/><G76/><T119/><D119/><U91/><E91/><V40/><F117/><W99/><G79/><T83/><AGARI ba="0,0" hai="52,57,60,61,63,64,65,69,71,83,84,89,94,95" machi="83" ten="20,18000,2" yaku="0,1,7,1,9,1,52,3,54,1" doraHai="56" who="0" fromWho="0" sc="250,180,250,-60,250,-60,250,-60" /><INIT seed="0,1,0,2,4,33" ten="430,190,190,190" oya="0" hai0="95,88,102,36,130,40,83,56,38,13,2,51,9" hai1="124,92,30,71,117,34,46,72,78,3,119,7,93" hai2="8,120,1,68,21,97,107,12,26,64,70,43,109" hai3="18,15,57,60,90,62,79,53,111,4,128,135,48"/><T10/><D130/><U108/><E71/><V11/><F120/><W23/><G111/><T67/><D2/><U114/><E108/><V49/><F109/><W96/><G135/><T133/><D133/><U44/><E114/><V73/><F73/><W103/><G128/><T129/><D129/><U59/><E124/><V17/><F64/><W104/><G79/><T31/><D31/><U50/><E59/><V76/><F76/><W126/><G126/><T19/><D102/><U16/><E46/><V98/><F43/><W110/><G110/><T5/><D83/><U132/><E132/><V52/><F8/><W82/><G4/><T91/><D91/><U55/><E78/><V24/><F24/><W25/><G25/><T65/><D36/><U42/><E72/><V101/><F98/><W80/><G80/><T69/><D69/><U75/><E75/><V121/><F1/><W0/><G0/><T115/><D38/><U58/><E30/><V66/><F66/><W127/><G127/><T6/><D40/><U106/><E34/><V87/><F87/><W22/><G22/><T125/><D115/><U116/><E106/><V61/><F61/><W84/><AGARI ba="1,0" hai="15,18,23,48,53,57,60,62,82,84,90,96,103,104" machi="84" ten="30,1100,0" yaku="0,1" doraHai="33" who="3" fromWho="3" sc="430,-6,190,-4,190,-4,190,14" /><INIT seed="1,0,0,2,3,71" ten="424,186,186,204" oya="1" hai0="121,62,87,134,55,20,75,36,63,126,131,96,50" hai1="41,33,40,54,53,110,17,88,104,37,38,65,10" hai2="42,51,3,109,9,98,25,28,70,101,89,2,133" hai3="39,15,105,130,119,132,83,47,21,27,16,78,85"/><U73/><E33/><V56/><F70/><W52/><G105/><T45/><D75/><U115/><E73/><V31/><F109/><W59/><G132/><T7/><D36/><N who="1" m="13931" /><E104/><V29/><F133/><W60/><G130/><T19/><D131/><U48/><E10/><V107/><F25/><W64/><G119/><T112/><D7/><U26/><E17/><V61/><F9/><W94/><G94/><T100/><D112/><U11/><E26/><V125/><F89/><W12/><G39/><T86/><D86/><U80/><E88/><V117/><F117/><W68/><G47/><T116/><D87/><U122/><E11/><V1/><F42/><N who="1" m="16489" /><E80/><V95/><F95/><W69/><G69/><T72/><D72/><U23/><E23/><V103/><F103/><W108/><G108/><T67/><D20/><U102/><E102/><V32/><F32/><W76/><G76/><T8/><D100/><U92/><E92/><V30/><N who="2" m="7680" /><DORA hai="99" /><V84/><F84/><W82/><G82/><T49/><D8/><U0/><E0/><V6/><F6/><W5/><G5/><T124/><D96/><U127/><E110/><V18/><F18/><W77/><G77/><T111/><D19/><U4/><E4/><V114/><F114/><W43/><G43/><T120/><D111/><U13/><E115/><V93/><F107/><W22/><G22/><T129/><D129/><U97/><E97/><V34/><F34/><W58/><G68/><T128/><D128/><U81/><E81/><V46/><F1/><W14/><G27/><T74/><D74/><U57/><E13/><RYUUKYOKU ba="0,0" sc="424,-10,186,-10,186,-10,204,30" hai3="12,14,15,16,21,52,58,59,60,64,78,83,85" /><INIT seed="2,1,0,5,1,34" ten="414,176,176,234" oya="2" hai0="49,90,27,120,110,59,75,56,135,10,116,101,48" hai1="100,14,25,74,8,73,64,45,5,72,87,130,104" hai2="133,67,33,60,42,19,41,2,97,115,4,23,12" hai3="109,31,112,52,81,22,70,78,106,61,89,124,119"/><V71/><F115/><W29/><G106/><T125/><D75/><U62/><E130/><V68/><F68/><W50/><G119/><T18/><D110/><U85/><E45/><V103/><F133/><W37/><G37/><T44/><D135/><U38/><E38/><V107/><REACH who="2" step="1"/><F33/><REACH who="2" ten="414,176,166,234" step="2"/><W47/><G70/><T9/><D116/><U132/><E132/><V21/><F21/><W84/><G109/><T54/><D120/><U131/><E131/><V57/><F57/><W91/><G112/><T121/><D59/><U79/><E79/><V134/><F134/><W24/><G124/><T102/><D125/><U105/><E25/><V92/><F92/><W40/><G31/><T30/><D30/><U96/><REACH who="1" step="1"/><E105/><REACH who="1" ten="414,166,166,234" step="2"/><V65/><F65/><W99/><G24/><T35/><D27/><U46/><E46/><V127/><F127/><W43/><G47/><T32/><D44/><U63/><E63/><V53/><F53/><W7/><G61/><T1/><D54/><U108/><E108/><V86/><F86/><W11/><G52/><T111/><D111/><U117/><E117/><V16/><F16/><W95/><G84/><T26/><D26/><U55/><E55/><V123/><F123/><W88/><G29/><T13/><D18/><U129/><E129/><V128/><F128/><W118/><G118/><T17/><D17/><U0/><E0/><V39/><F39/><W94/><G78/><T83/><D1/><U20/><E20/><V51/><F51/><W69/><G22/><T93/><D49/><U6/><E6/><V122/><F122/><W126/><G126/><RYUUKYOKU ba="1,2" sc="414,-15,166,15,166,15,234,-15" hai1="5,8,14,62,64,72,73,74,85,87,96,100,104" hai2="2,4,12,19,23,41,42,60,67,71,97,103,107" /><INIT seed="2,2,2,2,3,85" ten="399,181,181,219" oya="2" hai0="117,34,0,91,127,72,61,8,115,2,38,90,10" hai1="24,74,1,76,58,130,113,20,121,11,39,114,60" hai2="52,110,7,107,22,19,40,26,25,112,104,12,5" hai3="36,32,21,84,3,51,123,95,41,16,92,27,87"/><V9/><F112/><W133/><G123/><T63/><D38/><U111/><E39/><V47/><F110/><W23/><G32/><T68/><D34/><U105/><E105/><V106/><F7/><W100/><G3/><T70/><D127/><U29/><E111/><V122/><F122/><W75/><G75/><T135/><D72/><U33/><E121/><V118/><F118/><W14/><G36/><T101/><D101/><U88/><E130/><V109/><F109/><W73/><G73/><T77/><D77/><U126/><E126/><V116/><F116/><W28/><G133/><T30/><D30/><U134/><E134/><V66/><F66/><W35/><G35/><T43/><D43/><U44/><E44/><V50/><REACH who="2" step="1"/><F40/><REACH who="2" ten="399,181,171,219" step="2"/><W69/><G41/><T4/><D117/><U102/><E114/><V93/><F93/><W81/><G95/><T96/><D135/><U6/><E113/><V55/><F55/><W48/><G92/><T56/><D115/><U97/><E6/><V65/><F65/><W82/><G69/><T128/><D4/><U132/><E132/><V124/><F124/><W125/><G125/><T129/><D68/><U37/><E1/><AGARI ba="2,3" hai="1,5,9,12,19,22,25,26,47,50,52,104,106,107" machi="1" ten="40,3900,0" yaku="1,1,54,1,53,0" doraHai="85" doraHaiUra="99" who="2" fromWho="1" sc="399,0,181,-45,171,75,219,0" /><INIT seed="2,3,0,1,4,26" ten="399,136,246,219" oya="2" hai0="10,48,57,71,37,100,73,93,126,63,74,3,7" hai1="110,113,80,50,18,47,40,89,4,124,0,109,90" hai2="65,68,101,97,122,70,83,67,121,14,28,120,32" hai3="128,27,11,36,16,20,31,106,88,2,53,91,8"/><V114/><F114/><W21/><G106/><T130/><D37/><U38/><E113/><V13/><F83/><W30/><G36/><T92/><D130/><U105/><E105/><N who="2" m="63663" /><F67/><W117/><G117/><T132/><D71/><U104/><E104/><V35/><F70/><W108/><G108/><T82/><D132/><U115/><E115/><V61/><F35/><W127/><G127/><T85/><D126/><U9/><E124/><V116/><F116/><W129/><G2/><T86/><D48/><U118/><E118/><V125/><F125/><W34/><G34/><T56/><D56/><U49/><E18/><V52/><F52/><W135/><G135/><T15/><D3/><U107/><E107/><V17/><F17/><W64/><G64/><N who="0" m="39023" /><D73/><U29/><E50/><V98/><F98/><W94/><G53/><T96/><D74/><U59/><E59/><V111/><F111/><N who="1" m="42505" /><E49/><V134/><F134/><W33/><G33/><T119/><D119/><U51/><E51/><V6/><F6/><W95/><G16/><N who="0" m="8311" /><D82/><U42/><E80/><V62/><F62/><W23/><G23/><T131/><D7/><U46/><E42/><V1/><F1/><W81/><G81/><T79/><D79/><U99/><E47/><V41/><F41/><W103/><REACH who="3" step="1"/><G103/><REACH who="3" ten="399,136,246,209" step="2"/><T123/><D100/><U55/><E55/><V72/><F72/><W58/><G58/><T22/><D93/><N who="1" m="56751" /><E90/><V102/><F102/><W54/><G54/><T24/><D92/><U75/><E75/><V43/><F43/><W60/><G60/><T87/><D22/><U77/><E77/><V133/><F133/><RYUUKYOKU ba="3,1" sc="399,-30,136,10,246,10,209,10" hai1="0,4,9,29,38,40,46" hai2="13,14,28,32,61,65,68,120,121,122" hai3="8,11,20,21,27,30,31,88,91,94,95,128,129" /><INIT seed="2,4,1,0,3,40" ten="369,146,256,219" oya="2" hai0="47,117,93,35,22,90,54,46,52,122,10,129,99" hai1="43,57,3,63,112,32,110,14,69,8,96,132,18" hai2="87,5,94,124,82,19,72,25,97,86,128,23,15" hai3="100,42,106,113,20,108,104,73,27,68,2,62,45"/><V30/><F124/><W66/><G108/><T91/><D35/><U109/><E69/><V7/><F128/><W11/><G73/><T98/><D122/><U80/><E32/><V29/><F72/><W44/><G113/><T70/><D70/><U31/><E112/><V74/><F74/><W130/><G130/><T4/><D129/><U125/><E125/><V13/><F13/><W131/><G131/><T55/><D117/><U24/><E3/><V116/><F116/><W64/><G64/><T71/><D71/><U49/><E80/><V134/><F134/><W50/><G100/><T28/><D4/><N who="2" m="1610" /><F15/><W126/><G126/><T114/><D10/><U105/><E132/><V37/><F37/><W9/><G2/><T92/><D114/><U33/><E105/><V78/><F87/><W58/><G68/><T34/><D34/><U77/><E96/><V81/><F81/><W123/><G123/><T56/><D56/><U17/><E77/><V111/><F111/><W6/><G6/><T60/><D60/><U84/><E84/><V61/><F61/><W16/><REACH who="3" step="1"/><G45/><REACH who="3" ten="369,146,256,209" step="2"/><T41/><D47/><U85/><E110/><V51/><F51/><W101/><G101/><AGARI ba="4,2" hai="19,23,25,29,30,78,82,86,94,97,101" m="1610" machi="101" ten="30,1500,0" yaku="8,1" doraHai="40" who="2" fromWho="3" sc="369,0,146,0,256,47,209,-27" /><INIT seed="2,5,0,0,4,57" ten="369,146,303,182" oya="2" hai0="22,79,90,58,82,115,41,20,61,86,29,74,103" hai1="131,53,71,60,81,118,124,52,9,100,94,28,37" hai2="5,62,89,114,119,0,133,132,84,13,129,77,47" hai3="69,108,63,42,106,87,27,17,121,117,120,97,56"/><V67/><F119/><W34/><G117/><T24/><D115/><U7/><E118/><V12/><F114/><W127/><G108/><T8/><D41/><U96/><E37/><V45/><F129/><W31/><G127/><T104/><D8/><U3/><E124/><V73/><F77/><W50/><G87/><T95/><D20/><U78/><E131/><V35/><F35/><W112/><G112/><T102/><REACH who="0" step="1"/><D104/><REACH who="0" ten="359,146,303,182" step="2"/><U76/><E28/><V59/><F132/><W6/><G42/><T16/><D16/><U134/><E134/><V80/><F133/><W66/><G17/><T40/><D40/><U110/><E110/><V10/><F73/><W98/><G6/><T30/><D30/><U130/><E130/><V107/><F107/><W38/><G106/><T48/><D48/><U51/><E51/><V54/><F45/><W68/><G50/><T19/><D19/><U72/><REACH who="1" step="1"/><E78/><REACH who="1" ten="359,136,303,182" step="2"/><V44/><F44/><W36/><G36/><T85/><D85/><U18/><E18/><V26/><F47/><W113/><G38/><T126/><D126/><U101/><E101/><V39/><F39/><W14/><G113/><T33/><D33/><U55/><E55/><AGARI ba="5,2" hai="22,24,29,55,58,61,74,79,82,86,90,95,102,103" machi="55" ten="30,7700,0" yaku="1,1,7,1,52,1,53,1" doraHai="57" doraHaiUra="75" who="0" fromWho="1" sc="359,112,136,-92,303,0,182,0" /><INIT seed="3,0,0,1,4,7" ten="471,44,303,182" oya="3" hai0="80,96,111,88,61,75,113,16,83,18,117,84,46" hai1="34,98,27,124,47,105,41,91,128,33,73,67,121" hai2="65,63,37,3,66,26,92,115,102,12,104,118,125" hai3="120,60,108,58,68,123,97,129,95,99,103,57,6"/><W134/><G134/><T86/><D111/><U10/><E121/><V1/><F118/><W54/><G68/><T131/><D131/><U31/><E128/><V132/><F115/><W112/><G129/><T11/><D113/><U64/><E34/><V89/><F37/><W44/><G112/><T101/><D75/><U127/><E73/><V109/><F109/><W32/><G32/><T81/><D117/><U55/><E55/><V59/><F104/><W62/><G108/><T52/><D81/><U135/><E135/><V122/><F66/><W71/><G71/><T14/><D101/><U36/><E10/><V85/><F102/><W13/><G44/><T45/><D96/><U114/><E114/><V49/><F3/><W9/><REACH who="3" step="1"/><G99/><REACH who="3" ten="471,44,303,172" step="2"/><T40/><D45/><U56/><E124/><V23/><F125/><W50/><G50/><T19/><D46/><U22/><E33/><V28/><F49/><W79/><G79/><N who="0" m="46111" /><D40/><U110/><E110/><V106/><F132/><W48/><G48/><T90/><D90/><U77/><E77/><V20/><F89/><W24/><G24/><T133/><D133/><U116/><E127/><V53/><F26/><W5/><G5/><T35/><D35/><U2/><E116/><V30/><F122/><W70/><G70/><T51/><D51/><U126/><E126/><V0/><F63/><W21/><G21/><T17/><D61/><U8/><E47/><V39/><F23/><W130/><G130/><T15/><D88/><U107/><E91/><V74/><F20/><W94/><G94/><T38/><D38/><U69/><E36/><RYUUKYOKU ba="0,1" sc="471,-10,44,-10,303,-10,172,30" hai3="6,9,13,54,57,58,60,62,95,97,103,120,123" /><INIT seed="3,1,1,0,2,3" ten="461,34,293,202" oya="3" hai0="42,66,33,38,132,84,65,5,52,46,129,92,61" hai1="19,22,120,32,111,107,58,31,54,100,24,75,94" hai2="1,16,112,128,83,85,130,71,53,99,109,44,88" hai3="20,45,105,87,110,40,97,102,123,82,72,4,77"/><W0/><G123/><T14/><D33/><U78/><E107/><V17/><F109/><W60/><G110/><T47/><D132/><U67/><E111/><V116/><F116/><W29/><G60/><T121/><D121/><U70/><E120/><V86/><F71/><W98/><G98/><T48/><D129/><N who="2" m="49770" /><F1/><W119/><G119/><T103/><D61/><U93/><E67/><V23/><F23/><W113/><G113/><T101/><D101/><U80/><E70/><V8/><F8/><N who="3" m="2055" /><G20/><T131/><D131/><U49/><REACH who="1" step="1"/><E100/><REACH who="1" ten="461,24,293,202" step="2"/><V89/><F112/><W11/><G102/><T125/><D66/><U10/><E10/><V135/><F135/><W35/><G11/><T79/><D65/><U26/><AGARI ba="1,2" hai="19,22,24,26,31,32,49,54,58,75,78,80,93,94" machi="26" ten="20,2700,0" yaku="1,1,0,1,7,1,53,0" doraHai="3" doraHaiUra="68" who="1" fromWho="1" sc="461,-8,24,50,293,-8,202,-14" /><INIT seed="4,0,0,0,0,124" ten="453,74,285,188" oya="0" hai0="84,63,50,38,17,72,0,16,104,21,76,113,81" hai1="24,29,28,116,86,6,112,88,35,37,133,73,46" hai2="48,91,135,20,71,31,55,109,8,129,114,89,122" hai3="49,60,56,52,74,99,93,15,106,43,120,68,126"/><T9/><D104/><U108/><E73/><V22/><F71/><W83/><G106/><T7/><D38/><U79/><E116/><V107/><F107/><W85/><G74/><T59/><D113/><U118/><E118/><V61/><F114/><W11/><G126/><T92/><D50/><U78/><E112/><V125/><F61/><W36/><G36/><T33/><D33/><U131/><E6/><V44/><F109/><W62/><G120/><T127/><D127/><U39/><E108/><V66/><F66/><W80/><G68/><T77/><D92/><U32/><E133/><V25/><F135/><W69/><G69/><T130/><D130/><U27/><E131/><V70/><F70/><W134/><G134/><T123/><D123/><U97/><E97/><V128/><F125/><W58/><G43/><T117/><D117/><U42/><REACH who="1" step="1"/><E39/><REACH who="1" ten="453,64,285,188" step="2"/><V103/><F122/><W3/><G99/><T14/><D72/><U40/><E40/><V51/><F128/><W57/><G85/><T18/><D76/><U87/><E87/><V121/><F121/><W26/><G3/><T13/><D0/><U23/><E23/><V115/><F22/><W82/><G11/><T67/><AGARI ba="0,1" hai="7,9,13,14,16,17,18,21,59,63,67,77,81,84" machi="67" ten="20,7800,0" yaku="0,1,7,1,8,1,54,1" doraHai="124" who="0" fromWho="0" sc="453,88,64,-26,285,-26,188,-26" /><INIT seed="4,1,0,1,5,103" ten="541,38,259,162" oya="0" hai0="104,124,125,12,92,102,16,23,67,9,70,123,110" hai1="27,68,58,53,13,39,5,20,73,117,55,54,82" hai2="46,19,86,118,133,59,85,17,94,14,63,42,26" hai3="106,95,98,43,15,108,40,64,8,109,105,45,24"/><T18/><D123/><U74/><E68/><V112/><F112/><W90/><G64/><T99/><D110/><U37/><E117/><V49/><F133/><W34/><G43/><T47/><D70/><U3/><E3/><V84/><F118/><W6/><G34/><T75/><D67/><U35/><E35/><V36/><F36/><W50/><REACH who="3" step="1"/><G24/><REACH who="3" ten="541,38,259,152" step="2"/><N who="0" m="14439" /><D75/><U120/><E74/><V0/><F26/><W76/><G76/><T66/><D66/><U96/><E73/><V78/><F78/><W119/><G119/><T88/><D47/><U128/><E27/><V71/><F42/><W51/><G51/><T129/><D129/><U25/><E128/><V93/><F49/><W7/><G7/><T1/><D1/><U28/><E39/><V115/><F46/><W79/><G79/><T4/><D4/><U62/><E37/><V116/><F116/><W126/><G126/><T52/><D124/><U83/><E120/><V132/><F0/><W81/><G81/><T77/><D77/><U21/><E82/><V72/><F72/><W65/><G65/><T89/><D125/><U122/><E83/><V69/><F71/><W130/><G130/><T41/><D41/><U33/><E122/><V31/><F69/><W127/><G127/><T87/><D52/><U29/><E33/><V60/><F60/><W22/><G22/><T135/><D135/><U38/><E38/><V2/><F63/><W101/><G101/><T114/><D114/><U134/><E134/><V44/><F115/><W111/><AGARI ba="1,1" hai="6,8,15,40,45,50,90,95,98,105,106,108,109,111" machi="111" ten="30,7900,0" yaku="1,1,0,1,52,2,53,0" doraHai="103" doraHaiUra="80" who="3" fromWho="3" sc="541,-40,38,-21,259,-21,152,92" /><INIT seed="5,0,0,4,1,97" ten="501,17,238,244" oya="1" hai0="119,48,89,78,26,50,128,60,90,36,129,87,133" hai1="27,42,94,46,5,18,52,65,118,45,47,9,61" hai2="76,99,14,120,126,110,34,112,69,25,21,109,30" hai3="108,12,37,123,82,57,13,63,73,29,105,39,91"/><U43/><E118/><V83/><F120/><W44/><G105/><T111/><D36/><U3/><E94/><V85/><F69/><W68/><G68/><T64/><D119/><U132/><E132/><V28/><F126/><W8/><G108/><T95/><D111/><U96/><E96/><V70/><F70/><W121/><G29/><T72/><D133/><U1/><E1/><V116/><F116/><W15/><G8/><T51/><D72/><U17/><E65/><V62/><F112/><W115/><G115/><T93/><D78/><U71/><E71/><V102/><F62/><W117/><G117/><T4/><D4/><U77/><E77/><V134/><F134/><W101/><G73/><T35/><D60/><U67/><E67/><V92/><REACH who="2" step="1"/><F30/><REACH who="2" ten="501,17,228,244" step="2"/><W80/><G63/><T55/><D129/><U114/><E114/><V56/><F56/><W16/><G57/><T33/><D128/><U24/><E61/><V59/><F59/><W7/><G121/><T53/><D64/><U130/><E130/><V20/><F20/><W124/><G124/><T104/><D33/><U122/><E122/><V41/><F41/><N who="1" m="15369" /><E52/><V74/><F74/><W113/><G113/><T38/><D55/><U131/><E131/><V103/><F103/><W31/><G101/><T125/><D53/><U40/><N who="1" m="15377" /><U54/><DORA hai="32" /><E54/><V107/><F107/><W23/><G123/><T11/><D104/><U10/><E10/><V127/><F127/><W66/><G66/><T22/><D11/><U6/><E6/><V58/><F58/><W86/><G7/><T49/><D125/><RYUUKYOKU ba="0,1" sc="501,-15,17,15,228,15,244,-15" hai1="3,5,9,17,18,24,27,45,46,47" hai2="14,21,25,28,34,76,83,85,92,99,102,109,110" /><INIT seed="5,1,1,2,5,57" ten="486,32,243,229" oya="1" hai0="80,104,120,51,70,118,27,47,24,76,2,15,19" hai1="55,78,35,124,119,85,8,86,56,5,110,79,109" hai2="45,75,39,63,107,28,11,9,38,108,117,23,91" hai3="83,133,31,129,0,68,60,122,44,102,34,77,12"/><U132/><E35/><V121/><F108/><N who="1" m="41577" /><E119/><V59/><F121/><W1/><G12/><T16/><D2/><U33/><E33/><V48/><F75/><W7/><G7/><T25/><D104/><U123/><E123/><V46/><F107/><W21/><G21/><T112/><D118/><U93/><E132/><V30/><F117/><W81/><G81/><T89/><D120/><U115/><E115/><V3/><F3/><W18/><G18/><T90/><D112/><U62/><E124/><V130/><F23/><W42/><G102/><T127/><D70/><U126/><E126/><V111/><F111/><W113/><G133/><T22/><D127/><U53/><E53/><V4/><F4/><W54/><G54/><N who="0" m="30079" /><D19/><U13/><E86/><AGARI ba="1,1" hai="15,16,22,24,25,27,76,80,86,89,90" m="30079" machi="86" ten="30,2000,0" yaku="8,1,54,1" doraHai="57" who="0" fromWho="1" sc="486,33,32,-23,243,0,229,0" /><INIT seed="6,0,0,4,1,21" ten="519,9,243,229" oya="2" hai0="34,3,89,118,6,78,97,105,42,55,96,67,56" hai1="80,41,70,61,52,107,108,36,94,48,15,84,106" hai2="17,104,85,22,113,58,26,49,1,19,20,93,135" hai3="82,8,134,13,43,27,25,81,130,86,54,117,125"/><V79/><F104/><W24/><G117/><T114/><D34/><U127/><E108/><V63/><F1/><W33/><G33/><T109/><D114/><U91/><E127/><V29/><F113/><W101/><G125/><T7/><D109/><U112/><E112/><V30/><F135/><W116/><G116/><T120/><D3/><U71/><E71/><V111/><F49/><W5/><G134/><T129/><D120/><U12/><E12/><N who="2" m="9255" /><F111/><W4/><G130/><T69/><D69/><U16/><E80/><N who="3" m="30826" /><G43/><T131/><D42/><U59/><E36/><V53/><F79/><W115/><G115/><T10/><D67/><U65/><E41/><V90/><AGARI ba="0,0" hai="19,22,26,29,30,53,58,63,85,90,93" m="9255" machi="90" ten="30,3000,0" yaku="8,1,52,1" doraHai="21" who="2" fromWho="2" sc="519,-10,9,-10,243,30,229,-10" owari="509,61.0,-1,-50.0,273,7.0,219,-18.0" /></mjloggm>