<mjloggm ver="2.3"><GO type="169" lobby="0"/><UN n0="%E3%82%B9%E3%83%A9%E3%82%A4%E3%83%A0%E3%83%8A%E3%82%A4%E3%83%88" n1="%E3%83%AD%E3%83%83%E3%83%86%E9%9B%80%EF%BC%84%E6%94%B9" n2="%68%69%72%6F%70%65%6E" n3="%E3%82%86%E3%81%BF%E2%98%86%E3%83%9F" dan="16,16,17,16" rate="2051.18,2114.89,2128.76,2097.89" sx="M,M,M,F"/><TAIKYOKU oya="0"/><INIT seed="0,0,0,4,0,11" ten="250,250,250,250" oya="0" hai0="9,3,120,115,132,88,82,15,42,96,125,28,26" hai1="124,112,23,29,59,73,116,49,66,34,57,101,22" hai2="111,16,71,20,10,17,109,35,2,128,19,33,74" hai3="53,5,92,48,121,18,86,56,84,79,14,113,47"/><T133/><D115/><U83/><E116/><V44/><F71/><W99/><G113/><T97/><D120/><U135/><E112/><V38/><F74/><W103/><G5/><T78/><D3/><U39/><E39/><V8/><F38/><W127/><G121/><T27/><D125/><U64/><E124/><V37/><F37/><W98/><G127/><T58/><D42/><U76/><E135/><N who="0" m="51785" /><D58/><U67/><E101/><V102/><F102/><W80/><G99/><N who="0" m="37963" /><D28/><U41/><E59/><V51/><F128/><W107/><G107/><T130/><D130/><U108/><E108/><N who="2" m="41547" /><F20/><W40/><G80/><T46/><D46/><U75/><E75/><V81/><F81/><W118/><G79/><T126/><D126/><U119/><E119/><V87/><F87/><W89/><G118/><T91/><D78/><U90/><E90/><N who="0" m="34345" /><D82/><U94/><E83/><V13/><F2/><W55/><G89/><T24/><D24/><U117/><E76/><V25/><F25/><W65/><G65/><T131/><D131/><U36/><E66/><V7/><F8/><N who="3" m="6471" /><G40/><AGARI ba="0,0" hai="7,10,13,16,17,19,33,35,40,44,51" m="41547" machi="40" ten="30,3900,0" yaku="14,1,52,1,54,1" doraHai="11" who="2" fromWho="3" sc="250,0,250,0,250,39,250,-39" /><INIT seed="1,0,0,3,5,71" ten="250,250,289,211" oya="1" hai0="103,111,34,57,48,51,105,68,132,128,26,81,18" hai1="99,49,44,129,113,22,69,109,25,50,106,79,123" hai2="56,19,92,115,11,3,21,28,64,121,35,37,15" hai3="13,110,12,4,62,40,38,82,61,84,95,76,1"/><U43/><E123/><V17/><F121/><W126/><G110/><T116/><D68/><U54/><E113/><V85/><F115/><W77/><G126/><T127/><D116/><U112/><E112/><V78/><F37/><W93/><G84/><T16/><D111/><U58/><E109/><V114/><F114/><W14/><G1/><T23/><D127/><U27/><E129/><V2/><F28/><W9/><G4/><T29/><D128/><U53/><E69/><V135/><F35/><W0/><G0/><T55/><D132/><U119/><E119/><V118/><F135/><W94/><G9/><T131/><D131/><U134/><E134/><V96/><F118/><W47/><REACH who="3" step="1"/><G82/><REACH who="3" ten="250,250,289,201" step="2"/><T80/><D81/><U122/><E122/><V65/><F2/><W98/><G98/><T104/><D80/><U83/><E99/><V102/><F3/><W67/><G67/><T42/><D103/><U63/><E106/><V60/><F85/><W89/><G89/><T133/><D133/><U75/><REACH who="1" step="1"/><E22/><REACH who="1" ten="250,240,289,201" step="2"/><V130/><F130/><W120/><G120/><T10/><D104/><U46/><AGARI ba="0,2" hai="25,27,43,44,46,49,50,53,54,58,63,75,79,83" machi="46" ten="20,7800,0" yaku="1,1,2,1,0,1,7,1,53,0" doraHai="71" doraHaiUra="124" who="1" fromWho="1" sc="250,-26,240,98,289,-26,201,-26" /><INIT seed="1,1,0,0,0,22" ten="224,338,263,175" oya="1" hai0="4,63,129,133,82,17,123,12,110,8,10,43,90" hai1="70,95,71,32,132,29,130,114,3,7,62,38,75" hai2="107,1,98,111,113,84,100,50,27,64,118,109,2" hai3="89,135,67,6,85,87,36,30,57,37,31,106,126"/><U83/><E95/><V103/><F118/><W11/><G106/><T66/><D110/><N who="2" m="41994" /><F113/><W92/><G126/><T81/><D129/><U23/><E23/><V39/><F39/><W91/><G135/><T44/><D133/><U51/><E51/><V78/><F100/><W15/><G37/><T33/><D33/><U72/><E130/><V26/><F64/><W40/><G36/><T42/><D90/><U68/><E132/><V116/><F116/><W59/><G40/><T93/><D93/><U112/><E62/><V41/><F78/><W94/><G67/><T25/><D123/><U99/><E99/><V119/><F119/><W13/><G13/><T101/><D101/><U125/><E125/><V86/><F86/><W48/><REACH who="3" step="1"/><G48/><REACH who="3" ten="224,338,263,165" step="2"/><T14/><D43/><U20/><E38/><V73/><F50/><W46/><G46/><T96/><D44/><U97/><E114/><V127/><F41/><W54/><G54/><T9/><D42/><U35/><E112/><V18/><F107/><W122/><G122/><T76/><D66/><U74/><E3/><V16/><F1/><W124/><G124/><T79/><D12/><U45/><E45/><V120/><F2/><W104/><G104/><T5/><D14/><U21/><E71/><V108/><F120/><W105/><G105/><T121/><D121/><U60/><E70/><V55/><F55/><W102/><G102/><T58/><D58/><AGARI ba="1,1" hai="6,11,15,30,31,57,58,59,85,87,89,91,92,94" machi="58" ten="40,5200,0" yaku="1,1,9,1,8,1,53,0" doraHai="22" doraHaiUra="47" who="3" fromWho="0" sc="224,-55,338,0,263,0,165,65" /><INIT seed="2,0,0,4,2,122" ten="169,338,263,230" oya="2" hai0="19,91,108,132,28,58,57,128,44,40,50,96,18" hai1="120,30,62,37,90,134,1,11,43,100,52,16,45" hai2="97,47,34,9,36,32,17,56,66,99,7,88,79" hai3="95,112,54,63,31,74,125,39,67,76,41,106,110"/><V51/><F17/><W121/><G106/><T8/><D132/><U68/><E134/><V61/><F79/><W29/><G121/><T84/><D128/><U10/><E120/><V27/><F36/><W92/><G54/><T115/><D115/><U113/><E113/><V71/><F71/><W78/><G112/><T129/><D129/><U98/><E1/><V26/><F32/><W109/><G39/><T104/><D28/><U14/><E30/><V65/><F65/><W22/><G22/><T46/><D104/><U86/><E11/><V72/><F72/><W124/><G67/><T107/><D107/><U20/><E20/><V35/><F35/><W2/><G63/><T102/><D102/><U87/><E90/><V81/><F34/><W6/><G6/><T93/><D96/><N who="2" m="36938" /><F9/><W77/><G77/><T59/><D8/><U119/><E119/><V103/><F7/><W101/><G101/><T118/><D118/><U33/><E33/><V83/><F103/><W89/><G89/><T82/><D93/><U4/><E4/><V55/><F81/><W0/><G41/><T131/><D131/><U123/><E123/><V21/><F21/><W12/><G12/><T24/><D24/><U114/><E114/><V111/><F111/><W38/><G38/><T70/><D70/><U133/><E133/><V5/><F5/><W49/><G49/><N who="0" m="26759" /><D108/><U42/><E68/><V64/><F64/><W53/><REACH who="3" step="1"/><G53/><AGARI ba="0,0" hai="18,19,46,50,53,57,58,59,82,84,91" m="26759" machi="53" ten="30,1000,0" yaku="8,1" doraHai="122" who="0" fromWho="3" sc="169,10,338,0,263,0,230,-10" /><INIT seed="3,0,0,5,5,70" ten="179,338,263,220" oya="3" hai0="34,10,11,6,24,82,132,74,31,108,67,63,13" hai1="96,65,9,28,106,115,4,133,88,85,72,45,80" hai2="16,77,128,119,46,14,90,116,40,101,71,26,84" hai3="64,18,120,131,110,56,17,109,33,38,43,8,99"/><W62/><G33/><T83/><D108/><N who="3" m="41577" /><G120/><T52/><D132/><U7/><E133/><V5/><F71/><W130/><G99/><T53/><D11/><U117/><E115/><V66/><F66/><W3/><G3/><T22/><D34/><U20/><E117/><V125/><F125/><W76/><G76/><T69/><REACH who="0" step="1"/><D74/><REACH who="0" ten="169,338,263,220" step="2"/><U93/><E72/><V1/><F119/><W50/><G8/><T127/><D127/><U73/><E73/><V30/><F116/><W105/><G105/><T49/><D49/><U134/><E9/><V112/><F112/><W118/><G50/><T103/><D103/><U126/><E106/><V87/><F101/><W91/><G118/><T58/><D58/><U95/><E126/><V39/><F1/><W36/><G91/><T81/><AGARI ba="0,1" hai="6,10,13,22,24,31,52,53,63,67,69,81,82,83" machi="81" ten="30,4000,0" yaku="1,1,0,1,54,1,53,0" doraHai="70" doraHaiUra="121" who="0" fromWho="0" sc="169,50,338,-10,263,-10,220,-20" /><INIT seed="4,0,0,0,0,36" ten="219,328,253,200" oya="0" hai0="93,15,69,135,81,65,27,116,9,0,26,22,59" hai1="73,107,14,74,33,4,92,23,42,37,68,19,125" hai2="30,128,83,109,35,11,79,97,103,53,61,12,57" hai3="72,88,45,54,91,130,100,41,108,85,84,75,117"/><T49/><D116/><U10/><E107/><V114/><F109/><W105/><G117/><T119/><D119/><U96/><E125/><V2/><F128/><W44/><G108/><T18/><D135/><U46/><E68/><V110/><F110/><W55/><G130/><T25/><D69/><U133/><E33/><V102/><F114/><W70/><G70/><T132/><D132/><U50/><E37/><V71/><F2/><W20/><G20/><T39/><D39/><U56/><E56/><V66/><F30/><W86/><G86/><T62/><D81/><U113/><E113/><V99/><F35/><W76/><G76/><T52/><BYE who="3" /><D93/><U90/><REACH who="1" step="1"/><E133/><REACH who="1" ten="219,318,253,200" step="2"/><V5/><F71/><W24/><G24/><AGARI ba="0,1" hai="4,10,14,19,23,24,42,46,50,73,74,90,92,96" machi="24" ten="30,8000,1" yaku="1,1,2,1,7,1,52,1,53,1" doraHai="36" doraHaiUra="6" who="1" fromWho="3" sc="219,0,318,90,253,0,200,-80" /><INIT seed="5,0,0,1,2,115" ten="219,408,253,120" oya="1" hai0="109,55,119,52,45,25,126,82,81,42,0,116,120" hai1="70,85,90,73,77,97,21,30,110,14,121,28,50" hai2="100,36,37,18,39,114,111,59,64,17,84,8,60" hai3="57,83,79,95,4,22,99,40,3,46,26,102,134"/><U34/><E70/><V61/><F111/><W15/><G15/><T32/><D0/><U35/><E73/><V54/><F114/><W24/><G24/><T2/><D2/><U118/><E118/><V130/><F130/><W56/><G56/><T23/><D109/><U122/><E77/><V131/><F131/><W128/><G128/><T89/><D32/><U9/><E97/><V127/><F127/><W6/><G6/><T91/><D126/><UN n3="%E3%82%86%E3%81%BF%E2%98%86%E3%83%9F" /><U62/><E62/><V117/><F117/><W51/><G134/><T124/><D124/><U43/><E110/><V67/><F8/><W58/><G3/><T76/><D120/><U105/><E105/><V27/><F27/><W107/><G4/><T133/><D133/><U68/><E68/><V44/><F100/><W11/><G11/><T5/><D5/><U123/><E50/><N who="2" m="28999" /><F17/><W33/><G33/><T20/><D25/><U48/><E9/><V93/><F18/><W49/><G49/><T135/><D135/><U129/><E30/><V74/><F74/><W86/><REACH who="3" step="1"/><G107/><REACH who="3" ten="219,408,253,110" step="2"/><T92/><D116/><U113/><E34/><V132/><F132/><W41/><G41/><T66/><D119/><U104/><E35/><V112/><F112/><W88/><G88/><T38/><D91/><U78/><E90/><N who="2" m="53447" /><F37/><W65/><G65/><T96/><D66/><U10/><E10/><V103/><F103/><W13/><G13/><T106/><D106/><U71/><E122/><V87/><F36/><W94/><G94/><T98/><D55/><U108/><E123/><V63/><F39/><W1/><G1/><T125/><D38/><RYUUKYOKU ba="0,1" sc="219,-10,408,-10,253,-10,110,30" hai3="22,26,40,46,51,57,58,79,83,86,95,99,102" /><INIT seed="6,1,1,2,5,98" ten="209,398,243,140" oya="2" hai0="103,88,8,18,78,24,74,17,84,48,106,46,105" hai1="73,132,20,75,120,81,38,108,122,59,58,119,117" hai2="23,126,125,110,131,65,128,40,130,22,97,63,62" hai3="29,2,107,42,56,13,7,80,19,36,83,11,91"/><V82/><F110/><W77/><G107/><T49/><D74/><U3/><E3/><V95/><F40/><W51/><G36/><T86/><D49/><U1/><E1/><V41/><F41/><W32/><G91/><T118/><D118/><U60/><E38/><V55/><F82/><W94/><G94/><T53/><D78/><N who="1" m="44239" /><E75/><V47/><F47/><W26/><G77/><T90/><D105/><U64/><E132/><V104/><F104/><W113/><G113/><T123/><D123/><N who="1" m="47147" /><E108/><V0/><F0/><W57/><G57/><N who="1" m="21514" /><E20/><N who="2" m="7723" /><F55/><W34/><G34/><T116/><D116/><U101/><E101/><N who="2" m="60607" /><F65/><W12/><G12/><N who="0" m="7303" /><D103/><U6/><E6/><V79/><F79/><W93/><G93/><T16/><D106/><U25/><E25/><V10/><F10/><W102/><G102/><T100/><D100/><U33/><E33/><V121/><F121/><W124/><G124/><AGARI ba="1,1" hai="62,63,124,125,126,128,130,131" m="60607,7723" machi="124" ten="40,7700,0" yaku="18,1,19,1,52,1" doraHai="98" who="2" fromWho="3" sc="209,0,398,0,243,90,140,-80" /><INIT seed="6,2,0,1,0,87" ten="209,398,333,60" oya="2" hai0="75,126,100,13,46,20,80,129,97,51,118,42,9" hai1="133,2,11,34,61,111,64,18,44,71,36,81,19" hai2="60,102,23,16,68,101,49,115,132,114,22,25,39" hai3="73,96,53,134,135,120,77,104,59,84,123,10,66"/><V5/><F39/><W17/><G66/><T116/><D129/><U52/><E111/><V92/><F132/><N who="3" m="50731" /><G73/><T108/><D108/><U113/><E34/><V45/><F5/><W117/><G117/><T90/><D126/><U122/><E113/><N who="2" m="43019" /><F92/><W95/><G104/><T103/><D75/><U1/><E133/><V47/><F23/><W26/><G84/><T76/><D76/><U15/><E122/><V93/><F93/><W33/><G77/><T94/><D20/><U91/><E19/><V0/><F0/><W121/><G33/><T4/><REACH who="0" step="1"/><D80/><REACH who="0" ten="199,398,333,60" step="2"/><U54/><E81/><V107/><F22/><N who="3" m="13647" /><G10/><T69/><D69/><U29/><E11/><V85/><F68/><W125/><G125/><T8/><D8/><U88/><E71/><V38/><F25/><W86/><G86/><T65/><D65/><U63/><E64/><V105/><F85/><W58/><G53/><T130/><D130/><U21/><E54/><V40/><F40/><W79/><G79/><T48/><D48/><U31/><E52/><V14/><F49/><W12/><G12/><T43/><D43/><U124/><E15/><V89/><F14/><W72/><G72/><T78/><D78/><U99/><E124/><V3/><F3/><W7/><G7/><T131/><D131/><U6/><E2/><V41/><F41/><W98/><G98/><T30/><D30/><U50/><E6/><V109/><F109/><W128/><G128/><T56/><D56/><U24/><E1/><V119/><F119/><AGARI ba="2,1" hai="4,9,13,42,46,51,90,94,97,100,103,116,118,119" machi="119" ten="40,5200,0" yaku="1,1,12,1,52,1,53,0" doraHai="87" doraHaiUra="74" who="0" fromWho="2" sc="199,68,398,0,333,-58,60,0" /><INIT seed="7,0,0,3,3,26" ten="267,398,275,60" oya="3" hai0="32,113,100,76,20,71,4,18,101,60,87,66,81" hai1="56,127,107,130,33,30,53,21,48,17,54,74,116" hai2="5,105,126,98,8,99,135,103,51,14,77,79,13" hai3="59,9,39,68,92,108,84,118,90,110,114,44,40"/><W75/><G68/><T49/><D32/><U133/><E107/><V124/><F135/><W91/><G118/><T25/><D113/><U31/><E74/><V22/><F98/><W94/><G75/><T83/><D4/><U27/><E133/><V117/><F117/><W115/><G9/><T37/><D37/><U1/><E1/><V62/><F62/><W36/><G59/><T43/><REACH who="0" step="1"/><D83/><REACH who="0" ten="257,398,275,60" step="2"/><U97/><E33/><V65/><F65/><W57/><G57/><T109/><D109/><N who="3" m="42089" /><G36/><T128/><D128/><U93/><E56/><V95/><F51/><W129/><G129/><T112/><D112/><N who="3" m="43049" /><G91/><T24/><D24/><U23/><E27/><V122/><F77/><W134/><G134/><T85/><D85/><U0/><E130/><V132/><F79/><W131/><G131/><T38/><D38/><U88/><E88/><V89/><F132/><W35/><G35/><T80/><D80/><AGARI ba="0,1" hai="39,40,44,80,84,90,92,94" m="43049,42089" machi="80" ten="30,2900,0" yaku="10,1,15,1" doraHai="26" who="3" fromWho="0" sc="257,-29,398,0,275,0,60,39" /><INIT seed="7,1,0,1,3,75" ten="228,398,275,99" oya="3" hai0="103,71,20,23,83,51,121,70,22,17,91,77,94" hai1="61,123,41,6,132,128,19,34,42,52,31,73,125" hai2="107,48,82,53,72,39,87,127,66,134,100,80,27" hai3="74,104,120,32,25,92,67,54,131,96,56,49,33"/><W1/><G104/><T2/><D121/><U126/><E73/><V37/><F127/><N who="1" m="48649" /><E6/><V36/><F134/><W24/><G120/><T62/><D2/><U88/><E31/><V129/><F129/><W3/><G74/><T130/><D130/><U28/><E28/><V13/><F66/><W79/><G131/><T122/><D122/><U15/><E34/><V111/><F111/><W118/><G118/><T133/><D133/><U5/><E5/><V65/><F65/><W50/><G67/><T86/><D103/><U97/><E132/><V89/><F27/><W35/><G50/><T68/><D62/><U69/><E69/><V7/><F100/><W102/><REACH who="3" step="1"/><G79/><REACH who="3" ten="228,398,275,89" step="2"/><T110/><D51/><U59/><E123/><V57/><F107/><W26/><AGARI ba="1,1" hai="1,3,24,25,26,32,33,35,49,54,56,92,96,102" machi="26" ten="40,7800,0" yaku="1,1,2,1,0,1,53,0" doraHai="75" doraHaiUra="18" who="3" fromWho="3" sc="228,-27,398,-27,275,-27,89,91" /><INIT seed="7,2,0,2,3,43" ten="201,371,248,180" oya="3" hai0="117,78,101,115,132,61,39,114,6,56,31,119,82" hai1="103,65,76,49,42,36,12,4,5,10,130,89,8" hai2="38,107,48,15,134,60,100,131,113,70,30,54,75" hai3="28,33,11,112,13,122,67,90,120,59,23,53,18"/><W71/><G71/><T58/><D132/><U92/><E36/><V94/><F38/><W32/><G32/><T3/><D39/><U110/><E110/><V72/><F107/><W111/><G111/><T27/><D101/><U24/><E76/><V121/><F134/><W91/><G67/><N who="0" m="39335" /><D58/><U77/><E77/><V64/><F64/><W29/><G33/><N who="0" m="20735" /><D6/><U57/><E130/><V47/><F70/><W80/><G112/><N who="0" m="43051" /><D3/><U99/><E24/><V116/><F131/><W40/><G40/><T128/><D128/><U7/><E103/><V85/><F113/><W127/><G127/><T62/><D62/><N who="1" m="38095" /><E10/><V17/><F100/><W21/><G122/><T81/><D81/><U20/><E20/><N who="3" m="7754" /><G80/><T46/><D46/><AGARI ba="2,0" hai="4,5,7,8,12,42,46,49,89,92,99" m="38095" machi="46" ten="30,2000,0" yaku="8,1,52,1" doraHai="43" who="1" fromWho="0" sc="201,-26,371,26,248,0,180,0" owari="175,-32.0,397,49.0,248,5.0,180,-22.0" /></mjloggm>