<mjloggm ver="2.3"><GO type="169" lobby="0"/><UN n0="%E3%82%80%E3%81%A3%E3%81%8D%E3%83%BC" n1="%E3%81%95%E3%81%95%E3%81%95%E3%81%95" n2="%E7%9B%AE%E7%8E%89%E9%87%8E%E9%83%8E" n3="%E3%81%98%E3%82%83%E3%82%80%E2%99%AD" dan="17,16,16,17" rate="2131.63,2042.85,2073.50,2123.44" sx="F,M,M,M"/><TAIKYOKU oya="0"/><INIT seed="0,0,0,0,4,77" ten="250,250,250,250" oya="0" hai0="84,7,57,17,8,105,56,111,6,18,71,99,135" hai1="114,86,50,46,102,15,55,85,132,61,2,121,75" hai2="68,23,101,82,35,106,116,44,67,108,98,94,100" hai3="62,16,87,28,74,134,11,34,52,120,13,12,96"/><T9/><D71/><U127/><E2/><V88/><F108/><W92/><G74/><T104/><D84/><U128/><E121/><V1/><F1/><W3/><G120/><T122/><D122/><U30/><E75/><V22/><F116/><W83/><G134/><T19/><D135/><U113/><E132/><V59/><F35/><W58/><G34/><T29/><D99/><U69/><E102/><N who="2" m="39531" /><F68/><W103/><G28/><T26/><D26/><U112/><E127/><V0/><F0/><W80/><G3/><T48/><D48/><U24/><E15/><V125/><F106/><W118/><G118/><T70/><D70/><U4/><E4/><N who="0" m="1577" /><D29/><U64/><REACH who="1" step="1"/><E128/><REACH who="1" ten="250,240,250,250" step="2"/><V31/><F125/><W91/><REACH who="3" step="1"/><G12/><REACH who="3" ten="250,240,250,240" step="2"/><T43/><D111/><U109/><E109/><V65/><F67/><W51/><G51/><T37/><D37/><U129/><E129/><V89/><F65/><W93/><AGARI ba="0,2" hai="11,13,16,52,58,62,80,83,87,91,92,93,96,103" machi="93" ten="20,16000,3" yaku="1,1,0,1,7,1,8,1,52,2,54,2,53,0" doraHai="77" doraHaiUra="27" who="3" fromWho="3" sc="250,-80,240,-40,250,-40,240,180" /><INIT seed="1,0,0,3,2,123" ten="170,200,210,420" oya="1" hai0="68,11,135,64,91,13,56,5,128,71,21,30,127" hai1="133,35,95,116,96,48,52,55,26,112,97,130,74" hai2="78,89,98,18,111,9,92,109,104,118,27,59,44" hai3="6,115,16,119,131,80,54,84,31,39,43,72,125"/><U22/><E74/><V10/><F118/><W121/><G115/><T94/><D135/><U65/><E116/><V76/><F104/><W81/><G121/><T60/><D128/><U12/><E112/><V46/><F59/><W58/><G119/><T113/><D127/><U108/><E130/><V37/><F37/><W36/><G131/><T8/><D113/><U28/><E133/><V114/><F114/><W7/><G31/><T67/><D67/><U75/><E75/><V124/><F124/><W73/><G125/><T50/><D8/><N who="2" m="3178" /><F44/><W79/><G43/><T70/><D30/><U24/><E12/><V14/><F27/><W101/><G101/><T61/><D21/><U110/><E65/><V45/><F45/><W29/><G29/><T2/><D60/><U117/><E117/><V106/><F46/><W34/><G34/><T107/><D107/><U99/><E95/><V49/><F49/><W1/><G73/><T20/><D20/><U47/><REACH who="1" step="1"/><E55/><REACH who="1" ten="170,190,210,420" step="2"/><V87/><F106/><W103/><G54/><T63/><D13/><U90/><E90/><V102/><F102/><W82/><G103/><T132/><D132/><U25/><E25/><V32/><F92/><W33/><G79/><T42/><D64/><U40/><E40/><V83/><F89/><W88/><G88/><T129/><D129/><U51/><E51/><V77/><F77/><W69/><G72/><T126/><D126/><U19/><AGARI ba="0,1" hai="19,22,24,26,28,35,47,48,52,96,97,99,108,110" machi="19" ten="30,18000,2" yaku="1,1,0,1,52,2,54,1,53,2" doraHai="123" doraHaiUra="120" who="1" fromWho="1" sc="170,-60,190,190,210,-60,420,-60" /><INIT seed="1,1,0,0,3,92" ten="110,380,150,360" oya="1" hai0="1,35,39,123,91,3,68,30,23,109,131,8,28" hai1="45,65,121,36,10,80,107,82,12,125,122,87,118" hai2="114,34,22,133,100,67,88,52,110,54,44,26,58" hai3="4,20,33,66,42,59,62,106,77,27,120,127,31"/><U81/><E118/><V115/><F34/><W111/><G120/><T83/><D123/><U17/><E125/><V72/><F72/><W7/><G127/><T97/><D39/><U70/><E107/><V6/><F110/><W93/><G106/><T56/><D68/><U50/><E36/><V41/><F133/><W108/><G77/><T112/><D112/><U132/><E132/><V43/><F6/><N who="3" m="2091" /><G42/><T13/><D35/><U130/><E130/><V135/><F100/><W116/><G116/><T84/><D131/><U105/><E105/><V24/><F135/><W14/><G14/><T76/><D109/><N who="3" m="42057" /><G93/><N who="0" m="56511" /><D3/><U15/><E15/><V79/><F79/><W85/><G85/><T86/><D86/><U11/><E11/><V60/><F115/><W73/><G73/><T55/><D23/><AGARI ba="1,0" hai="20,23,27,31,33,59,62,66" m="42057,2091" machi="23" ten="30,1000,0" yaku="14,1" doraHai="92" who="3" fromWho="0" sc="110,-13,380,0,150,0,360,13" /><INIT seed="2,0,0,1,5,122" ten="97,380,150,373" oya="2" hai0="65,49,14,60,126,33,111,135,96,94,5,61,99" hai1="45,73,13,8,78,90,43,22,62,71,35,92,85" hai2="100,83,11,20,110,58,104,125,81,114,7,119,31" hai3="27,2,3,108,64,102,84,106,46,36,48,116,120"/><V109/><F114/><W41/><G108/><N who="2" m="41577" /><F119/><W121/><G116/><T47/><D33/><U115/><E35/><V19/><F125/><W9/><G64/><T51/><D126/><U88/><E22/><V130/><F130/><W10/><G84/><T74/><D74/><U67/><E73/><V1/><F31/><W29/><G102/><T17/><D5/><U6/><E115/><V113/><F113/><W123/><G106/><T72/><D72/><U97/><E78/><V95/><F104/><W89/><G89/><T30/><D30/><U93/><E45/><V16/><F58/><W26/><G29/><T69/><D47/><U28/><E28/><V44/><F44/><W80/><G120/><T133/><D111/><U117/><E117/><V127/><F127/><W0/><G121/><T18/><D69/><U86/><E43/><V40/><F40/><W76/><G123/><T82/><D135/><U50/><E50/><V38/><F38/><W4/><G48/><T52/><D49/><U42/><E42/><V55/><F55/><W37/><G36/><T87/><D52/><U131/><E131/><V63/><F63/><W91/><G46/><T15/><D51/><U134/><E134/><V12/><F19/><W101/><G37/><T112/><D133/><U103/><E103/><V53/><F53/><W98/><G101/><T34/><D112/><U128/><E128/><V54/><F54/><W77/><G41/><T25/><D60/><U132/><E132/><V129/><F129/><W57/><G57/><T107/><D61/><U79/><E79/><V105/><F105/><RYUUKYOKU ba="0,0" sc="97,-15,380,15,150,15,373,-15" hai1="6,8,13,62,67,71,85,86,88,90,92,93,97" hai2="1,7,11,12,16,20,81,83,95,100" /><INIT seed="2,1,0,0,0,86" ten="82,395,165,358" oya="2" hai0="121,34,55,123,13,133,110,105,98,28,108,101,47" hai1="44,36,93,56,131,52,67,74,113,73,116,106,23" hai2="24,27,129,63,103,92,79,85,18,71,125,40,37" hai3="25,96,10,130,94,115,78,6,48,41,42,68,111"/><V53/><F125/><W127/><G68/><T126/><D126/><U76/><E116/><V82/><F129/><W95/><G127/><T54/><D133/><U132/><E106/><V2/><F2/><W77/><G130/><T35/><D13/><U70/><E113/><V90/><F103/><W107/><G111/><N who="0" m="42539" /><D28/><U59/><E76/><V99/><F18/><W134/><G134/><T72/><D72/><U80/><E80/><V119/><F119/><W135/><G115/><T17/><D17/><U87/><E59/><V57/><REACH who="2" step="1"/><F71/><REACH who="2" ten="82,395,155,358" step="2"/><W112/><G112/><T32/><D47/><AGARI ba="1,1" hai="24,27,37,40,47,53,57,63,79,82,85,90,92,99" machi="47" ten="40,7700,0" yaku="1,1,2,1,52,1,53,0" doraHai="86" doraHaiUra="9" who="2" fromWho="0" sc="82,-80,395,0,155,90,358,0" /><INIT seed="2,2,0,2,5,37" ten="2,395,245,358" oya="2" hai0="51,114,49,28,108,83,86,56,78,10,97,48,131" hai1="20,66,23,115,44,109,65,82,43,21,2,123,57" hai2="118,30,0,113,92,29,112,27,102,134,61,95,129" hai3="64,81,101,33,13,135,126,3,34,35,60,127,46"/><V105/><F113/><W91/><G3/><T19/><D114/><U39/><E115/><V11/><F112/><W76/><G101/><T31/><D108/><U25/><E2/><V110/><F118/><W106/><G106/><T69/><D69/><U38/><E109/><V1/><F110/><W55/><G135/><T122/><D122/><U7/><E7/><V24/><F61/><W16/><G91/><T47/><D131/><U125/><E125/><N who="3" m="47626" /><G55/><N who="0" m="31871" /><D97/><U8/><E8/><V73/><F102/><W63/><G46/><T121/><D121/><U130/><E130/><V124/><F124/><W71/><G63/><T103/><D103/><U120/><E39/><V59/><F105/><W98/><G98/><T26/><D26/><U79/><E25/><V45/><F134/><W5/><G5/><T54/><D49/><U15/><E15/><AGARI ba="2,0" hai="10,15,19,28,31,47,48,54,78,83,86" m="31871" machi="15" ten="30,1000,0" yaku="8,1" doraHai="37" who="0" fromWho="1" sc="2,16,395,-16,245,0,358,0" /><INIT seed="3,0,0,2,3,5" ten="18,379,245,358" oya="3" hai0="114,59,112,85,92,113,36,54,134,29,7,99,14" hai1="12,31,67,116,124,70,121,25,32,117,78,27,115" hai2="119,111,52,56,125,105,10,43,22,64,106,3,74" hai3="102,101,18,130,71,135,107,118,127,126,110,120,16"/><W38/><RYUUKYOKU type="yao9" ba="0,0" sc="18,0,379,0,245,0,358,0" hai3="16,18,38,71,101,102,107,110,118,120,126,127,130,135" /><INIT seed="3,1,0,5,4,27" ten="18,379,245,358" oya="3" hai0="97,58,100,48,62,14,135,132,86,31,33,85,82" hai1="12,21,37,133,6,32,25,99,59,54,35,93,88" hai2="29,134,120,11,129,5,78,40,10,20,66,46,26" hai3="44,119,83,70,95,87,128,122,108,7,2,123,117"/><W127/><G70/><T115/><D115/><U126/><E37/><V67/><F120/><N who="3" m="46123" /><G7/><T64/><D14/><U42/><E42/><V55/><F134/><N who="0" m="51242" /><D48/><U15/><E133/><V13/><F129/><W49/><G2/><T57/><D57/><U107/><E126/><V79/><F55/><W34/><G34/><T39/><D39/><U50/><E107/><V0/><F79/><N who="3" m="46591" /><G44/><T74/><D74/><U105/><E105/><V130/><F78/><W53/><G53/><T106/><D82/><U56/><E56/><V17/><REACH who="2" step="1"/><F130/><REACH who="2" ten="18,379,235,358" step="2"/><W51/><G128/><T111/><D111/><U75/><E75/><V104/><F104/><W61/><G108/><T131/><D131/><U4/><E35/><V84/><F84/><N who="0" m="32362" /><D33/><U72/><E32/><V112/><F112/><W8/><G119/><T96/><D96/><U125/><E72/><V63/><F63/><W23/><G117/><T18/><D18/><N who="1" m="12471" /><E125/><V65/><F65/><W90/><G61/><T19/><D19/><U118/><E118/><V24/><F24/><W98/><G127/><T60/><D60/><U80/><E80/><V81/><F81/><W102/><G98/><T113/><D113/><U28/><E6/><V41/><F41/><W16/><G95/><T22/><D22/><U124/><E124/><V91/><F91/><W43/><G90/><T94/><D106/><U76/><E4/><V3/><F3/><W9/><G43/><T114/><D114/><U77/><E77/><V89/><F89/><W47/><G102/><T52/><D64/><U69/><E76/><V71/><F71/><W36/><G36/><AGARI ba="1,1" hai="0,5,10,11,13,17,20,26,29,36,40,46,66,67" machi="36" ten="30,8000,1" yaku="1,1,6,1,7,1,52,1,53,1" doraHai="27" doraHaiUra="68" who="2" fromWho="3" sc="18,0,379,0,235,93,358,-83" /><INIT seed="4,0,0,2,5,75" ten="18,379,328,275" oya="0" hai0="53,122,38,90,8,118,26,37,63,20,21,0,4" hai1="121,82,6,86,128,23,58,19,64,42,108,98,133" hai2="109,30,10,125,106,102,72,17,70,33,57,74,130" hai3="80,15,62,99,50,11,35,117,94,124,13,71,65"/><T97/><D122/><U83/><E108/><V47/><F70/><W5/><G117/><T18/><D118/><U59/><E121/><V123/><F33/><W39/><G39/><T56/><REACH who="0" step="1"/><D21/><REACH who="0" ten="8,379,328,275" step="2"/><U12/><E23/><V34/><F123/><W115/><G115/><T60/><D60/><U25/><E133/><V51/><F109/><W7/><G62/><T88/><D88/><U129/><E129/><V48/><F130/><W49/><G35/><T131/><D131/><U67/><E128/><V27/><F34/><W105/><G124/><T43/><D43/><U66/><E42/><V69/><F125/><W111/><G111/><T78/><D78/><U16/><E67/><V84/><F102/><W32/><G65/><T103/><D103/><U36/><E64/><V1/><F106/><W135/><G135/><T127/><D127/><U91/><E66/><V126/><F126/><W85/><G71/><T31/><D31/><U44/><E19/><V107/><F17/><W73/><G32/><T45/><D45/><U87/><E16/><V95/><F47/><W14/><G105/><T120/><D120/><U119/><E44/><V61/><F30/><W76/><G76/><T116/><D116/><U77/><E77/><V96/><F107/><W79/><G73/><T2/><D2/><U9/><E119/><V40/><F72/><W46/><G46/><T101/><D101/><U68/><E91/><V132/><F74/><W54/><G54/><T24/><D24/><U28/><E25/><V113/><F132/><W100/><G14/><T81/><D81/><U29/><E82/><RYUUKYOKU ba="0,1" sc="8,15,379,-15,328,-15,275,15" hai0="0,4,8,18,20,26,37,38,53,56,63,90,97" hai3="5,7,11,13,15,49,50,79,80,85,94,99,100" /><INIT seed="4,1,1,2,4,13" ten="23,364,313,290" oya="0" hai0="131,18,65,49,84,12,101,99,97,36,135,88,113" hai1="121,105,118,106,25,82,75,58,17,60,57,5,128" hai2="94,33,55,130,107,72,66,40,31,16,6,50,42" hai3="102,27,14,21,78,112,47,7,43,9,132,0,37"/><T91/><D36/><U92/><E118/><V3/><F107/><W34/><G112/><T68/><D113/><U22/><E121/><V100/><F72/><W74/><G132/><T67/><D135/><U110/><E110/><V73/><F73/><W96/><G34/><T124/><D124/><U79/><E128/><V44/><F66/><N who="0" m="25098" /><D68/><U26/><E5/><V134/><F6/><W54/><G54/><T71/><D71/><U35/><E92/><V64/><F3/><W1/><G78/><T83/><D131/><U61/><E58/><V109/><F64/><W52/><G52/><T63/><D63/><U11/><E11/><V29/><F33/><W69/><G74/><T104/><D104/><U77/><E77/><V28/><F109/><W129/><G69/><T38/><D38/><U116/><E116/><V117/><F117/><W95/><REACH who="3" step="1"/><G129/><REACH who="3" ten="23,364,313,280" step="2"/><T59/><D101/><U98/><E75/><V125/><F134/><W56/><G56/><T30/><D30/><AGARI ba="1,2" hai="0,1,7,9,14,21,27,30,37,43,47,95,96,102" machi="30" ten="30,2000,0" yaku="1,1,7,1,53,0" doraHai="13" doraHaiUra="114" who="3" fromWho="0" sc="23,-23,364,0,313,0,280,43" /><INIT seed="5,0,0,3,3,30" ten="0,364,313,323" oya="1" hai0="42,95,99,23,43,45,57,84,74,68,60,112,12" hai1="6,66,96,13,110,3,37,8,59,89,29,114,4" hai2="62,128,120,34,49,21,133,73,81,53,83,17,33" hai3="105,119,24,97,54,1,127,80,101,44,132,52,88"/><U134/><E37/><V109/><F120/><W65/><G1/><T104/><D74/><U38/><E38/><V56/><F109/><W82/><G127/><T135/><D68/><U41/><E110/><V11/><F133/><W126/><G126/><T15/><D135/><U108/><E108/><V72/><F128/><W39/><G132/><T46/><D112/><U35/><E134/><V19/><F11/><W129/><G129/><T55/><D104/><U111/><E111/><V86/><F62/><W124/><G124/><T92/><D84/><U10/><E41/><V2/><F2/><W26/><G65/><T31/><D31/><U7/><E114/><V27/><F19/><W115/><G115/><T98/><D23/><U5/><E96/><V103/><F103/><W125/><G125/><T9/><D9/><U131/><E89/><V58/><F56/><W90/><G119/><T63/><D57/><U0/><E131/><V69/><F69/><W25/><G39/><T70/><D70/><U67/><E59/><V51/><F49/><W121/><G121/><T76/><D55/><N who="3" m="21033" /><G44/><T64/><D76/><U100/><E100/><V48/><F48/><W122/><G122/><T14/><D14/><N who="1" m="5407" /><E66/><AGARI ba="0,0" hai="12,15,42,43,45,46,60,63,64,66,92,95,98,99" machi="66" ten="25,3200,0" yaku="22,2,8,1" doraHai="30" who="0" fromWho="1" sc="0,32,364,-32,313,0,323,0" /><INIT seed="6,0,0,3,4,111" ten="32,332,313,323" oya="2" hai0="25,20,120,70,24,45,110,50,104,92,95,130,11" hai1="49,51,54,2,97,13,123,99,96,46,43,14,10" hai2="36,57,82,52,5,7,117,53,0,74,6,47,84" hai3="72,73,76,102,112,19,67,135,1,64,56,91,48"/><V29/><F57/><W18/><G112/><T119/><D70/><U107/><E123/><V132/><F74/><W59/><G1/><T88/><D104/><U26/><E107/><V125/><F117/><W41/><G102/><T126/><D119/><U68/><E68/><V81/><F132/><W63/><G135/><T77/><D110/><U106/><E106/><V60/><F125/><W134/><G134/><T61/><D120/><U75/><E75/><V101/><F101/><W22/><G91/><T90/><D77/><U62/><E62/><V21/><F0/><W16/><G76/><T12/><D61/><U30/><E2/><V32/><F32/><W103/><G103/><T109/><D130/><U89/><E89/><V131/><F131/><W66/><G22/><T113/><D113/><U128/><E10/><V80/><F60/><N who="3" m="37919" /><G72/><T23/><D126/><U129/><E129/><V83/><F36/><W116/><G73/><T17/><D109/><U3/><E3/><V133/><F47/><N who="3" m="25711" /><G116/><T98/><D23/><N who="1" m="15711" /><E128/><V85/><F133/><W118/><G118/><T38/><D38/><U124/><E124/><V31/><N who="2" m="20480" /><DORA hai="35" /><V121/><F121/><W127/><G127/><T42/><REACH who="0" step="1"/><D11/><REACH who="0" ten="22,332,313,323" step="2"/><U108/><E108/><V4/><N who="2" m="1024" /><DORA hai="86" /><V115/><F115/><W71/><G71/><T87/><AGARI ba="0,1" hai="12,17,20,24,25,42,45,50,87,88,90,92,95,98" machi="87" ten="20,12000,2" yaku="1,1,0,1,7,1,8,1,52,2,54,1,53,0" doraHai="111,35,86" doraHaiUra="100,79,69" who="0" fromWho="0" sc="22,130,332,-30,313,-60,323,-30" /><INIT seed="7,0,0,0,4,0" ten="152,302,253,293" oya="3" hai0="46,43,120,59,86,81,64,89,91,7,112,75,103" hai1="24,58,69,1,90,97,26,73,14,99,127,74,18" hai2="12,28,118,17,61,13,53,77,128,60,20,48,88" hai3="34,9,123,116,35,33,30,121,50,93,84,104,108"/><W110/><G104/><T54/><D120/><N who="3" m="46153" /><G116/><T62/><D75/><U85/><E69/><V106/><F106/><W16/><G50/><N who="0" m="26975" /><D112/><U119/><E1/><V83/><F118/><W11/><G30/><T98/><D103/><U134/><E74/><V41/><F128/><W109/><G16/><T29/><D29/><U37/><E37/><V42/><F28/><W51/><G51/><T107/><D107/><U95/><E73/><V80/><F13/><W70/><G70/><T25/><D25/><U82/><E119/><V100/><F100/><W71/><G71/><T57/><D7/><U102/><E99/><V111/><F80/><W66/><G66/><T92/><D59/><U6/><E6/><V21/><F21/><W49/><G49/><T56/><D56/><U67/><E127/><V115/><F115/><W44/><G44/><T5/><D5/><U15/><E134/><V47/><F77/><W113/><G113/><T27/><D27/><N who="1" m="10283" /><E18/><V31/><F31/><W63/><G63/><AGARI ba="0,0" hai="14,15,58,63,67,82,85,90,95,97,102" m="10283" machi="63" ten="30,1000,0" yaku="8,1" doraHai="0" who="1" fromWho="3" sc="152,0,302,10,253,0,293,-10" owari="152,-35.0,312,42.0,253,-15.0,283,8.0" /></mjloggm>