<mjloggm ver="2.3"><GO type="169" lobby="0"/><UN n0="%E7%86%8A%E7%8C%AB%E5%8C%96%E9%9B%AA" n1="%6E%61%6E%6E%61%6E%79%61" n2="%E3%81%94%E3%82%8D%E3%81%AB%E3%82%83%E3%83%BC" n3="%4B%53%4D%43" dan="16,16,16,16" rate="2017.38,2089.41,2105.66,2089.09" sx="M,M,M,M"/><TAIKYOKU oya="0"/><INIT seed="0,0,0,2,1,106" ten="250,250,250,250" oya="0" hai0="32,116,112,8,96,71,101,74,131,81,16,11,36" hai1="133,97,79,118,28,52,70,33,34,109,100,29,44" hai2="99,12,108,76,4,102,93,75,19,15,14,18,26" hai3="57,59,47,72,95,22,23,43,37,126,30,48,2"/><T113/><D116/><U89/><E118/><V42/><F108/><W103/><G126/><T61/><D131/><U134/><E70/><V114/><F114/><W9/><G72/><T87/><D32/><U58/><E44/><V78/><F4/><W94/><G37/><T50/><D36/><U91/><E79/><N who="2" m="30251" /><F75/><W123/><G123/><T45/><D74/><U21/><E109/><V111/><F111/><W25/><G23/><T120/><D120/><U0/><E0/><V1/><F1/><W63/><G103/><T27/><D112/><U39/><E39/><V84/><F42/><W64/><G59/><T110/><D113/><U55/><E21/><N who="2" m="13631" /><F84/><W73/><G73/><T98/><D110/><U10/><E10/><AGARI ba="0,0" hai="10,12,14,15,18,93,99,102" m="13631,30251" machi="10" ten="30,1000,0" yaku="8,1" doraHai="106" who="2" fromWho="1" sc="250,0,250,-10,250,10,250,0" /><INIT seed="1,0,0,2,4,92" ten="250,240,260,250" oya="1" hai0="93,56,8,106,90,9,95,0,135,78,33,114,39" hai1="100,40,18,6,129,30,116,130,105,107,14,121,120" hai2="5,63,45,43,59,12,126,36,134,73,64,125,21" hai3="99,72,20,110,23,32,10,96,27,98,3,58,26"/><U29/><E116/><V94/><F73/><W66/><G72/><T89/><D114/><U25/><E6/><V55/><F134/><W132/><G132/><T65/><D135/><U123/><E40/><V109/><F109/><W7/><G110/><T70/><D106/><U52/><E25/><V75/><F75/><W31/><REACH who="3" step="1"/><G26/><REACH who="3" ten="250,240,260,240" step="2"/><T2/><D0/><U81/><E123/><V62/><F125/><W87/><G87/><T76/><D2/><U103/><E121/><V127/><F126/><W97/><N who="3" m="24576" /><DORA hai="16" /><W13/><G13/><T4/><D39/><U83/><E120/><V53/><F127/><W101/><G101/><T1/><D1/><U49/><E14/><V15/><F15/><W86/><G86/><T68/><D8/><U88/><E103/><V50/><F12/><W48/><G48/><T119/><D9/><U35/><E49/><V41/><F36/><W37/><G37/><T28/><D119/><U102/><E102/><V71/><F50/><W46/><G46/><T51/><D51/><U84/><E84/><V133/><F45/><W85/><G85/><T19/><D95/><U42/><E100/><V115/><F94/><W54/><G54/><T69/><D93/><U22/><E52/><V111/><F111/><W131/><G131/><T113/><D113/><U91/><E130/><V128/><F115/><W38/><G38/><T79/><D90/><U67/><E129/><V17/><F128/><W118/><G118/><T74/><D89/><U82/><E91/><V47/><F133/><W117/><G117/><T108/><D74/><U60/><E88/><RYUUKYOKU ba="0,1" sc="250,-10,240,-10,260,-10,240,30" hai3="3,7,10,20,23,27,31,32,58,66" /><INIT seed="2,1,1,3,0,131" ten="240,230,250,270" oya="2" hai0="119,23,108,1,42,109,52,18,132,102,118,21,54" hai1="29,60,133,44,101,37,10,98,129,0,26,4,115" hai2="82,100,122,36,50,33,13,64,113,71,76,46,84" hai3="55,89,22,30,88,39,19,87,9,68,111,85,97"/><V91/><F122/><W8/><G111/><N who="0" m="42571" /><D42/><U11/><E129/><V83/><F113/><W69/><G39/><T43/><D43/><U2/><E115/><V40/><F33/><W57/><G69/><T6/><D102/><U49/><E37/><V94/><F71/><W53/><G68/><T70/><D70/><U14/><E60/><V34/><F34/><W15/><G53/><N who="0" m="20587" /><D132/><U74/><E74/><V99/><F36/><W135/><G135/><T63/><D63/><U95/><E133/><V127/><F127/><W27/><G8/><N who="0" m="2127" /><D18/><U5/><E49/><V86/><F64/><W58/><G58/><T47/><D47/><U73/><E44/><V24/><F13/><W28/><G28/><T116/><AGARI ba="1,1" hai="21,23,116,118,119" m="2127,20587,42571" machi="116" ten="40,5200,0" yaku="12,1,14,1,54,1" doraHai="131" who="0" fromWho="0" sc="240,65,230,-14,250,-27,270,-14" /><INIT seed="3,0,0,5,4,94" ten="305,216,223,256" oya="3" hai0="133,102,83,57,17,90,23,110,22,14,15,64,67" hai1="71,54,1,39,38,29,19,86,81,73,82,132,41" hai2="0,134,77,88,49,105,7,62,68,80,74,92,89" hai3="60,75,28,118,58,27,36,97,25,123,18,115,16"/><W5/><G115/><T117/><D117/><U79/><E132/><V47/><F134/><W72/><G123/><T51/><D133/><U21/><E71/><V100/><F0/><W10/><G118/><T55/><D110/><U104/><E1/><V70/><F7/><W106/><G36/><T69/><D102/><U8/><E104/><V34/><F34/><W24/><G28/><T116/><D69/><U122/><E122/><V13/><F13/><W109/><G109/><T129/><D129/><U20/><E8/><V99/><F62/><W2/><G106/><T87/><D116/><U76/><E41/><V37/><F37/><W3/><G3/><T120/><D120/><U6/><E6/><V59/><F59/><W119/><G119/><T84/><D87/><U124/><E54/><V50/><F89/><W32/><G32/><T63/><D63/><U4/><E4/><V135/><F50/><W126/><G97/><T130/><D130/><U30/><E73/><V42/><F135/><W45/><G45/><T114/><D114/><U9/><E39/><V52/><F42/><W101/><G101/><T12/><D14/><U35/><E38/><V125/><F125/><W40/><G126/><T95/><D83/><U85/><E124/><V33/><F33/><W31/><G40/><T91/><D90/><U113/><E35/><V48/><F49/><W98/><G31/><N who="1" m="11786" /><E113/><V121/><F121/><W56/><G72/><T107/><D107/><U66/><E66/><V108/><F108/><W46/><G75/><T65/><D64/><U112/><E112/><V111/><F111/><RYUUKYOKU ba="0,0" sc="305,10,216,10,223,10,256,-30" hai0="12,15,17,22,23,51,55,57,65,67,84,91,95" hai1="9,19,20,21,76,79,81,82,85,86" hai2="47,48,52,68,70,74,77,80,88,92,99,100,105" /><INIT seed="4,1,0,0,4,46" ten="315,226,233,226" oya="0" hai0="2,8,124,15,39,127,87,88,80,41,37,49,1" hai1="14,74,9,82,112,12,50,40,6,120,3,23,77" hai2="116,18,128,25,27,43,16,68,117,48,57,130,111" hai3="103,51,86,89,13,78,95,60,59,105,97,19,30"/><T11/><D8/><U98/><E120/><V84/><F68/><W113/><G113/><T34/><D34/><U66/><E112/><V22/><F111/><W70/><G30/><T20/><D20/><U122/><E122/><V79/><F79/><W94/><G70/><T72/><D72/><U67/><E98/><V33/><F84/><W99/><G51/><T110/><D110/><U28/><E3/><V53/><F43/><W126/><G78/><T125/><D37/><U4/><E28/><N who="2" m="19615" /><F18/><W123/><G123/><T101/><D101/><U85/><E74/><V104/><F104/><W93/><G126/><T115/><D39/><U102/><E102/><V42/><F42/><W119/><G119/><AGARI ba="1,0" hai="16,22,25,48,53,57,116,117,119,128,130" m="19615" machi="119" ten="30,3900,0" yaku="12,1,52,1,54,1" doraHai="46" who="2" fromWho="3" sc="315,0,226,0,233,42,226,-42" /><INIT seed="5,0,0,3,2,88" ten="315,226,275,184" oya="1" hai0="120,8,55,56,62,100,72,92,54,117,12,15,118" hai1="11,94,22,98,75,19,51,24,112,44,85,4,102" hai2="126,31,105,1,27,101,13,79,20,80,127,52,124" hai3="34,59,104,30,26,2,121,84,42,37,116,45,66"/><U10/><E112/><V76/><F1/><W48/><G104/><T82/><D120/><U9/><E75/><V38/><F38/><W41/><G121/><T16/><D54/><U58/><E58/><V87/><F13/><W17/><G2/><T134/><D134/><U21/><E21/><V71/><F71/><W3/><G3/><T113/><D113/><U111/><E111/><V115/><F115/><W60/><G116/><T6/><D72/><U123/><E123/><V107/><F101/><W93/><G42/><T53/><D55/><N who="1" m="30183" /><E85/><V68/><F68/><W0/><G0/><T33/><D33/><U125/><E125/><V96/><F96/><W132/><G132/><T131/><D131/><U106/><E106/><V135/><F135/><W63/><G63/><T25/><D25/><U119/><E119/><V78/><F107/><W36/><REACH who="3" step="1"/><G17/><REACH who="3" ten="315,226,275,174" step="2"/><T128/><D118/><U67/><E67/><V47/><F105/><W97/><G97/><T32/><D117/><U64/><E64/><V95/><F126/><W110/><G110/><T103/><D16/><U35/><E35/><V43/><F127/><W61/><G61/><T91/><D32/><U28/><E19/><V114/><F124/><W130/><G130/><T108/><D128/><U122/><E122/><V109/><F109/><W73/><G73/><T81/><D108/><U129/><E129/><V90/><F114/><W46/><G46/><T133/><D133/><U7/><AGARI ba="0,1" hai="4,7,9,10,11,22,24,28,94,98,102" m="30183" machi="7" ten="30,3000,0" yaku="8,1,52,1" doraHai="88" who="1" fromWho="1" sc="315,-10,226,40,275,-10,174,-10" /><INIT seed="5,1,0,5,2,15" ten="305,266,265,164" oya="1" hai0="24,44,128,2,45,51,84,89,117,81,66,13,0" hai1="105,101,92,111,8,97,108,91,126,74,30,85,134" hai2="46,79,96,32,12,82,76,123,133,43,20,42,19" hai3="26,98,80,18,60,113,22,94,72,104,121,6,39"/><U100/><E30/><V129/><F123/><W50/><G121/><T68/><D117/><U55/><E55/><V1/><F32/><W86/><G39/><T29/><D128/><U33/><E33/><V109/><F129/><W21/><G113/><T71/><D44/><U14/><E134/><V59/><F133/><W115/><G115/><T114/><D13/><U62/><E62/><V106/><F1/><W4/><G72/><T130/><D130/><U67/><E67/><V37/><F109/><N who="1" m="42057" /><E101/><V131/><F131/><W61/><G104/><T28/><D28/><U57/><E57/><V38/><F59/><W53/><G22/><T65/><D65/><U78/><E126/><V16/><F106/><W64/><G50/><T87/><D114/><U69/><E69/><V27/><F96/><W10/><G53/><T48/><D84/><U56/><E56/><V110/><F110/><W112/><G112/><T116/><D116/><U120/><E120/><V3/><F3/><W35/><G35/><T93/><D66/><U125/><E125/><V5/><F5/><N who="3" m="2155" /><G10/><T122/><D122/><U119/><E119/><V77/><F82/><W23/><G23/><T103/><D2/><U47/><E47/><V127/><F127/><W17/><G64/><T7/><D0/><U83/><E8/><V90/><F43/><W95/><G18/><T99/><D7/><U25/><E14/><V41/><F41/><W36/><G36/><T49/><D45/><U124/><E124/><V34/><F38/><W118/><G118/><T132/><D132/><U88/><E25/><V52/><F37/><RYUUKYOKU ba="1,0" sc="305,15,266,15,265,-15,164,-15" hai0="24,29,48,49,51,68,71,81,87,89,93,99,103" hai1="74,78,83,85,88,91,92,97,100,105" /><INIT seed="5,2,0,0,0,81" ten="320,281,250,149" oya="1" hai0="71,28,127,31,77,70,16,46,83,109,53,45,26" hai1="122,49,110,1,58,38,91,115,7,82,94,14,128" hai2="0,17,119,55,62,61,4,130,72,93,86,41,89" hai3="21,54,97,125,99,15,67,60,106,75,27,135,101"/><U88/><E38/><V43/><F119/><W35/><G35/><T2/><D109/><U96/><E122/><V76/><F130/><W124/><G135/><T79/><D2/><U98/><E128/><V29/><F29/><W6/><G75/><T118/><D118/><U24/><E1/><V5/><F0/><W87/><G97/><T103/><D103/><U112/><E24/><V78/><F17/><W129/><G129/><T116/><D116/><U12/><E110/><V20/><F20/><W47/><G54/><T51/><D127/><N who="3" m="48713" /><G47/><T90/><D46/><U48/><E58/><N who="2" m="35039" /><F62/><W102/><G102/><T69/><D90/><U132/><E132/><V66/><F66/><W123/><G123/><T40/><D40/><N who="2" m="15434" /><F72/><W23/><G6/><AGARI ba="2,0" hai="4,5,6,76,78,86,89,93" m="15434,35039" machi="6" ten="30,2000,0" yaku="8,1,52,1" doraHai="81" who="2" fromWho="3" sc="320,0,281,0,250,26,149,-26" /><INIT seed="6,0,0,2,5,57" ten="320,281,276,123" oya="2" hai0="21,120,91,83,133,18,109,104,19,87,78,64,58" hai1="79,53,95,39,34,134,76,16,118,61,51,101,25" hai2="94,50,84,119,35,108,98,132,40,9,28,100,65" hai3="10,96,90,42,122,30,112,97,114,126,0,117,4"/><V31/><F119/><W113/><G42/><T7/><D109/><U14/><E39/><V103/><F108/><W33/><G90/><T116/><D120/><U82/><E134/><V27/><F132/><W115/><N who="3" m="28672" /><DORA hai="135" /><W107/><G97/><T86/><D133/><U131/><E131/><V26/><F84/><W11/><G96/><T55/><D104/><U6/><E118/><V72/><F72/><W43/><G107/><T24/><D7/><U15/><E101/><V130/><F130/><W129/><G129/><T62/><D116/><U67/><E95/><V85/><F85/><W89/><G89/><T47/><D18/><U48/><E34/><V128/><F128/><W71/><G43/><T20/><D21/><N who="1" m="13479" /><E6/><V46/><F9/><N who="3" m="2183" /><G71/><T59/><D47/><N who="1" m="27807" /><E51/><V36/><F65/><W110/><G117/><T60/><REACH who="0" step="1"/><D91/><REACH who="0" ten="310,281,276,123" step="2"/><U23/><E79/><V17/><F17/><W93/><G110/><T56/><D56/><U5/><E23/><V73/><F100/><W81/><G122/><T111/><D111/><U41/><E5/><V74/><REACH who="2" step="1"/><F36/><REACH who="2" ten="310,281,266,123" step="2"/><W106/><G30/><T127/><D127/><U69/><E76/><V44/><F44/><W68/><G126/><T77/><D77/><U75/><E69/><V80/><F80/><W37/><G68/><T3/><D3/><U12/><E82/><V13/><F13/><W99/><G81/><T2/><D2/><U8/><E14/><V52/><F52/><W92/><G37/><T32/><D32/><AGARI ba="0,2" hai="26,27,28,31,32,35,40,46,50,73,74,94,98,103" machi="32" ten="30,11600,0" yaku="1,1,7,1,9,1,53,1" doraHai="57,135" doraHaiUra="38,70" who="2" fromWho="0" sc="310,-116,281,0,266,136,123,0" /><INIT seed="6,1,0,3,4,51" ten="194,281,402,123" oya="2" hai0="103,109,68,118,36,53,130,50,106,123,61,69,80" hai1="3,125,131,57,14,45,21,25,10,129,81,13,84" hai2="91,46,107,9,77,6,93,105,29,52,23,18,54" hai3="114,7,111,15,56,122,99,30,132,60,133,86,26"/><V59/><F77/><W74/><G74/><T4/><D123/><U11/><E125/><V43/><F29/><W22/><G122/><T12/><D109/><U2/><E45/><V62/><F105/><W83/><G111/><T32/><D36/><U34/><E34/><V33/><F107/><W64/><G99/><T113/><D130/><N who="1" m="49675" /><E84/><V70/><F70/><W127/><G127/><T88/><D32/><U27/><E81/><V135/><F33/><W41/><G41/><T90/><D113/><U116/><E57/><V100/><F100/><W16/><G114/><T20/><D118/><U96/><E96/><N who="2" m="57407" /><F6/><W126/><G7/><T104/><D104/><U121/><E116/><V79/><F79/><W117/><G117/><T1/><D106/><U42/><E42/><V17/><F135/><W89/><REACH who="3" step="1"/><G126/><REACH who="3" ten="194,281,402,113" step="2"/><T19/><D4/><U76/><E121/><V72/><F72/><W47/><G47/><T120/><D120/><U31/><E2/><V5/><F43/><W67/><G67/><T48/><D1/><U38/><E3/><V119/><F119/><W35/><AGARI ba="1,1" hai="15,16,22,26,30,35,56,60,64,83,86,89,132,133" machi="35" ten="30,4000,0" yaku="1,1,0,1,54,1,53,0" doraHai="51" doraHaiUra="101" who="3" fromWho="3" sc="194,-11,281,-11,402,-21,113,53" /><INIT seed="7,0,0,0,0,37" ten="183,270,381,166" oya="3" hai0="53,84,114,27,72,44,32,40,89,45,83,65,110" hai1="98,36,16,35,125,116,10,95,105,67,115,113,74" hai2="93,96,22,124,21,82,51,120,102,90,71,15,49" hai3="126,30,133,34,117,79,58,61,9,112,127,80,86"/><W19/><G117/><T129/><D110/><U17/><E35/><V2/><F2/><W94/><G112/><T85/><D114/><U66/><E116/><V111/><F111/><W24/><G133/><T121/><D121/><U63/><E74/><V1/><F1/><W73/><G9/><T52/><D72/><U11/><E105/><V6/><F71/><W14/><G14/><T69/><D129/><U78/><E78/><V29/><F120/><W128/><G19/><T134/><D134/><U42/><E36/><V25/><F124/><N who="3" m="47659" /><G94/><T101/><D101/><U64/><E125/><V106/><F82/><W55/><G128/><T119/><D119/><U97/><E66/><V50/><F106/><W54/><G73/><T91/><D65/><AGARI ba="0,0" hai="24,30,34,54,55,58,61,65,79,80,86" m="47659" machi="65" ten="30,1500,0" yaku="18,1" doraHai="37" who="3" fromWho="0" sc="183,-15,270,0,381,0,166,15" /><INIT seed="7,1,0,5,0,128" ten="168,270,381,181" oya="3" hai0="105,55,0,98,99,42,46,18,47,58,104,31,115" hai1="56,116,75,32,92,35,19,124,78,112,133,26,24" hai2="129,96,135,118,59,21,22,33,80,37,134,102,113" hai3="132,68,71,67,14,52,130,114,97,87,123,62,91"/><W16/><G123/><T2/><D31/><U10/><E112/><V63/><F37/><W119/><G119/><T17/><D58/><U7/><E116/><V100/><F33/><W93/><G114/><T101/><D115/><U72/><E124/><V77/><F113/><W45/><G130/><T76/><D76/><U66/><E92/><N who="2" m="58375" /><F102/><W23/><G132/><N who="2" m="50729" /><F129/><W81/><G71/><T103/><REACH who="0" step="1"/><D55/><REACH who="0" ten="158,270,381,181" step="2"/><U90/><E133/><V131/><F131/><W40/><G52/><T29/><D29/><U13/><E78/><V120/><F118/><W9/><G9/><T108/><D108/><U88/><E56/><V64/><F120/><W12/><G12/><T127/><D127/><U43/><E13/><V107/><F107/><W54/><G54/><T111/><D111/><U38/><E10/><V106/><F106/><W49/><REACH who="3" step="1"/><G97/><REACH who="3" ten="158,270,381,171" step="2"/><T4/><D4/><U28/><E7/><V109/><F109/><W65/><G65/><T44/><D44/><U73/><E66/><V11/><F11/><W36/><G36/><T126/><D126/><U48/><E38/><V27/><F27/><W122/><G122/><T3/><D3/><U15/><E26/><V69/><F69/><W39/><G39/><T86/><D86/><AGARI ba="1,2" hai="21,22,59,63,64,77,80,86" m="50729,58375" machi="86" ten="30,7700,0" yaku="20,1,52,3" doraHai="128" who="2" fromWho="0" sc="158,-80,270,0,381,100,171,0" owari="78,-42.0,270,7.0,481,58.0,171,-23.0" /></mjloggm>