<mjloggm ver="2.3"><GO type="169" lobby="0"/><UN n0="%49%68%63%63%6F%74" n1="%E3%82%89%E3%81%8F%E3%81%A0%EF%BC%90%EF%BC%91%EF%BC%90%EF%BC%99" n2="%E6%B5%81%E5%A4%AA" n3="%6E%69%6A%69" dan="16,16,16,17" rate="2087.62,2115.65,2062.23,2186.22" sx="M,M,M,M"/><TAIKYOKU oya="0"/><INIT seed="0,0,0,2,5,71" ten="250,250,250,250" oya="0" hai0="130,13,108,132,69,82,74,67,38,45,80,24,133" hai1="128,107,131,37,121,39,46,118,79,98,62,83,33" hai2="34,70,23,114,117,113,29,77,63,0,22,66,85" hai3="20,89,97,116,28,19,60,5,112,126,99,86,8"/><T106/><D108/><U1/><E1/><V127/><F23/><W14/><G112/><T49/><D130/><N who="1" m="49707" /><E33/><V78/><F34/><W30/><G116/><T52/><D106/><U87/><E121/><V61/><F117/><W94/><G126/><T51/><D74/><U65/><E118/><V129/><F0/><W91/><G60/><N who="0" m="40167" /><D13/><U72/><E46/><V55/><F127/><W56/><G56/><N who="0" m="32783" /><D24/><U109/><E109/><V58/><F129/><W75/><G75/><T122/><D122/><U36/><E107/><V44/><F78/><W32/><G32/><T115/><D115/><U54/><E98/><N who="3" m="37386" /><G89/><T90/><D90/><U88/><E54/><V50/><F77/><W81/><G94/><T41/><D51/><U84/><E88/><V43/><F85/><W125/><G125/><T124/><D124/><U16/><E16/><V92/><F92/><W103/><G103/><T53/><D53/><U6/><E6/><V110/><F110/><W96/><N who="3" m="37394" /><W7/><DORA hai="120" /><G7/><T10/><D10/><U76/><E76/><V18/><F29/><W3/><G3/><T111/><D111/><U17/><E17/><V135/><F114/><W11/><G5/><T9/><D9/><AGARI ba="0,0" hai="8,9,11,14,19,20,28,30,81,86,91" m="37394" machi="9" ten="30,1000,0" yaku="8,1" doraHai="71,120" who="3" fromWho="0" sc="250,-10,250,0,250,0,250,10" /><INIT seed="1,0,0,5,4,68" ten="240,250,250,260" oya="1" hai0="72,84,15,10,34,108,44,22,13,3,96,58,0" hai1="113,19,4,6,27,64,46,14,120,93,83,30,31" hai2="45,52,94,97,129,29,82,85,54,69,23,103,37" hai3="90,91,95,40,98,114,61,80,109,62,47,57,89"/><U8/><E120/><V35/><F35/><W127/><G114/><T60/><D72/><U130/><E130/><V49/><F69/><W104/><G104/><T24/><D34/><U51/><E113/><V20/><F129/><W123/><G123/><T128/><D128/><U74/><E64/><V63/><F29/><W65/><G109/><T110/><D44/><U1/><E1/><V106/><F106/><W55/><G80/><T39/><D39/><U33/><E31/><V117/><F117/><W86/><G98/><T48/><D48/><U125/><E125/><V99/><F99/><W132/><G132/><T116/><D116/><U134/><E134/><V115/><F115/><W100/><G100/><T102/><D84/><U122/><E122/><V7/><F7/><W131/><G127/><T70/><D70/><U50/><E50/><V77/><REACH who="2" step="1"/><F37/><REACH who="2" ten="240,250,240,260" step="2"/><W11/><G131/><T18/><D110/><U88/><E74/><V81/><F81/><W32/><G32/><T25/><D108/><U87/><REACH who="1" step="1"/><E93/><REACH who="1" ten="240,240,240,260" step="2"/><V5/><F5/><W2/><G95/><N who="0" m="58655" /><D0/><U59/><E59/><AGARI ba="0,2" hai="20,23,45,49,52,54,59,63,77,82,85,94,97,103" machi="59" ten="40,8000,1" yaku="1,1,8,1,54,1,53,1" doraHai="68" doraHaiUra="43" who="2" fromWho="1" sc="240,0,240,-80,240,100,260,0" /><INIT seed="2,0,0,4,4,32" ten="240,160,340,260" oya="2" hai0="109,107,63,4,66,43,119,75,44,120,58,106,133" hai1="92,110,116,100,129,19,38,90,68,14,84,36,42" hai2="114,81,85,124,86,104,1,91,99,48,25,72,28" hai3="41,89,61,74,45,131,24,17,8,125,2,88,15"/><V31/><F114/><W9/><G74/><T10/><D120/><U69/><E116/><V37/><F37/><W96/><G125/><T95/><D119/><U18/><E129/><V20/><F124/><W0/><G131/><T60/><D109/><U34/><E110/><V30/><F72/><W47/><G47/><T130/><D133/><U67/><E34/><V113/><F113/><W79/><G79/><T12/><D130/><U83/><E19/><V103/><F1/><W111/><G111/><T121/><D75/><U71/><E67/><V105/><F105/><W73/><G73/><T27/><D121/><U123/><E123/><V108/><F108/><W76/><G76/><T93/><D27/><U22/><E42/><V57/><F86/><W54/><G8/><T5/><D5/><U7/><E7/><V64/><REACH who="2" step="1"/><F48/><REACH who="2" ten="240,160,330,260" step="2"/><W87/><G0/><T50/><D107/><U82/><E36/><V118/><F118/><W53/><G2/><T117/><D106/><U11/><E38/><V135/><F135/><W80/><G87/><T59/><REACH who="0" step="1"/><D117/><REACH who="0" ten="230,160,330,260" step="2"/><U126/><E126/><V112/><F112/><W127/><G127/><T29/><D29/><U101/><E84/><V13/><F13/><W65/><G15/><T46/><D46/><U98/><E14/><V51/><F51/><W21/><G45/><T40/><D40/><U62/><E11/><V3/><F3/><W128/><G41/><T132/><D132/><U16/><E22/><V78/><F78/><W35/><G21/><T52/><AGARI ba="0,2" hai="4,10,12,43,44,50,52,58,59,60,63,66,93,95" machi="52" ten="20,8000,1" yaku="1,1,0,1,7,1,8,1,54,1,53,0" doraHai="32" doraHaiUra="70" who="0" fromWho="0" sc="230,100,160,-20,330,-40,260,-20" /><INIT seed="3,0,0,5,2,90" ten="330,140,290,240" oya="3" hai0="95,69,113,25,48,62,93,83,105,79,53,73,61" hai1="57,66,46,87,106,19,31,130,80,39,22,74,9" hai2="15,84,17,128,54,131,60,103,94,107,20,37,120" hai3="59,82,10,123,12,35,71,64,38,89,49,133,63"/><W43/><G35/><T104/><D113/><U58/><E106/><V96/><F37/><W68/><G123/><T16/><D105/><U28/><E130/><V126/><F126/><W110/><G133/><T27/><D104/><U122/><E74/><V102/><F120/><W114/><G114/><T14/><D27/><U109/><E122/><V72/><F72/><W67/><G38/><T76/><D25/><U92/><E109/><V117/><F117/><W34/><G34/><T5/><D5/><U18/><E39/><V41/><F41/><W108/><G43/><T100/><D100/><U78/><E46/><V47/><F84/><N who="3" m="50327" /><G67/><T112/><D112/><U134/><E134/><V44/><F44/><W11/><G49/><T7/><D7/><U4/><E92/><N who="0" m="35401" /><D83/><U75/><E75/><V26/><F107/><W36/><G36/><T24/><D24/><U85/><E80/><V98/><F26/><W86/><G68/><T70/><D70/><U65/><E4/><V30/><F131/><W119/><G71/><T21/><D69/><U2/><E2/><V88/><F128/><W33/><G33/><T91/><D73/><U125/><E125/><V97/><F30/><W99/><G119/><T101/><D61/><U50/><E50/><N who="2" m="29023" /><F60/><W56/><G63/><T1/><D62/><U127/><E127/><V118/><F118/><W132/><G110/><T40/><D1/><U13/><E65/><V51/><F51/><W111/><G108/><T124/><D124/><U32/><E66/><V115/><F115/><W135/><G64/><T45/><D40/><U52/><E32/><RYUUKYOKU ba="0,0" sc="330,-10,140,-10,290,30,240,-10" hai2="15,17,20,88,94,96,97,98,102,103" /><INIT seed="4,1,0,5,5,98" ten="320,130,320,230" oya="0" hai0="92,3,115,83,31,117,9,39,8,0,103,4,25" hai1="132,42,19,12,28,94,2,69,76,119,68,97,17" hai2="61,106,72,13,30,130,6,70,67,120,62,79,1" hai3="64,71,89,63,53,82,127,36,86,135,14,33,99"/><T121/><D39/><U112/><E119/><V15/><F120/><W18/><G36/><T50/><D117/><U34/><E2/><V16/><F30/><W91/><G33/><T41/><D121/><U109/><E109/><V88/><F1/><W131/><G127/><T26/><D115/><U5/><E112/><V58/><F130/><W123/><G131/><T102/><D83/><U56/><E132/><V21/><F106/><W113/><G113/><T118/><D118/><U52/><E42/><V96/><F72/><W116/><G116/><T48/><D92/><U38/><E38/><V90/><F79/><W108/><G108/><T65/><D65/><U84/><E5/><V45/><F45/><W27/><G27/><T22/><D41/><U93/><E34/><V20/><F96/><W7/><G7/><T47/><D47/><U114/><E28/><V124/><F124/><W32/><G32/><T95/><D95/><U37/><E37/><V49/><F49/><W111/><G135/><T24/><D24/><U66/><E66/><V44/><F44/><W128/><G53/><T129/><D129/><U73/><E73/><V74/><F74/><W51/><G51/><T122/><D122/><U46/><E46/><V59/><F70/><W55/><G55/><T110/><D110/><U107/><E114/><V133/><F133/><W23/><G111/><T101/><D26/><U134/><E68/><V29/><F29/><W57/><G128/><T81/><D81/><N who="1" m="47143" /><E69/><V10/><F21/><W87/><G123/><T100/><N who="0" m="25600" /><DORA hai="85" /><T75/><D75/><U11/><E134/><RYUUKYOKU ba="1,0" sc="320,15,130,-15,320,15,230,-15" hai0="0,3,4,8,9,22,25,31,48,50" hai2="6,10,13,15,16,20,58,59,61,62,67,88,90" /><INIT seed="4,2,0,2,5,124" ten="335,115,335,215" oya="0" hai0="6,20,47,8,59,51,41,54,80,110,38,135,10" hai1="14,98,118,129,17,111,121,42,84,70,93,94,73" hai2="78,7,112,125,89,13,88,87,57,132,72,101,79" hai3="31,33,9,119,30,120,32,61,77,131,90,83,69"/><T43/><D135/><U107/><E73/><V1/><F1/><W11/><G119/><T29/><D110/><U4/><E70/><V63/><F125/><W53/><G90/><T108/><D108/><U128/><E118/><V3/><F3/><W19/><G120/><T109/><D109/><U106/><E111/><V91/><F132/><W130/><G19/><T44/><D6/><U126/><E126/><V56/><F72/><W40/><G40/><T115/><D115/><U18/><E121/><V105/><F105/><W85/><G53/><T49/><D29/><N who="3" m="10761" /><G61/><T35/><D35/><N who="3" m="13385" /><G69/><T34/><D34/><U39/><E4/><V102/><F63/><W5/><G5/><T103/><D20/><U26/><E26/><V95/><F7/><W99/><G99/><T127/><D127/><U122/><E122/><V0/><F0/><W21/><G21/><T22/><D22/><N who="1" m="11575" /><E18/><V24/><F24/><W123/><G123/><T64/><D103/><N who="1" m="60887" /><E42/><V62/><F102/><W134/><G134/><T68/><D80/><U12/><E39/><V74/><F101/><W71/><G71/><T113/><D113/><U133/><E12/><V97/><F13/><W27/><G27/><T81/><D81/><U48/><E48/><V2/><F2/><W66/><G66/><T55/><D55/><U15/><E15/><V16/><F62/><AGARI ba="2,0" hai="8,10,38,41,43,44,47,49,51,54,59,62,64,68" machi="62" ten="40,3900,0" yaku="24,2" doraHai="124" who="0" fromWho="2" sc="335,45,115,0,335,-45,215,0" /><INIT seed="4,3,0,1,0,130" ten="380,115,290,215" oya="0" hai0="7,13,17,106,76,56,60,55,1,133,61,43,51" hai1="74,69,131,125,110,73,14,96,77,27,71,89,23" hai2="128,31,22,83,37,86,24,45,88,127,70,68,114" hai3="72,134,12,65,100,38,101,50,92,35,5,4,67"/><T48/><D106/><U57/><E110/><V33/><F128/><W90/><G38/><T42/><D1/><U111/><E111/><V124/><F114/><W44/><G72/><T84/><D7/><N who="3" m="2633" /><G35/><T107/><D107/><U99/><E131/><V3/><F3/><W19/><G134/><T113/><D113/><U112/><E125/><N who="2" m="48203" /><F33/><W18/><G65/><T97/><D97/><U118/><E118/><V75/><F75/><W6/><G67/><T108/><D108/><U102/><E112/><V79/><F79/><W80/><G80/><T115/><D115/><U109/><E109/><V105/><F105/><W123/><G123/><T94/><D133/><U135/><E135/><V34/><F34/><W59/><G59/><T52/><D76/><U32/><E77/><V116/><F116/><W20/><G18/><T95/><D84/><U15/><E32/><V2/><F2/><W53/><N who="3" m="2641" /><W21/><DORA hai="81" /><G21/><N who="0" m="11439" /><D95/><N who="1" m="58751" /><E73/><V66/><F66/><W64/><G64/><T36/><D94/><N who="1" m="56399" /><E74/><V121/><F121/><W28/><G28/><T0/><D0/><U129/><E129/><V122/><F122/><W93/><G93/><T117/><D117/><U87/><E71/><V30/><F30/><W126/><G126/><T78/><D78/><U16/><E69/><V120/><F120/><W46/><G46/><N who="0" m="27767" /><D36/><U98/><E98/><AGARI ba="3,0" hai="12,19,20,44,50,53,90,92,98,100,101" m="2641" machi="98" ten="30,1000,0" yaku="8,1" doraHai="130,81" who="3" fromWho="1" sc="380,0,115,-19,290,0,215,19" /><INIT seed="5,0,0,4,3,35" ten="380,96,290,234" oya="1" hai0="103,120,132,67,123,51,92,82,23,77,83,30,88" hai1="52,45,31,11,85,27,69,28,16,57,125,129,4" hai2="93,60,101,55,66,71,56,112,8,9,130,25,102" hai3="13,1,40,79,14,72,46,26,111,126,80,48,95"/><U19/><E129/><V75/><F75/><W135/><G111/><T39/><D39/><U78/><E69/><V22/><F130/><W12/><G126/><T59/><D132/><U68/><E68/><V133/><F133/><W24/><G135/><T106/><D103/><U90/><E78/><V131/><F131/><W116/><G116/><T62/><D106/><U119/><E119/><V87/><F112/><W104/><G104/><T127/><D127/><U86/><E125/><V97/><F102/><W33/><G33/><T113/><D113/><U100/><E100/><V89/><F87/><W15/><G1/><T47/><D77/><U58/><E45/><V63/><REACH who="2" step="1"/><F101/><REACH who="2" ten="380,96,280,234" step="2"/><W41/><G72/><T114/><D114/><U5/><E90/><V94/><F94/><W115/><G95/><T7/><D123/><U96/><E96/><V34/><F34/><W3/><G115/><T29/><D120/><U105/><E105/><V37/><F37/><W134/><G134/><T109/><D109/><U124/><E124/><V110/><F110/><W99/><G99/><T0/><D83/><U54/><REACH who="1" step="1"/><E27/><REACH who="1" ten="380,86,280,234" step="2"/><V107/><F107/><W118/><G24/><N who="0" m="16543" /><D82/><U53/><E53/><V117/><F117/><W42/><G26/><T76/><D76/><U64/><E64/><V84/><F84/><W81/><G118/><T43/><D92/><U61/><E61/><V10/><F10/><AGARI ba="0,2" hai="4,5,10,11,16,19,28,31,52,54,57,58,85,86" machi="10" ten="25,18000,2" yaku="1,1,22,2,8,1,54,2,53,0" doraHai="35" doraHaiUra="65" who="1" fromWho="2" sc="380,0,86,200,280,-180,234,0" /><INIT seed="5,1,0,1,5,97" ten="380,286,100,234" oya="1" hai0="111,123,85,59,68,47,61,99,56,6,113,130,52" hai1="83,106,77,76,78,34,14,42,45,57,69,103,79" hai2="31,92,36,15,32,55,116,107,129,41,112,29,96" hai3="24,104,51,27,17,80,73,12,72,39,67,98,115"/><U33/><E69/><V108/><F116/><W40/><G39/><T87/><D123/><U101/><E106/><V133/><F107/><W84/><G67/><T65/><D111/><U114/><E114/><V30/><F32/><W46/><G115/><T25/><D113/><U43/><E57/><V53/><F112/><W127/><G127/><T94/><D130/><U71/><E71/><V118/><F118/><W135/><G135/><T122/><D122/><U125/><E125/><V102/><F129/><W37/><G37/><T18/><D6/><U109/><E109/><V105/><F133/><W20/><G72/><T75/><D75/><U0/><E0/><V63/><F108/><W10/><G73/><T120/><D120/><U66/><E66/><V16/><F105/><W82/><G27/><T62/><D47/><U48/><E42/><V58/><F36/><W91/><G98/><T81/><D81/><U11/><E33/><V90/><F41/><W26/><G26/><T100/><D68/><U89/><E34/><V8/><F8/><W128/><G104/><T28/><D18/><N who="1" m="8543" /><E89/><V13/><F13/><W64/><G64/><T4/><D4/><U93/><E93/><V23/><F55/><W38/><G38/><T9/><D9/><U74/><E74/><V7/><F7/><N who="3" m="3167" /><G128/><T86/><D86/><U119/><E119/><V50/><F63/><W2/><G2/><T5/><D5/><U19/><E19/><V124/><F124/><W117/><G117/><T126/><D126/><U1/><E1/><V121/><F121/><W70/><G70/><T35/><AGARI ba="1,0" hai="25,28,35,52,56,59,61,62,65,85,87,94,99,100" machi="35" ten="20,8000,1" yaku="5,1,0,1,7,1,52,1,54,1" doraHai="97" who="0" fromWho="0" sc="380,83,286,-41,100,-21,234,-21" /><INIT seed="6,0,0,3,1,135" ten="463,245,79,213" oya="2" hai0="75,24,48,107,127,80,46,113,1,58,43,116,93" hai1="15,32,39,4,66,123,37,120,19,36,88,100,23" hai2="122,112,21,35,91,61,41,115,132,71,98,62,34" hai3="16,8,134,7,90,99,104,84,2,74,76,83,94"/><V44/><F122/><N who="1" m="46633" /><E32/><V63/><F71/><W38/><G38/><T33/><D107/><U129/><E129/><V56/><F56/><W133/><G16/><T54/><D1/><U108/><E108/><V10/><F10/><W17/><G17/><T22/><D33/><U85/><E100/><AGARI ba="0,0" hai="2,7,8,74,76,83,84,90,94,99,100,104,133,134" machi="100" ten="40,2600,0" yaku="24,2" doraHai="135" who="3" fromWho="1" sc="463,0,245,-26,79,0,213,26" /><INIT seed="7,0,0,1,1,99" ten="463,219,79,239" oya="3" hai0="105,12,21,60,46,44,5,41,2,73,123,38,92" hai1="103,61,117,134,36,26,20,51,55,48,71,102,115" hai2="11,77,78,98,68,63,76,95,132,112,18,86,24" hai3="42,6,131,89,133,135,69,83,19,74,54,22,111"/><W90/><G69/><T28/><D105/><U128/><E36/><V9/><F112/><W87/><G74/><T75/><D123/><U23/><E115/><V114/><F114/><W106/><G106/><T15/><D2/><U32/><E128/><V64/><F132/><N who="3" m="50763" /><G131/><T124/><D124/><U45/><E134/><V35/><F86/><W97/><G42/><T79/><D60/><U65/><E117/><V56/><F68/><W25/><G111/><T16/><D28/><U29/><E20/><V47/><F35/><W34/><G34/><T52/><D79/><U96/><E96/><V27/><F47/><W14/><G54/><T84/><D12/><U58/><E32/><V94/><F95/><N who="3" m="56567" /><G6/><T116/><D5/><U1/><E1/><V130/><F130/><W80/><G25/><T0/><D0/><U85/><E85/><V113/><F113/><W81/><AGARI ba="0,0" hai="14,19,22,80,81,83,87,89" m="56567,50763" machi="81" ten="30,1500,0" yaku="20,1" doraHai="99" who="3" fromWho="3" sc="463,-5,219,-5,79,-5,239,15" /><INIT seed="7,1,0,3,5,105" ten="458,214,74,254" oya="3" hai0="121,50,95,7,24,38,63,110,100,109,75,114,14" hai1="118,32,13,81,127,66,116,15,73,122,87,71,21" hai2="83,53,25,29,57,37,97,94,93,42,49,133,72" hai3="132,45,60,56,44,51,70,131,128,36,28,8,16"/><W74/><G70/><T0/><D38/><U18/><E122/><V135/><F93/><W10/><G132/><T112/><D0/><U33/><E127/><V123/><F123/><W134/><G134/><N who="2" m="51209" /><F83/><W69/><G69/><T31/><D75/><U82/><E82/><V96/><F96/><W30/><G74/><T111/><D50/><U58/><E71/><V86/><F86/><W40/><G8/><N who="0" m="4383" /><D63/><N who="1" m="38263" /><E15/><V6/><F6/><W92/><G92/><T61/><D61/><U1/><E1/><V85/><F85/><W130/><G10/><T59/><D59/><U46/><E46/><N who="2" m="23887" /><F25/><W43/><G16/><T64/><D64/><AGARI ba="1,0" hai="28,30,36,40,43,44,45,51,56,60,64,128,130,131" machi="64" ten="40,2000,0" yaku="19,1" doraHai="105" who="3" fromWho="0" sc="458,-23,214,0,74,0,254,23" /><INIT seed="7,2,0,3,3,81" ten="435,214,74,277" oya="3" hai0="54,27,86,1,113,127,98,8,75,76,90,68,73" hai1="69,108,41,110,5,80,33,19,61,94,104,106,119" hai2="18,116,92,122,35,132,37,55,29,129,99,114,24" hai3="131,44,11,60,85,34,15,3,111,10,20,57,43"/><W100/><G34/><T13/><D68/><U118/><E33/><V82/><F116/><N who="1" m="44585" /><E5/><V9/><F122/><W109/><G100/><T26/><D1/><U28/><E28/><V30/><F37/><W128/><G3/><T70/><D70/><U115/><E115/><V46/><F30/><W6/><G20/><T42/><D127/><U7/><E7/><V22/><F9/><W93/><G10/><T130/><D42/><U96/><E41/><V95/><F95/><W14/><G14/><T48/><D98/><U40/><E40/><V79/><F114/><W59/><G85/><T64/><D64/><U63/><E63/><V83/><F83/><W32/><G93/><T103/><D103/><N who="1" m="60823" /><E19/><V101/><F129/><N who="3" m="49739" /><G32/><T56/><D76/><U58/><E69/><V74/><F132/><W89/><G89/><T53/><D75/><U67/><E80/><V62/><F62/><W121/><G60/><N who="0" m="35855" /><D73/><U107/><AGARI ba="2,0" hai="58,61,67,104,106,107,108,110" m="60823,44585" machi="107" ten="40,1500,0" yaku="12,1" doraHai="81" who="1" fromWho="1" sc="435,-6,214,21,74,-6,277,-9" owari="429,52.0,235,-16.0,68,-43.0,268,7.0" /></mjloggm>