<mjloggm ver="2.3"><GO type="169" lobby="0"/><UN n0="%E7%AB%8B%E8%8F%AF%E5%A5%8F" n1="%EF%BD%9E%E5%90%89%E7%95%99%E6%9C%AA%E6%98%A5%EF%BD%9E" n2="%E3%81%94%E3%82%8D%E3%81%AB%E3%82%83%E3%83%BC" n3="%E7%81%B0%E5%8E%9F%E5%93%80" dan="16,16,16,16" rate="2079.02,2075.06,2130.01,2079.80" sx="F,M,M,F"/><TAIKYOKU oya="0"/><INIT seed="0,0,0,3,2,108" ten="250,250,250,250" oya="0" hai0="104,38,33,114,41,100,86,116,77,24,66,10,1" hai1="52,89,96,101,17,48,103,4,6,106,57,58,11" hai2="16,102,54,80,122,56,67,34,5,129,62,40,15" hai3="9,64,59,3,88,117,31,97,71,75,37,0,132"/><T51/><D116/><U82/><E103/><V28/><F122/><W72/><G117/><T65/><D38/><U95/><E82/><V123/><F123/><W7/><G132/><T45/><D114/><U85/><E17/><V79/><F129/><W118/><G0/><T2/><D104/><U110/><E110/><V47/><F5/><W46/><G31/><T127/><D100/><U20/><E20/><V29/><F102/><W25/><G25/><T42/><D42/><U93/><E106/><V83/><F67/><W44/><G44/><T39/><D39/><U130/><E130/><V13/><F13/><W115/><G115/><T121/><D121/><U133/><E133/><V19/><F80/><W35/><G35/><T134/><D134/><U113/><E113/><V68/><F68/><W49/><G71/><T74/><D74/><U119/><E119/><V128/><F19/><W55/><G118/><T76/><D76/><U109/><E109/><V8/><F34/><W21/><G21/><T43/><D77/><U120/><E120/><V87/><REACH who="2" step="1"/><F128/><REACH who="2" ten="250,250,240,250" step="2"/><W50/><G64/><T53/><D65/><U27/><E27/><V23/><F23/><W73/><G3/><T126/><D66/><U84/><E6/><V22/><F22/><W98/><G7/><T124/><D2/><U94/><E4/><V125/><F125/><W92/><G9/><T90/><D1/><U18/><E11/><V91/><F91/><W26/><G88/><T69/><D10/><U12/><E18/><V63/><F63/><W99/><G26/><T78/><D90/><N who="1" m="53455" /><E12/><V131/><F131/><RYUUKYOKU ba="0,1" sc="250,-15,250,15,240,15,250,-15" hai1="48,52,57,58,84,89,94,95,96,101" hai2="8,15,16,28,29,40,47,54,56,62,79,83,87" /><INIT seed="1,1,1,5,3,25" ten="235,265,255,235" oya="1" hai0="122,109,101,85,121,68,41,55,64,66,40,87,88" hai1="92,113,104,97,59,16,95,73,75,39,82,49,76" hai2="43,89,3,33,86,134,58,32,83,11,93,124,7" hai3="0,52,128,21,38,129,112,106,62,13,1,61,17"/><U110/><E39/><V127/><F134/><W31/><G38/><T42/><D101/><N who="1" m="62511" /><E59/><V100/><F43/><W8/><G112/><T57/><D68/><U26/><E49/><V125/><F58/><N who="3" m="35015" /><G106/><T28/><D109/><U15/><E26/><V2/><F2/><W35/><G62/><T103/><D103/><U36/><E36/><V50/><F50/><W72/><G72/><T117/><D117/><U107/><E113/><V51/><F51/><W12/><G12/><T63/><D87/><N who="1" m="48583" /><E16/><V130/><F130/><N who="3" m="50283" /><G8/><T67/><REACH who="0" step="1"/><D28/><REACH who="0" ten="225,265,255,235" step="2"/><U10/><E110/><V18/><F125/><W44/><G31/><T80/><AGARI ba="1,2" hai="40,41,42,55,57,63,64,66,67,80,85,88,121,122" machi="80" ten="40,8000,1" yaku="1,1,2,1,0,1,54,1,53,1" doraHai="25" doraHaiUra="78" who="0" fromWho="0" sc="225,103,265,-41,255,-21,235,-21" /><INIT seed="2,0,0,1,3,107" ten="328,224,234,214" oya="2" hai0="61,64,112,13,40,100,3,91,102,15,111,25,119" hai1="56,68,11,90,94,34,127,92,65,41,53,120,132" hai2="51,116,35,118,14,106,50,18,80,43,28,54,62" hai3="123,29,69,6,0,1,37,82,93,72,81,133,87"/><V122/><F122/><W7/><G69/><T59/><D3/><U97/><E127/><V108/><F106/><W9/><G29/><T124/><D112/><U12/><E132/><V19/><F108/><W78/><G123/><T71/><D111/><U83/><E120/><V88/><F43/><W130/><G130/><T16/><D124/><U48/><E34/><V52/><F62/><W60/><G60/><T103/><D119/><U101/><E68/><V26/><F19/><W96/><G133/><T70/><D70/><U129/><E129/><V114/><F114/><W95/><G37/><T4/><D71/><U73/><E65/><V47/><F80/><W117/><G117/><T115/><D115/><U58/><E41/><V23/><REACH who="2" step="1"/><F88/><REACH who="2" ten="328,224,224,214" step="2"/><W22/><G81/><T74/><D40/><U104/><E83/><V85/><F85/><W21/><G87/><T67/><D91/><U105/><E73/><V45/><AGARI ba="0,1" hai="14,18,23,26,28,35,45,47,50,51,52,54,116,118" machi="45" ten="20,18000,2" yaku="1,1,0,1,7,1,9,1,54,1,53,1" doraHai="107" doraHaiUra="10" who="2" fromWho="2" sc="328,-60,224,-60,224,190,214,-60" /><INIT seed="2,1,0,0,3,130" ten="268,164,414,154" oya="2" hai0="110,2,115,9,82,126,69,121,118,39,45,87,105" hai1="101,125,84,12,95,70,124,30,98,94,8,128,37" hai2="20,89,47,54,73,68,120,65,32,17,63,6,56" hai3="122,109,104,31,119,108,86,23,131,4,90,44,71"/><V62/><F32/><W60/><G131/><T57/><RYUUKYOKU type="yao9" ba="1,0" sc="268,0,164,0,414,0,154,0" hai0="2,9,39,45,57,69,82,87,105,110,115,118,121,126" /><INIT seed="2,2,0,2,2,20" ten="268,164,414,154" oya="2" hai0="103,120,35,69,51,118,2,83,28,131,12,113,3" hai1="88,56,130,11,128,23,63,48,53,40,49,18,91" hai2="39,72,44,4,106,93,81,132,77,70,41,43,62" hai3="9,0,19,79,58,5,14,38,64,134,129,112,111"/><V42/><F106/><W46/><G111/><T97/><D113/><U107/><E107/><V50/><F132/><W102/><G112/><T73/><D120/><U98/><E11/><V7/><F93/><W89/><G79/><T8/><D118/><U100/><E100/><V95/><F95/><W121/><G102/><T123/><D123/><U67/><E98/><V92/><F92/><W37/><G121/><T109/><D109/><U101/><E101/><V33/><F33/><W22/><G129/><N who="1" m="49770" /><E40/><V85/><F72/><W66/><G134/><T119/><D131/><U31/><E31/><V84/><F84/><W52/><G89/><N who="1" m="34378" /><E67/><V135/><F135/><W25/><G0/><T13/><D97/><U125/><E125/><V65/><F39/><W16/><G5/><T71/><D103/><U99/><E99/><V104/><F104/><W90/><G90/><T27/><D3/><U26/><AGARI ba="2,0" hai="18,23,26,48,49,53,56,63" m="34378,49770" machi="26" ten="30,4000,0" yaku="19,1,52,1,54,1" doraHai="20" who="1" fromWho="1" sc="268,-12,164,46,414,-22,154,-12" /><INIT seed="3,0,0,5,4,40" ten="256,210,392,142" oya="3" hai0="111,83,132,117,13,25,36,49,69,114,19,112,6" hai1="33,124,7,128,8,42,76,17,41,39,74,2,96" hai2="109,89,38,56,64,103,113,4,77,58,51,0,99" hai3="135,79,127,15,87,26,67,27,9,110,37,81,100"/><W20/><G37/><T29/><D36/><U21/><E96/><V14/><F38/><W71/><G127/><T3/><D69/><U106/><E106/><V68/><F0/><W118/><G118/><T122/><D83/><N who="1" m="45463" /><E42/><V61/><F113/><N who="0" m="43626" /><D49/><U86/><E86/><V75/><F109/><W84/><G110/><T107/><D107/><U55/><E55/><V11/><F89/><W59/><G71/><T119/><D111/><U90/><E90/><V35/><F35/><W134/><G100/><T24/><D122/><U78/><E78/><V85/><F75/><W32/><G32/><N who="0" m="20519" /><D132/><N who="3" m="50729" /><G87/><T54/><D54/><U129/><E33/><V50/><F85/><W80/><G80/><T63/><D63/><U62/><E62/><V97/><F77/><W130/><G130/><T98/><D98/><U82/><E82/><V47/><F51/><W60/><G20/><N who="0" m="11375" /><D25/><N who="1" m="14511" /><E124/><V10/><F99/><W43/><G43/><T31/><D31/><U88/><E41/><V102/><F102/><W108/><G108/><T1/><D1/><U73/><E39/><V115/><F115/><W66/><G66/><T65/><D65/><U48/><E48/><V28/><F28/><W126/><G126/><T104/><D104/><U92/><E73/><V34/><F103/><W23/><G23/><T44/><D44/><U30/><E30/><V45/><F34/><W5/><AGARI ba="0,0" hai="5,9,15,26,27,59,60,67,79,81,84" m="50729" machi="5" ten="30,1500,0" yaku="20,1" doraHai="40" who="3" fromWho="3" sc="256,-5,210,-5,392,-5,142,15" /><INIT seed="3,1,0,3,5,38" ten="251,205,387,157" oya="3" hai0="100,34,98,72,101,27,67,50,28,116,0,51,56" hai1="45,62,43,48,107,128,15,94,110,108,30,113,57" hai2="134,59,97,22,88,85,23,76,112,86,78,81,16" hai3="133,37,6,75,96,127,17,58,126,122,40,68,80"/><W42/><G122/><T49/><D116/><U71/><E107/><V64/><F112/><W14/><G68/><T93/><D72/><U111/><E30/><V114/><F114/><W46/><G133/><T19/><D0/><U63/><E113/><V33/><F33/><W54/><G6/><T3/><D3/><U60/><E94/><N who="2" m="56519" /><F23/><N who="3" m="11703" /><G96/><T65/><D101/><U125/><E15/><N who="2" m="9503" /><F134/><W89/><G46/><T8/><D56/><U9/><E9/><V11/><F11/><W79/><G89/><T32/><D32/><U5/><E5/><V55/><F64/><W123/><G37/><T119/><D119/><U20/><E20/><V121/><F121/><W35/><G35/><T103/><D103/><U4/><E4/><V70/><F70/><W95/><G95/><T90/><D100/><U12/><E12/><V132/><F132/><W24/><G24/><T66/><D8/><U109/><E111/><V74/><F74/><W131/><G123/><T120/><D120/><U10/><E10/><V124/><F124/><N who="3" m="47659" /><G131/><T41/><REACH who="0" step="1"/><D19/><REACH who="0" ten="241,205,387,157" step="2"/><U102/><E125/><V13/><F59/><W53/><G53/><T1/><D1/><U84/><E57/><V135/><F55/><W69/><G69/><T106/><D106/><U105/><E128/><V39/><F135/><W26/><G26/><T118/><D118/><U73/><E71/><V61/><F39/><W25/><G25/><T130/><D130/><U115/><E115/><V117/><F117/><W104/><G104/><T91/><D91/><U82/><E109/><V7/><F76/><W2/><G2/><T92/><D92/><RYUUKYOKU ba="1,1" sc="241,15,205,-15,387,-15,157,15" hai0="27,28,34,41,49,50,51,65,66,67,90,93,98" hai3="40,42,54,58,75,79,80" /><INIT seed="3,2,1,5,2,110" ten="256,190,372,172" oya="3" hai0="46,18,98,67,105,54,130,101,24,95,85,50,133" hai1="6,103,55,43,15,112,75,87,119,17,118,115,39" hai2="126,11,94,30,125,27,120,88,132,127,91,41,121" hai3="44,64,53,69,62,129,111,79,33,13,65,9,114"/><W49/><G111/><T63/><D130/><U104/><E75/><V20/><F132/><W4/><G129/><T26/><D133/><U89/><E6/><V134/><F134/><W84/><G64/><T52/><D54/><U71/><E71/><V70/><F70/><W0/><G33/><T81/><D105/><U93/><E103/><V117/><F117/><N who="1" m="44553" /><E104/><V83/><F41/><W124/><G124/><T131/><D131/><U60/><E43/><V14/><F83/><W73/><G73/><T22/><D63/><U86/><E39/><V23/><F23/><W77/><G114/><N who="1" m="43562" /><E55/><V123/><F94/><W58/><G0/><T7/><D7/><AGARI ba="2,1" hai="7,11,14,20,27,30,88,91,120,121,123,125,126,127" machi="7" ten="50,6400,0" yaku="13,1,18,1,54,1" doraHai="110" who="2" fromWho="0" sc="256,-70,190,0,372,80,172,0" /><INIT seed="4,0,0,2,2,71" ten="186,190,452,172" oya="0" hai0="76,20,43,7,86,118,32,30,93,31,4,15,107" hai1="11,33,45,3,131,9,102,122,58,82,74,35,13" hai2="78,1,2,116,100,59,77,5,128,0,101,10,99" hai3="57,132,18,34,39,48,95,108,65,79,120,38,125"/><T123/><D118/><U42/><E102/><V80/><F116/><W29/><G108/><T121/><D107/><U88/><E122/><V124/><F128/><W17/><G120/><T70/><D70/><U67/><E11/><V90/><F124/><W62/><G125/><T61/><D61/><U12/><E131/><V53/><F90/><W60/><G79/><T111/><D111/><U127/><E127/><V14/><F78/><W64/><G132/><T103/><D32/><U19/><E3/><V6/><F6/><W96/><G48/><T21/><D76/><U129/><E74/><V73/><REACH who="2" step="1"/><F99/><REACH who="2" ten="186,190,442,172" step="2"/><W46/><G96/><T47/><D123/><U75/><E88/><V119/><F119/><W27/><G95/><T105/><D121/><U81/><E82/><V66/><F66/><W135/><G135/><T26/><D105/><U72/><E67/><V126/><F126/><W106/><G106/><T40/><D93/><U113/><E81/><V55/><F55/><W24/><G46/><T133/><D47/><U37/><E72/><V22/><F22/><W44/><G44/><T84/><D133/><U92/><E75/><V94/><F94/><W56/><REACH who="3" step="1"/><G27/><REACH who="3" ten="186,190,442,162" step="2"/><T54/><D26/><U117/><E92/><V97/><F97/><W63/><G63/><AGARI ba="0,2" hai="0,1,2,5,10,14,53,59,63,73,77,80,100,101" machi="63" ten="40,2600,0" yaku="1,1,53,1" doraHai="71" doraHaiUra="49" who="2" fromWho="3" sc="186,0,190,0,442,46,162,-26" /><INIT seed="5,0,0,1,4,45" ten="186,190,488,136" oya="1" hai0="49,40,6,53,73,3,85,86,109,88,118,68,60" hai1="130,100,48,26,83,43,101,72,133,84,129,123,110" hai2="108,82,52,131,38,20,89,126,36,103,39,21,94" hai3="135,28,31,64,99,17,32,114,50,4,134,62,8"/><U115/><E123/><V55/><F108/><W87/><G17/><T1/><D109/><U61/><E115/><V47/><F131/><N who="1" m="50185" /><E110/><V9/><F126/><W0/><G114/><T132/><D118/><U58/><E72/><V5/><F103/><W98/><G87/><T107/><D73/><U74/><E74/><V106/><F106/><W79/><G79/><T65/><D107/><U120/><E133/><V16/><F82/><W102/><G98/><T96/><D132/><U77/><E26/><V59/><F47/><W10/><G10/><T24/><D40/><U91/><E120/><V121/><F121/><W93/><G134/><T113/><D113/><U124/><E124/><V22/><F16/><W76/><G135/><T15/><D24/><U12/><E12/><V78/><F78/><W56/><G76/><T70/><D70/><U128/><N who="1" m="50193" /><U54/><DORA hai="2" /><E77/><V125/><F125/><W18/><G32/><T11/><D96/><U105/><E105/><V97/><REACH who="2" step="1"/><F59/><REACH who="2" ten="186,190,478,136" step="2"/><W122/><G122/><T119/><D119/><U23/><E101/><V27/><F27/><W7/><G7/><T81/><D86/><U41/><E100/><V33/><F33/><W69/><REACH who="3" step="1"/><G18/><REACH who="3" ten="186,190,478,126" step="2"/><T67/><REACH who="0" step="1"/><D67/><REACH who="0" ten="176,190,478,126" step="2"/><N who="1" m="39351" /><E84/><V13/><AGARI ba="0,3" hai="5,9,13,20,21,22,36,38,39,52,55,89,94,97" machi="13" ten="40,8000,1" yaku="1,1,0,1,52,1,54,1,53,1" doraHai="45,2" doraHaiUra="95,57" who="2" fromWho="2" sc="176,-20,190,-40,478,110,126,-20" /><INIT seed="6,0,0,3,4,16" ten="156,150,588,106" oya="2" hai0="132,111,83,126,96,81,63,89,80,60,125,27,39" hai1="58,84,75,38,54,36,31,73,99,3,30,112,46" hai2="106,93,11,72,91,95,2,65,26,85,76,113,71" hai3="14,32,77,82,98,130,33,100,37,109,50,97,131"/><V133/><F106/><W107/><G37/><T129/><D111/><U70/><E3/><V35/><F113/><W108/><G14/><T94/><D39/><U44/><E70/><V25/><F133/><W102/><G50/><T55/><D132/><U118/><E118/><V69/><F76/><W86/><G33/><T51/><D129/><U34/><E99/><V64/><F72/><W28/><G28/><T4/><D4/><U79/><E112/><V67/><F2/><W53/><G53/><T0/><D0/><U122/><E122/><V101/><F11/><W119/><G119/><T68/><D27/><U56/><E84/><V110/><F110/><W124/><G32/><T115/><D115/><U114/><E114/><V52/><F35/><W23/><G23/><T87/><D87/><U128/><E34/><V21/><F25/><W43/><G43/><T59/><D68/><U49/><E79/><V120/><F120/><W8/><G8/><T105/><D105/><U7/><E7/><V12/><F12/><W1/><G1/><T13/><D13/><U88/><E88/><N who="2" m="53391" /><F101/><W104/><REACH who="3" step="1"/><G124/><AGARI ba="0,0" hai="51,55,59,60,63,80,81,83,89,94,96,124,125,126" machi="124" ten="40,1300,0" yaku="18,1" doraHai="16" who="0" fromWho="3" sc="156,13,150,0,588,0,106,-13" /><INIT seed="7,0,0,5,3,19" ten="169,150,588,93" oya="3" hai0="65,51,56,7,82,27,21,63,104,135,60,5,49" hai1="96,85,26,93,117,87,55,134,64,92,98,2,131" hai2="45,110,3,107,95,86,91,133,66,47,41,127,9" hai3="36,14,130,34,125,8,128,68,33,70,43,15,122"/><W10/><G43/><T29/><D104/><U54/><E117/><V72/><F110/><W106/><G106/><T109/><D109/><U108/><E134/><V16/><F72/><W116/><G36/><T69/><D135/><U88/><E131/><V115/><F115/><W30/><G30/><T50/><REACH who="0" step="1"/><D82/><REACH who="0" ten="159,150,588,93" step="2"/><U90/><E108/><V57/><F133/><W48/><G48/><T112/><D112/><U80/><E2/><V42/><F107/><W118/><REACH who="3" step="1"/><G125/><REACH who="3" ten="159,150,588,83" step="2"/><T83/><D83/><U74/><E74/><V81/><F127/><W6/><G6/><T103/><D103/><N who="1" m="60807" /><E80/><V39/><F81/><W25/><G25/><T129/><D129/><U32/><E26/><V31/><F31/><W84/><G84/><T1/><D1/><U61/><E32/><V89/><F3/><W94/><G94/><T53/><AGARI ba="0,2" hai="5,7,21,27,29,49,50,51,53,56,60,63,65,69" machi="53" ten="30,4000,0" yaku="1,1,0,1,52,1,53,0" doraHai="19" doraHaiUra="113" who="0" fromWho="0" sc="159,60,150,-10,588,-10,83,-20" owari="219,2.0,140,-26.0,578,68.0,63,-44.0" /></mjloggm>