<mjloggm ver="2.3"><GO type="169" lobby="0"/><UN n0="%E3%83%94%E3%83%A7%E3%83%B3%E5%90%89" n1="%E3%82%A2%E3%82%B9%E3%82%BF%E3%83%8A" n2="%E3%81%B2%E3%81%BE%E5%A8%98" n3="%E3%82%88%E3%81%98%E3%81%92%E3%82%93" dan="17,16,16,17" rate="2139.22,2075.82,2049.24,2085.52" sx="F,M,M,M"/><TAIKYOKU oya="0"/><INIT seed="0,0,0,2,1,30" ten="250,250,250,250" oya="0" hai0="108,2,74,124,0,33,6,96,113,46,119,78,81" hai1="12,45,23,83,8,135,55,59,128,64,9,129,85" hai2="53,32,120,86,63,21,26,89,102,66,22,67,76" hai3="56,42,50,24,109,77,28,107,100,7,114,121,118"/><T106/><D113/><U98/><E135/><V57/><F120/><W117/><G114/><T40/><D119/><U36/><E98/><V90/><F102/><W131/><G131/><N who="1" m="50250" /><E23/><V99/><F32/><W19/><G107/><T105/><D124/><U39/><E64/><N who="2" m="24619" /><F99/><W15/><G100/><N who="0" m="62599" /><D106/><U38/><E45/><V71/><F71/><W126/><G56/><T111/><D33/><U54/><E59/><V87/><F76/><W35/><G77/><T31/><D31/><U79/><E9/><V73/><F73/><W14/><G126/><T47/><D47/><U61/><E61/><V84/><F22/><W80/><G118/><T44/><D44/><U122/><E122/><V104/><F104/><W52/><G121/><T27/><D27/><U91/><E79/><V58/><F57/><W125/><G24/><T20/><D20/><U13/><E13/><V29/><AGARI ba="0,0" hai="21,26,29,53,58,63,84,86,87,89,90" m="24619" machi="29" ten="30,1100,0" yaku="8,1" doraHai="30" who="2" fromWho="2" sc="250,-5,250,-3,250,11,250,-3" /><INIT seed="1,0,0,2,4,48" ten="245,247,261,247" oya="1" hai0="120,76,58,119,132,118,115,78,19,100,41,73,74" hai1="2,8,82,66,98,59,1,31,53,4,6,77,112" hai2="12,14,131,97,50,24,134,68,96,15,80,39,67" hai3="32,51,36,94,93,70,3,83,92,103,37,91,86"/><U111/><E112/><V116/><F39/><W90/><G3/><T38/><D38/><U28/><E66/><V117/><F134/><W129/><G70/><T88/><D41/><U61/><E111/><V47/><F131/><W42/><G129/><T122/><D19/><U85/><REACH who="1" step="1"/><E98/><REACH who="1" ten="245,237,261,247" step="2"/><V99/><F67/><W133/><G133/><T108/><D115/><U35/><E35/><V128/><F99/><W104/><G32/><T113/><D113/><U60/><E60/><V71/><F97/><W62/><G62/><T9/><D108/><U81/><E81/><V114/><F96/><W10/><G83/><T75/><D132/><U40/><E40/><V135/><F80/><W7/><G42/><T130/><D130/><U102/><E102/><V45/><F128/><W43/><G103/><T33/><D100/><U72/><E72/><V11/><F135/><W127/><G43/><T63/><D33/><U107/><E107/><V124/><F114/><W106/><G104/><T25/><D63/><U34/><E34/><V21/><F117/><W121/><G106/><T0/><D119/><U89/><E89/><V30/><F116/><W64/><G64/><T79/><D118/><U54/><E54/><V56/><F71/><W22/><G91/><T5/><D88/><U52/><E52/><N who="2" m="31767" /><F68/><W29/><G36/><T123/><D75/><U18/><E18/><N who="2" m="8479" /><F124/><W125/><G127/><T16/><D16/><U87/><E87/><V105/><F105/><W23/><G125/><T109/><D109/><U26/><E26/><V20/><F20/><W101/><G37/><T27/><D25/><RYUUKYOKU ba="0,1" sc="245,-15,237,15,261,15,247,-15" hai1="1,2,4,6,8,28,31,53,59,61,77,82,85" hai2="14,15,21,24,30,45,47" /><INIT seed="1,1,1,3,3,63" ten="230,252,276,232" oya="1" hai0="105,120,131,85,121,47,16,84,66,49,21,127,75" hai1="11,94,77,51,97,112,98,128,1,109,2,79,30" hai2="118,35,82,83,15,14,10,42,70,87,52,108,45" hai3="86,88,132,3,116,130,26,36,31,125,57,56,50"/><U115/><E30/><V99/><F118/><W48/><G36/><T69/><D75/><U37/><E37/><V0/><F35/><W29/><G3/><T110/><D105/><U129/><E51/><V96/><F70/><W93/><G125/><T28/><D28/><U114/><E11/><V41/><F108/><W90/><G132/><T103/><D103/><U20/><E20/><V61/><F0/><N who="1" m="105" /><E109/><V40/><F15/><W134/><G130/><N who="1" m="50282" /><E94/><V44/><F44/><W67/><G134/><T122/><D110/><U58/><E58/><N who="2" m="35015" /><F45/><W46/><G57/><T55/><D127/><U4/><E4/><N who="2" m="3399" /><F83/><N who="3" m="49247" /><G116/><T133/><D133/><U78/><AGARI ba="1,1" hai="77,78,79,97,98,112,114,115" m="50282,105" machi="78" ten="50,9600,0" yaku="28,2,19,1" doraHai="63" who="1" fromWho="1" sc="230,-33,252,109,276,-33,232,-33" /><INIT seed="1,2,0,5,0,73" ten="197,361,243,199" oya="1" hai0="38,130,131,86,42,67,79,24,33,81,108,126,26" hai1="18,56,59,93,10,4,43,84,11,76,94,68,15" hai2="57,44,8,36,80,123,64,35,6,66,5,60,116" hai3="101,105,103,63,91,52,37,7,132,114,120,31,98"/><U55/><E68/><V75/><F123/><W27/><G114/><T47/><D108/><U49/><E43/><V65/><F116/><W128/><G120/><T39/><D39/><U9/><E59/><V111/><F35/><W23/><G37/><T106/><D126/><U40/><E40/><N who="2" m="22535" /><F6/><W13/><G132/><T28/><D106/><U61/><E61/><V121/><F121/><W87/><G128/><T53/><D67/><U97/><E4/><V16/><F16/><W30/><G103/><T78/><D24/><U83/><REACH who="1" step="1"/><E93/><REACH who="1" ten="197,351,243,199" step="2"/><V17/><F57/><W109/><G63/><T50/><D130/><U127/><E127/><V3/><F60/><W1/><G7/><T41/><D131/><U104/><E104/><V34/><F5/><W21/><G105/><T122/><D122/><U48/><E48/><V29/><F66/><W12/><G52/><T99/><D41/><U32/><E32/><V85/><F64/><W119/><G119/><T82/><D38/><U92/><E92/><V58/><F65/><W113/><G113/><T135/><D135/><U62/><E62/><V115/><F58/><W129/><G129/><T89/><D42/><U19/><E19/><V88/><F17/><W96/><G31/><T124/><D124/><U118/><E118/><V0/><F115/><W22/><G30/><T112/><D112/><U95/><E95/><V100/><F29/><W72/><G1/><T51/><D51/><U71/><E71/><V2/><F2/><W74/><G27/><T102/><D33/><U14/><E14/><V20/><F34/><W117/><G12/><RYUUKYOKU ba="2,1" sc="197,-10,351,30,243,-10,199,-10" hai1="9,10,11,15,18,49,55,56,76,83,84,94,97" /><INIT seed="1,3,1,3,1,63" ten="187,381,233,189" oya="1" hai0="27,113,44,104,125,119,69,7,48,13,43,72,92" hai1="19,78,42,99,135,122,14,66,82,20,33,108,12" hai2="6,64,45,29,102,94,106,132,95,75,71,60,49" hai3="83,131,18,37,85,9,25,97,15,70,117,5,112"/><U32/><E122/><V100/><F75/><W62/><G112/><T0/><D104/><U123/><E123/><V56/><F132/><W134/><G134/><T129/><D72/><U109/><E135/><V74/><F74/><W118/><G37/><T4/><D113/><U57/><E42/><V23/><F6/><W10/><G131/><T1/><D119/><N who="3" m="45577" /><G97/><T40/><D69/><U22/><E99/><V107/><F71/><W77/><G25/><T55/><D129/><U31/><E31/><V93/><F107/><W54/><G54/><T121/><D121/><U73/><E20/><V67/><F106/><W36/><G36/><T115/><D115/><U128/><E12/><V50/><F67/><N who="3" m="41335" /><G10/><T105/><D105/><U130/><E57/><V39/><F39/><W35/><G35/><N who="1" m="13386" /><E66/><V87/><F87/><W47/><G47/><T81/><D27/><U110/><AGARI ba="3,1" hai="14,19,22,73,78,82,108,109,110,128,130" m="13386" machi="110" ten="40,3900,0" yaku="14,1,10,1" doraHai="63" who="1" fromWho="1" sc="187,-16,381,58,233,-16,189,-16" /><INIT seed="1,4,0,1,4,1" ten="171,439,217,173" oya="1" hai0="127,4,66,63,80,22,131,79,124,64,95,42,113" hai1="3,56,59,85,129,74,6,60,51,128,71,16,106" hai2="53,39,32,82,105,19,50,91,108,13,109,118,101" hai3="2,24,107,89,110,92,26,78,117,43,5,70,69"/><U8/><E74/><V84/><F118/><W121/><G121/><T126/><D113/><U62/><E106/><V90/><F39/><W99/><G110/><N who="2" m="42601" /><F32/><W58/><G117/><T49/><D131/><N who="1" m="50251" /><E85/><V0/><F0/><W11/><G107/><T7/><D95/><U104/><E104/><V87/><F101/><W44/><G58/><N who="1" m="22058" /><E71/><V100/><F100/><W122/><G122/><T96/><D96/><U81/><E81/><V10/><F105/><W68/><REACH who="3" step="1"/><G78/><REACH who="3" ten="171,439,217,163" step="2"/><T17/><D66/><U133/><E133/><V36/><F36/><AGARI ba="4,1" hai="2,5,11,24,26,36,43,44,68,69,70,89,92,99" machi="36" ten="40,5200,0" yaku="1,1,2,1,52,1,53,0" doraHai="1" doraHaiUra="25" who="3" fromWho="2" sc="171,0,439,0,217,-64,163,74" /><INIT seed="2,0,0,5,3,84" ten="171,439,153,237" oya="2" hai0="41,128,69,30,119,83,4,21,76,75,26,13,81" hai1="67,66,106,65,133,42,134,0,82,124,92,60,29" hai2="122,35,132,114,45,113,108,116,25,109,86,88,63" hai3="3,57,125,101,95,36,129,87,94,22,104,11,91"/><V5/><F5/><W80/><G36/><T102/><D128/><U110/><E106/><V39/><F132/><N who="1" m="50793" /><E110/><N who="2" m="42603" /><F122/><W44/><G44/><T46/><D119/><U59/><E124/><V43/><F116/><W93/><G11/><T74/><D69/><U64/><E0/><V103/><F103/><W111/><G22/><T54/><D102/><U68/><E82/><N who="2" m="49239" /><F63/><W99/><G3/><T49/><D81/><U107/><E107/><V115/><F25/><W17/><G111/><T37/><D4/><U71/><E60/><V48/><F35/><W70/><G125/><T20/><D13/><U33/><E33/><V130/><F130/><W23/><G101/><T28/><D83/><U53/><E68/><V61/><F61/><W40/><G80/><T16/><D76/><U8/><E71/><V131/><F131/><W27/><G70/><T79/><D79/><U112/><E112/><V96/><F96/><W118/><G99/><T85/><D85/><U127/><E127/><V10/><F10/><W62/><G87/><T7/><D7/><U73/><E8/><V120/><F120/><W1/><G118/><T18/><D75/><U47/><E73/><V52/><F115/><W77/><G129/><T9/><D74/><U14/><E14/><V135/><F135/><W32/><G27/><N who="0" m="14727" /><D9/><U6/><E6/><V121/><F121/><W19/><G32/><T55/><D28/><U100/><E29/><V72/><F72/><W51/><G62/><T78/><D78/><U98/><N who="1" m="16384" /><DORA hai="56" /><U38/><E100/><V117/><F117/><W105/><G104/><T50/><D30/><RYUUKYOKU ba="0,0" sc="171,15,439,-15,153,15,237,-15" hai0="18,21,26,37,41,46,49,50,54,55" hai2="39,43,45,48,52,113,114" /><INIT seed="2,1,0,2,2,45" ten="186,424,168,222" oya="2" hai0="10,37,38,2,23,76,103,108,28,131,42,93,54" hai1="128,66,40,55,113,67,98,41,124,49,111,58,32" hai2="116,82,21,106,133,51,96,86,101,115,80,126,90" hai3="17,75,70,134,104,69,81,47,129,105,123,0,31"/><V59/><F115/><W132/><G123/><T83/><D108/><U71/><E32/><V114/><F114/><W19/><G129/><T13/><D131/><U12/><E113/><V68/><F68/><N who="3" m="26219" /><G31/><T60/><D2/><U24/><E128/><V43/><F116/><W11/><G47/><T91/><D103/><U35/><E124/><V117/><F117/><W5/><G19/><T95/><D23/><U25/><E111/><V84/><F126/><W44/><G17/><T112/><D28/><U4/><E35/><V119/><F119/><W1/><G44/><T30/><D30/><U39/><E98/><V7/><F7/><W56/><G56/><T89/><D112/><U15/><E71/><V100/><F21/><W78/><G0/><T62/><D42/><N who="1" m="16491" /><E39/><V85/><F43/><W18/><G18/><T65/><D65/><N who="1" m="24587" /><E4/><V29/><F29/><W102/><G102/><T61/><D54/><U127/><E127/><V27/><F101/><W20/><G20/><T94/><D37/><U110/><E110/><V125/><F125/><W9/><G9/><T87/><D38/><U77/><E77/><V26/><F100/><W57/><G104/><T3/><D3/><U8/><E8/><V53/><F106/><W50/><G105/><T107/><D107/><U122/><E122/><V99/><F99/><W73/><G75/><T120/><REACH who="0" step="1"/><D120/><REACH who="0" ten="176,424,168,222" step="2"/><U72/><E55/><V92/><F133/><W130/><G130/><T14/><D14/><U97/><E15/><V118/><F118/><W34/><G34/><T121/><D121/><U6/><E12/><V79/><F79/><RYUUKYOKU ba="1,1" sc="176,10,424,-30,168,10,222,10" hai0="10,13,60,61,62,76,83,87,89,91,93,94,95" hai2="26,27,51,53,59,80,82,84,85,86,90,92,96" hai3="1,5,11,50,57,73,78,81,132,134" /><INIT seed="2,2,1,3,0,105" ten="186,394,178,232" oya="2" hai0="38,115,24,74,112,31,93,132,123,5,81,43,37" hai1="9,51,33,45,95,28,21,41,122,124,127,108,19" hai2="106,94,0,79,68,58,114,120,131,42,121,97,86" hai3="103,110,72,29,91,88,99,82,23,22,63,50,8"/><V96/><F68/><W59/><G110/><T54/><D123/><N who="2" m="47178" /><F58/><W7/><G50/><T47/><D38/><U46/><E122/><V85/><F42/><W133/><G133/><T13/><D132/><U3/><E108/><V116/><F0/><W17/><G29/><T48/><D93/><U107/><E107/><V134/><F134/><W71/><G71/><T104/><D104/><U20/><E33/><V16/><F16/><W32/><G32/><T111/><D111/><U4/><E28/><V98/><F114/><W6/><G23/><T35/><D13/><U90/><E19/><V1/><F1/><W70/><G70/><T65/><D65/><U92/><E46/><V62/><F62/><W113/><G113/><T135/><D5/><U129/><E129/><V100/><F131/><W12/><G7/><T39/><D135/><U117/><E117/><V66/><F66/><W67/><G82/><T40/><D40/><U56/><E56/><V130/><F130/><W69/><G72/><T89/><D74/><U52/><E41/><V102/><F116/><W44/><G44/><N who="0" m="27911" /><D39/><U15/><E92/><N who="2" m="58439" /><F79/><W14/><REACH who="3" step="1"/><G69/><REACH who="3" ten="186,394,178,222" step="2"/><T26/><D115/><U2/><E21/><V64/><F64/><W60/><G60/><T80/><D112/><U36/><E36/><V76/><F76/><W34/><G34/><T75/><D35/><U57/><E20/><V55/><F55/><W84/><G84/><N who="0" m="50311" /><D31/><U126/><E45/><V78/><F78/><W53/><G53/><T25/><D75/><U125/><E126/><V101/><AGARI ba="2,2" hai="85,86,94,96,97,101,102,106" m="58439,47178" machi="101" ten="30,3000,0" yaku="34,2" doraHai="105" who="2" fromWho="2" sc="186,-12,394,-12,178,56,222,-12" /><INIT seed="2,3,0,2,5,63" ten="174,382,234,210" oya="2" hai0="27,115,68,44,101,20,57,98,6,9,126,72,12" hai1="40,81,127,103,118,88,66,111,1,59,67,43,51" hai2="134,106,52,69,18,119,0,96,125,48,14,60,105" hai3="77,90,133,99,79,55,58,38,95,25,76,21,92"/><V80/><F119/><W35/><G38/><T22/><D68/><U10/><E118/><V65/><F0/><W17/><G35/><T108/><D115/><U34/><E34/><V100/><F134/><W104/><G104/><T49/><D108/><U33/><E33/><V117/><F117/><W97/><G133/><T93/><D126/><U29/><E29/><V94/><F80/><W54/><REACH who="3" step="1"/><G58/><REACH who="3" ten="174,382,234,200" step="2"/><T89/><D72/><U24/><E127/><V85/><F125/><W13/><G13/><T107/><D57/><U91/><E59/><V135/><F135/><W116/><G116/><T62/><D27/><U26/><E26/><V78/><F78/><W75/><G75/><T70/><D70/><U123/><E24/><V124/><F124/><W74/><G74/><T114/><D114/><U110/><E1/><V41/><F41/><W64/><G64/><T84/><REACH who="0" step="1"/><D62/><REACH who="0" ten="164,382,234,200" step="2"/><U112/><E112/><V61/><F61/><W7/><G7/><T37/><D37/><U28/><E111/><V42/><F60/><W53/><G53/><AGARI ba="3,2" hai="6,9,12,20,22,44,49,53,84,89,93,98,101,107" machi="53" ten="30,2000,0" yaku="1,1,7,1,53,0" doraHai="63" doraHaiUra="121" who="0" fromWho="3" sc="164,49,382,0,234,0,200,-29" /><INIT seed="3,0,0,1,5,64" ten="213,382,234,171" oya="3" hai0="73,93,54,86,89,115,17,104,11,41,60,57,18" hai1="51,103,107,61,122,131,70,47,62,72,14,106,133" hai2="58,36,40,3,4,26,52,123,119,88,38,96,28" hai3="34,82,84,12,98,105,76,75,87,49,130,37,63"/><W102/><G37/><T5/><D104/><U126/><E122/><V94/><F119/><W74/><G34/><T117/><D117/><U121/><E121/><V43/><F123/><W127/><G130/><T69/><D115/><U45/><E72/><V118/><F118/><W124/><G63/><T25/><D73/><N who="3" m="27657" /><G12/><N who="0" m="5231" /><D69/><U10/><E103/><V67/><F67/><W31/><G31/><T135/><D135/><U20/><E20/><V116/><F116/><W78/><G49/><T59/><D41/><U66/><E14/><V77/><F77/><N who="3" m="29803" /><G82/><T128/><D128/><U80/><E51/><V55/><F55/><W71/><G71/><T91/><D25/><U21/><E80/><V112/><F112/><W101/><G101/><T6/><D6/><U65/><E131/><V81/><F81/><W46/><G46/><T22/><D22/><U129/><E21/><V13/><F3/><W7/><G7/><T50/><D89/><U92/><E129/><V0/><F0/><W16/><G16/><N who="0" m="6251" /><D60/><U27/><E62/><N who="2" m="36167" /><F38/><W114/><G114/><T24/><D24/><U132/><E27/><V48/><F36/><W90/><G90/><T134/><D134/><U44/><E132/><V120/><F120/><W32/><G32/><T99/><D59/><U19/><E133/><V56/><F26/><W30/><G30/><T109/><D99/><U1/><E70/><V85/><F28/><W8/><G8/><T95/><D93/><U110/><E92/><V15/><F96/><W9/><G9/><T111/><D95/><U79/><E10/><N who="2" m="4295" /><F94/><W97/><G97/><T125/><D91/><RYUUKYOKU ba="0,0" sc="213,-10,382,-10,234,-10,171,30" hai3="84,87,98,102,105,124,127" /><INIT seed="3,1,0,2,2,103" ten="203,372,224,201" oya="3" hai0="67,27,131,125,129,81,43,84,117,76,35,111,86" hai1="115,58,26,96,107,37,20,49,126,87,106,36,73" hai2="132,5,98,94,108,46,33,32,89,51,54,18,97" hai3="61,16,130,122,74,119,133,56,22,41,100,91,99"/><W82/><G119/><T109/><D117/><U83/><E115/><V12/><F108/><N who="0" m="41546" /><D125/><U24/><E73/><V75/><F75/><W0/><G122/><T9/><D43/><U88/><E126/><V50/><F132/><W92/><G0/><T34/><D67/><U17/><E26/><V13/><F98/><W23/><G133/><T101/><D101/><U40/><E96/><V95/><F95/><W124/><G124/><T14/><D86/><U69/><E69/><V110/><F110/><W85/><G130/><N who="0" m="49675" /><D27/><U121/><E121/><V114/><F114/><W71/><G71/><T4/><AGARI ba="1,0" hai="4,9,14,34,35,76,81,84" m="49675,41546" machi="4" ten="30,2000,0" yaku="14,1,19,1" doraHai="103" who="0" fromWho="0" sc="203,23,372,-6,224,-6,201,-11" /><INIT seed="4,0,0,1,4,95" ten="226,366,218,190" oya="0" hai0="3,66,130,93,39,105,97,78,11,7,114,126,35" hai1="82,15,83,45,117,104,0,49,69,81,22,17,65" hai2="98,33,4,27,9,125,36,94,32,50,86,135,5" hai3="63,6,96,115,88,55,100,48,91,25,38,109,56"/><T54/><D35/><U129/><E117/><V19/><F36/><W101/><G109/><T111/><D111/><U120/><E120/><V30/><F135/><W26/><G38/><T57/><D105/><U99/><E129/><V37/><F37/><W118/><G118/><T28/><D130/><U29/><E0/><V85/><F125/><W102/><G115/><T62/><D114/><U90/><E29/><V42/><F33/><W73/><G73/><T59/><D39/><U112/><E112/><V107/><F107/><W128/><G128/><T121/><D126/><U34/><E34/><V77/><F19/><W14/><G6/><T84/><D28/><U68/><E65/><V46/><F77/><W89/><G14/><T53/><D121/><U106/><E106/><V8/><F5/><W127/><G127/><T72/><D72/><U71/><E104/><V92/><F92/><W41/><G41/><T44/><D44/><U60/><E60/><V13/><REACH who="2" step="1"/><F9/><REACH who="2" ten="226,366,208,190" step="2"/><W31/><G31/><T64/><D78/><U116/><E116/><V21/><F21/><W2/><G96/><T134/><D134/><U87/><REACH who="1" step="1"/><E99/><REACH who="1" ten="226,356,208,190" step="2"/><V122/><F122/><W108/><G108/><T1/><D97/><U52/><AGARI ba="0,2" hai="15,17,22,45,49,52,68,69,71,81,82,83,87,90" machi="52" ten="30,7900,0" yaku="1,1,2,1,0,1,54,1,53,0" doraHai="95" doraHaiUra="103" who="1" fromWho="1" sc="226,-39,356,99,208,-20,190,-20" /><INIT seed="5,0,0,2,4,90" ten="187,455,188,170" oya="1" hai0="55,57,97,22,15,45,71,3,125,105,50,126,104" hai1="40,48,119,94,120,111,0,44,49,66,124,73,17" hai2="65,27,87,10,106,121,86,93,1,54,79,59,53" hai3="58,47,36,108,18,70,46,127,56,24,101,80,112"/><U88/><E120/><V67/><F121/><W38/><G108/><T21/><D3/><U60/><E119/><V134/><F106/><N who="0" m="41066" /><D71/><U131/><E0/><V19/><F134/><W32/><G70/><T116/><D116/><U117/><E117/><V132/><F132/><W14/><G24/><T20/><D97/><U81/><E111/><V100/><F1/><W129/><G32/><T34/><D34/><U16/><E131/><V23/><F10/><W64/><G38/><T33/><D33/><U75/><E124/><N who="0" m="47721" /><D57/><N who="1" m="37135" /><E75/><V37/><F37/><W31/><G36/><T6/><D6/><U123/><E123/><V41/><F41/><W99/><G99/><T63/><D63/><U107/><E107/><V51/><F54/><W9/><G58/><T39/><D39/><U29/><E73/><V61/><F79/><W30/><G56/><T109/><D109/><U133/><E133/><V95/><F100/><W28/><G101/><T25/><D15/><U7/><E7/><V26/><F26/><AGARI ba="0,0" hai="20,21,22,25,26,45,50,55" m="47721,41066" machi="26" ten="40,1300,0" yaku="18,1" doraHai="90" who="0" fromWho="2" sc="187,13,455,0,188,-13,170,0" /><INIT seed="6,0,0,3,4,11" ten="200,455,175,170" oya="2" hai0="34,46,38,49,45,118,78,56,57,41,42,87,119" hai1="23,109,63,84,28,128,37,121,65,25,106,16,97" hai2="71,3,110,108,14,26,62,85,4,9,74,47,92" hai3="33,7,0,50,116,114,64,95,80,32,83,39,127"/><V81/><F74/><W72/><G116/><N who="0" m="44587" /><D34/><U124/><E109/><N who="2" m="42091" /><F92/><W96/><G39/><N who="0" m="21695" /><D87/><U29/><E37/><V19/><F47/><W131/><G33/><T129/><D78/><U75/><E75/><V68/><F26/><W93/><G32/><T30/><D30/><U98/><E121/><V24/><F24/><W134/><G72/><T1/><D1/><U73/><E73/><V40/><F40/><W126/><G95/><T91/><D91/><U82/><E124/><V60/><F60/><W5/><G50/><T27/><D27/><U105/><E105/><V104/><F104/><W2/><G126/><T61/><D129/><U6/><E128/><V53/><F53/><W20/><G64/><N who="0" m="38951" /><D57/><U135/><E106/><V35/><F35/><W79/><G131/><T15/><D38/><U67/><E25/><V44/><F44/><W125/><G127/><T111/><D111/><U86/><E82/><V115/><F115/><W12/><G83/><T55/><D55/><U70/><E29/><V89/><F62/><W18/><G125/><T88/><D88/><U90/><E90/><V122/><F122/><W52/><G52/><T117/><D117/><U69/><E63/><V94/><F94/><W133/><G114/><T10/><D10/><AGARI ba="0,0" hai="3,4,9,10,14,19,68,71,81,85,89" m="42091" machi="10" ten="30,2900,0" yaku="10,1,52,1" doraHai="11" who="2" fromWho="0" sc="200,-29,455,0,175,29,170,0" /><INIT seed="6,1,0,3,2,66" ten="171,455,204,170" oya="2" hai0="127,2,128,78,35,76,52,129,62,5,49,59,93" hai1="109,92,80,99,122,95,133,55,57,126,33,110,104" hai2="63,114,94,75,23,90,51,86,132,1,61,47,108" hai3="36,119,97,79,14,25,34,69,40,32,100,113,125"/><V10/><F75/><W89/><G79/><T50/><D35/><U9/><E33/><V73/><F73/><W8/><G119/><T84/><D127/><U16/><E126/><V6/><F114/><W48/><G36/><T45/><D2/><U72/><E122/><V39/><F39/><W15/><G125/><T20/><D5/><U98/><E104/><V65/><F132/><W77/><G77/><T19/><D49/><U106/><E106/><V82/><F108/><W24/><G69/><T130/><D93/><U103/><E133/><V102/><F23/><W12/><G8/><T88/><D88/><U13/><E80/><V115/><F115/><W64/><G64/><N who="0" m="39007" /><D84/><U60/><REACH who="1" step="1"/><E72/><REACH who="1" ten="171,445,204,170" step="2"/><V81/><F81/><W121/><G121/><T4/><D130/><U107/><E107/><V120/><F120/><W21/><G113/><T53/><D129/><U44/><E44/><V70/><F82/><W87/><G34/><T3/><D128/><U26/><E26/><V42/><F63/><W46/><G32/><T134/><D134/><U31/><E31/><V28/><F28/><W38/><G21/><T101/><D20/><U68/><E68/><V56/><REACH who="2" step="1"/><F102/><AGARI ba="1,1" hai="9,13,16,55,57,60,92,95,98,99,102,103,109,110" machi="102" ten="30,7700,0" yaku="1,1,7,1,9,1,54,1,53,0" doraHai="66" doraHaiUra="135" who="1" fromWho="2" sc="171,0,445,90,204,-80,170,0" /><INIT seed="7,0,0,2,4,61" ten="171,535,124,170" oya="3" hai0="75,63,80,89,18,133,24,101,90,128,88,74,135" hai1="12,94,49,119,62,99,129,104,44,11,126,10,131" hai2="120,107,105,112,43,60,64,34,100,29,78,109,22" hai3="42,47,123,70,35,86,98,83,55,25,5,122,59"/><W115/><G70/><T48/><D101/><U65/><E104/><V132/><F109/><W28/><G115/><T57/><D48/><U117/><E126/><V36/><F112/><W111/><G5/><T26/><D128/><N who="1" m="49227" /><E49/><V125/><F22/><W118/><G111/><T38/><D38/><U116/><E44/><N who="2" m="23655" /><F125/><W8/><G118/><T33/><D18/><U134/><E12/><V51/><F51/><W84/><G8/><T7/><D7/><U85/><E85/><V113/><F113/><W16/><G86/><T32/><D80/><U92/><E134/><N who="0" m="51209" /><D24/><U124/><E124/><V14/><F14/><W54/><G16/><T103/><D103/><N who="1" m="60903" /><E94/><V114/><F114/><W77/><G98/><T81/><D81/><U20/><E20/><V2/><F132/><W19/><G19/><T30/><D33/><U130/><E130/><V127/><F127/><W108/><G108/><T23/><D23/><U50/><E50/><V3/><F78/><W67/><G122/><T4/><D4/><U56/><AGARI ba="0,0" hai="10,11,56,62,65,116,117,119" m="60903,49227" machi="56" ten="40,5200,0" yaku="12,1,19,1,52,1" doraHai="61" who="1" fromWho="1" sc="171,-13,535,52,124,-13,170,-26" owari="158,-4.0,587,69.0,111,-39.0,144,-26.0" /></mjloggm>