<mjloggm ver="2.3"><GO type="169" lobby="0"/><UN n0="%4D%49%4B%4F" n1="%E3%81%84%E3%81%97%E3%81%97%E3%82%93%49%44%E7%B4%9B%E5%A4%B1" n2="%EF%BC%93%E9%80%B1%E9%96%93%40%76%69%70" n3="%61%6B%69%6E%61%72%69%30" dan="16,17,16,18" rate="2107.07,2139.93,2064.96,2189.04" sx="M,M,M,F"/><TAIKYOKU oya="0"/><INIT seed="0,0,0,1,2,92" ten="250,250,250,250" oya="0" hai0="94,4,109,36,11,59,24,131,51,33,48,23,30" hai1="81,120,54,58,134,6,45,57,126,93,95,20,105" hai2="42,1,9,15,32,12,98,19,85,106,66,108,47" hai3="44,116,26,72,103,35,16,111,78,2,87,38,29"/><T100/><D36/><U17/><E105/><V73/><F73/><W64/><G116/><T119/><D119/><U43/><E120/><V68/><F32/><W86/><G111/><T14/><D131/><U40/><E6/><V13/><F108/><W91/><G64/><T70/><D70/><U102/><E126/><V37/><F85/><W8/><G103/><T46/><D109/><U97/><E134/><V76/><F76/><W122/><G122/><T114/><D59/><U123/><E123/><V18/><F1/><W10/><G91/><T80/><D114/><U127/><E127/><V115/><F115/><W82/><G8/><T62/><D62/><U5/><E5/><V133/><F133/><W83/><G83/><T7/><D7/><U125/><E81/><V67/><F15/><W56/><G56/><T27/><D80/><U77/><E77/><V132/><F132/><W41/><REACH who="3" step="1"/><G16/><REACH who="3" ten="250,250,250,240" step="2"/><T113/><D113/><U118/><E118/><V88/><F88/><W90/><G90/><T22/><D33/><U130/><E125/><V50/><F68/><W31/><G31/><N who="0" m="17815" /><D46/><U99/><E45/><V34/><F47/><W124/><G124/><T75/><D75/><U55/><E58/><V84/><F67/><W89/><G89/><T128/><D128/><U79/><E130/><V65/><F66/><W69/><G69/><T135/><D135/><U129/><E129/><V112/><F65/><W28/><G28/><T101/><D101/><N who="1" m="60591" /><E57/><V25/><F112/><W63/><G63/><T74/><D74/><U0/><E102/><V21/><F9/><W49/><G49/><RYUUKYOKU ba="0,1" sc="250,15,250,-15,250,-15,240,15" hai0="4,11,14,23,27,30,48,51,94,100" hai3="2,10,26,29,35,38,41,44,72,78,82,86,87" /><INIT seed="0,1,1,3,0,127" ten="265,235,235,255" oya="0" hai0="3,24,55,130,53,115,20,91,105,117,93,14,46" hai1="128,40,87,132,122,60,1,45,69,79,85,66,88" hai2="131,118,51,57,94,111,116,50,70,80,30,37,112" hai3="123,134,9,63,32,109,110,108,58,68,43,23,133"/><T129/><D105/><U15/><E1/><V27/><F37/><W22/><G32/><T90/><D3/><U7/><E122/><V0/><F112/><W39/><G9/><T126/><D115/><U28/><E132/><N who="3" m="50794" /><G123/><T120/><D120/><U18/><E28/><V56/><F70/><W31/><G31/><T34/><D34/><U19/><E85/><V41/><F0/><W75/><G75/><T29/><D126/><U59/><E79/><V81/><F111/><W61/><G68/><T82/><D117/><U71/><E7/><V52/><F94/><W36/><G43/><T35/><D82/><U44/><E44/><N who="2" m="25871" /><F57/><W89/><G89/><T42/><D14/><U96/><E19/><V72/><F72/><W92/><G92/><T84/><D35/><U10/><E96/><V49/><F49/><W97/><G97/><T47/><D90/><U38/><REACH who="1" step="1"/><E128/><REACH who="1" ten="265,225,235,255" step="2"/><N who="0" m="49257" /><D47/><U73/><E73/><V64/><F131/><W6/><G6/><T17/><D29/><U16/><E16/><V65/><F118/><W107/><G110/><T12/><D24/><U113/><E113/><V62/><F116/><W33/><G109/><T21/><D20/><U101/><E101/><V121/><F121/><W106/><G108/><T124/><D124/><U98/><E98/><V103/><F103/><W5/><G23/><T78/><D78/><U67/><E67/><V135/><F65/><W99/><G22/><T119/><D119/><U95/><AGARI ba="1,2" hai="10,15,18,38,40,45,59,60,66,69,71,87,88,95" machi="95" ten="20,5200,0" yaku="1,1,0,1,7,1,54,1,53,0" doraHai="127" doraHaiUra="77" who="1" fromWho="1" sc="265,-27,225,75,235,-14,255,-14" /><INIT seed="1,0,0,4,5,81" ten="238,300,221,241" oya="1" hai0="27,112,68,40,11,84,94,102,15,25,128,93,10" hai1="115,110,1,51,16,127,45,63,101,131,6,62,111" hai2="109,89,20,34,28,59,105,120,116,80,52,48,118" hai3="53,37,49,4,24,57,46,99,123,90,96,43,29"/><U87/><E115/><V73/><F120/><W103/><G123/><T38/><D68/><U47/><E127/><V58/><F105/><W121/><G121/><T100/><D112/><U17/><E131/><V13/><F34/><W18/><G4/><T31/><D128/><U70/><E101/><V88/><F73/><W98/><G18/><N who="1" m="7274" /><E47/><V74/><F13/><W122/><G122/><T79/><D40/><N who="1" m="24999" /><E70/><V39/><F39/><W36/><G90/><T95/><D38/><U133/><E133/><V5/><F5/><W61/><REACH who="3" step="1"/><G103/><REACH who="3" ten="238,300,221,231" step="2"/><T77/><D102/><U132/><E132/><V82/><F89/><W71/><G71/><T78/><D100/><U66/><E6/><V33/><F88/><W64/><G64/><T134/><D134/><U35/><E66/><V26/><F118/><W108/><G108/><T119/><D119/><U50/><E111/><V106/><F109/><W12/><G12/><T114/><D114/><U86/><E1/><V130/><F116/><W30/><G30/><T72/><D31/><U124/><E110/><V129/><F28/><W7/><G7/><T41/><D15/><U67/><E67/><V65/><F130/><W60/><G60/><T125/><D125/><U75/><E63/><V83/><F65/><W22/><AGARI ba="0,1" hai="22,24,29,36,37,43,46,49,53,57,61,96,98,99" machi="22" ten="30,2000,0" yaku="1,1,0,1,53,0" doraHai="81" doraHaiUra="8" who="3" fromWho="3" sc="238,-5,300,-10,221,-5,231,30" /><INIT seed="2,0,0,2,5,77" ten="233,290,216,261" oya="2" hai0="57,83,108,15,91,85,20,49,36,18,75,109,59" hai1="63,93,55,24,0,69,29,127,35,52,120,42,4" hai2="16,82,111,6,94,74,78,71,105,23,58,47,115" hai3="66,119,64,10,100,130,43,37,67,50,68,70,8"/><V103/><F115/><W124/><G100/><T51/><D36/><U28/><E28/><V122/><F122/><W84/><G119/><T86/><D75/><U114/><E114/><V132/><F71/><W30/><G124/><T25/><D59/><U87/><E42/><V19/><F6/><W96/><G130/><T73/><D73/><U125/><E120/><V92/><F132/><W131/><G96/><T134/><D134/><U90/><E4/><V46/><F19/><W128/><G128/><T26/><D26/><U110/><E0/><V11/><F11/><W79/><G37/><T22/><D86/><U97/><E110/><N who="0" m="42601" /><D57/><U53/><REACH who="1" step="1"/><E87/><REACH who="1" ten="233,280,216,261" step="2"/><V123/><F111/><W99/><G30/><AGARI ba="0,1" hai="15,18,20,22,25,30,49,51,83,85,91" m="42601" machi="30" ten="30,2000,0" yaku="14,1,52,1" doraHai="77" who="0" fromWho="3" sc="233,30,280,0,216,0,261,-20" /><INIT seed="3,0,0,5,0,68" ten="263,280,216,241" oya="3" hai0="8,34,22,12,84,52,87,128,15,81,14,95,86" hai1="108,59,112,9,107,48,39,63,130,96,127,103,79" hai2="109,122,37,47,114,133,18,101,69,6,123,29,110" hai3="115,78,105,62,93,126,32,26,106,76,45,72,91"/><W120/><G115/><T119/><D34/><U83/><E112/><V135/><F69/><W90/><G120/><N who="2" m="46121" /><F6/><W75/><G126/><T21/><D119/><U57/><E127/><V65/><F29/><W7/><G7/><T85/><D95/><U49/><E130/><V70/><F101/><W74/><G62/><T27/><D8/><U10/><E39/><V11/><F114/><W92/><G45/><T94/><D94/><N who="3" m="36457" /><G26/><T20/><D128/><U40/><E40/><N who="2" m="22927" /><F18/><W56/><G56/><T51/><N who="0" m="22016" /><DORA hai="50" /><T61/><D61/><U19/><E63/><N who="2" m="40255" /><F11/><W77/><G32/><T25/><REACH who="0" step="1"/><D81/><REACH who="0" ten="253,280,216,241" step="2"/><U3/><E83/><V71/><F71/><W33/><G33/><T80/><D80/><U17/><E10/><V24/><F24/><W16/><G105/><T116/><D116/><U4/><E107/><V102/><F102/><W113/><G106/><T13/><N who="0" m="3584" /><DORA hai="36" /><T30/><D30/><U42/><E103/><V28/><F28/><W67/><G113/><T104/><D104/><U118/><E9/><V131/><F131/><W100/><G100/><T89/><D89/><U44/><E4/><V41/><F41/><W82/><G82/><T46/><AGARI ba="0,1" hai="20,21,22,25,27,46,51,52" m="3584,22016" machi="46" ten="60,12000,2" yaku="1,1,0,1,29,2,8,1,52,1,54,1,53,0" doraHai="68,50,36" doraHaiUra="53,99,121" who="0" fromWho="0" sc="253,130,280,-30,216,-30,241,-60" /><INIT seed="4,0,0,3,0,29" ten="383,250,186,181" oya="0" hai0="96,50,116,82,97,69,118,39,105,121,61,52,119" hai1="15,40,62,108,5,128,107,123,109,71,22,84,51" hai2="35,133,102,94,103,43,54,87,1,16,100,80,67" hai3="68,98,113,21,129,75,77,7,74,66,60,90,32"/><T104/><D121/><U49/><E123/><V134/><F1/><W89/><G129/><T12/><D39/><U17/><E107/><V114/><F43/><W18/><G113/><T59/><D82/><U58/><E128/><V36/><F36/><W30/><G7/><T72/><D72/><U73/><E71/><V6/><F6/><W78/><G74/><T70/><D70/><U56/><E73/><V2/><F2/><W42/><G42/><T92/><D96/><U44/><E108/><V132/><F114/><W130/><G130/><T124/><D124/><U126/><E109/><V19/><F67/><W45/><G45/><T81/><D81/><U115/><E115/><V3/><F3/><W31/><G75/><T127/><D127/><U120/><E126/><V11/><F94/><W135/><G135/><T125/><D125/><U112/><E112/><V93/><F93/><W86/><G98/><T23/><D69/><U28/><E28/><V117/><F117/><W10/><G10/><T111/><D111/><U76/><E51/><V131/><F131/><W48/><G48/><T110/><D110/><U24/><E62/><V33/><F54/><W41/><G41/><T88/><REACH who="0" step="1"/><D61/><REACH who="0" ten="373,250,186,181" step="2"/><U106/><E120/><V101/><F101/><W63/><G60/><T8/><D8/><N who="1" m="4495" /><E106/><V91/><REACH who="2" step="1"/><F11/><REACH who="2" ten="373,250,176,181" step="2"/><W26/><G66/><T37/><D37/><U9/><E9/><V79/><F79/><W14/><G77/><T38/><D38/><U122/><E122/><V53/><F53/><W0/><G78/><T55/><D55/><U13/><E76/><V20/><F20/><RYUUKYOKU ba="0,2" sc="373,15,250,-15,176,15,181,-15" hai0="12,23,50,52,59,88,92,97,104,105,116,118,119" hai2="16,19,33,35,80,87,91,100,102,103,132,133,134" /><INIT seed="4,1,2,1,0,43" ten="388,235,191,166" oya="0" hai0="107,116,39,6,40,89,26,68,98,37,108,24,2" hai1="52,104,29,18,1,130,33,5,72,51,84,31,56" hai2="74,55,112,42,3,17,22,8,35,50,80,77,76" hai3="128,105,27,0,127,65,75,36,63,119,88,135,96"/><T32/><D68/><U58/><E72/><V34/><F112/><W133/><G119/><T86/><D116/><U28/><E104/><V19/><F77/><W9/><G75/><T59/><D6/><U54/><E33/><V82/><F82/><W117/><G117/><T102/><D2/><U115/><E115/><V129/><F42/><W110/><G110/><T126/><D37/><U12/><E130/><V13/><F129/><W99/><G128/><T90/><D126/><U47/><E1/><V11/><F3/><W134/><G127/><T95/><D108/><U100/><E100/><V30/><F30/><W94/><G36/><T15/><D32/><U121/><E5/><V125/><F125/><W122/><G122/><T10/><D59/><U109/><E109/><V87/><F74/><W103/><G27/><T70/><D70/><U61/><E84/><V131/><F131/><W69/><G0/><T57/><D57/><N who="1" m="34983" /><E121/><V45/><F8/><AGARI ba="1,2" hai="8,9,63,65,69,88,94,96,99,103,105,133,134,135" machi="8" ten="40,2600,0" yaku="20,1,54,1" doraHai="43" who="3" fromWho="2" sc="388,0,235,0,191,-29,166,49" /><AGARI ba="1,0" hai="8,12,18,28,29,31,47,51,54,56,58" m="34983" machi="8" ten="30,3900,0" yaku="8,1,52,1,54,1" doraHai="43" who="1" fromWho="2" sc="388,0,235,39,162,-39,215,0" /><INIT seed="5,0,0,5,5,70" ten="388,274,123,215" oya="1" hai0="48,63,122,37,108,130,71,111,41,98,116,57,106" hai1="119,5,83,13,24,82,73,93,25,11,68,4,35" hai2="66,36,26,123,62,78,12,52,131,91,95,88,34" hai3="107,46,126,7,27,64,10,20,128,8,135,132,76"/><U22/><E68/><V19/><F123/><W80/><G107/><T31/><D71/><U55/><E119/><V3/><F3/><W44/><G64/><T113/><D122/><U59/><E35/><V75/><F131/><W86/><G128/><T23/><D130/><U15/><E93/><V120/><F120/><W96/><G96/><T56/><D116/><U110/><E110/><V21/><F34/><W60/><G60/><T16/><D31/><U87/><E73/><V79/><F91/><W38/><G10/><T32/><D32/><U0/><E0/><V117/><F117/><W125/><G8/><T14/><D48/><U33/><E33/><V129/><F129/><W103/><G103/><T43/><D43/><U74/><E74/><V102/><F102/><W104/><G104/><T42/><D42/><U100/><E100/><V40/><F75/><W81/><G81/><T109/><D113/><U134/><E83/><V115/><F115/><W45/><G38/><T29/><D29/><U90/><E134/><N who="3" m="51242" /><G7/><T77/><D77/><U67/><E67/><V65/><F36/><W28/><AGARI ba="0,0" hai="20,27,28,44,45,46,76,80,86,125,126" m="51242" machi="28" ten="40,1500,0" yaku="20,1" doraHai="70" who="3" fromWho="3" sc="388,-4,274,-7,123,-4,215,15" /><INIT seed="6,0,0,2,2,21" ten="384,267,119,230" oya="2" hai0="73,70,107,68,29,28,92,37,72,130,52,90,53" hai1="46,69,33,26,99,34,96,5,43,22,89,108,7" hai2="111,93,128,49,16,87,81,25,103,12,97,127,35" hai3="95,9,129,41,19,63,116,11,125,1,123,10,64"/><V45/><F127/><W124/><G116/><T39/><D92/><U30/><E69/><V118/><F128/><W110/><G123/><T66/><D66/><U0/><E108/><V71/><F118/><W74/><G110/><T77/><D77/><U100/><E89/><V67/><F111/><W60/><G129/><T32/><D130/><U78/><E78/><V51/><F71/><W102/><G74/><T27/><D27/><U61/><E61/><V2/><F2/><W75/><G75/><T31/><D31/><U20/><E34/><V56/><F35/><W4/><G41/><T40/><D32/><U47/><E47/><V121/><F121/><W94/><G63/><T91/><REACH who="0" step="1"/><D40/><REACH who="0" ten="374,267,119,230" step="2"/><U109/><E30/><V113/><F113/><W82/><G94/><T6/><D6/><U112/><E7/><V50/><F25/><W17/><G4/><T59/><D59/><U62/><E5/><V86/><F81/><W106/><G82/><T84/><D84/><U104/><E26/><V117/><F117/><W105/><G95/><T119/><D119/><U126/><E33/><V58/><F67/><W134/><G64/><T15/><D15/><U85/><E109/><V48/><F45/><W115/><G124/><T38/><D38/><U13/><E126/><V88/><N who="2" m="12800" /><DORA hai="135" /><V42/><F42/><W36/><G125/><T65/><D65/><U55/><E46/><V83/><REACH who="2" step="1"/><F86/><REACH who="2" ten="374,267,109,230" step="2"/><W133/><G133/><T79/><D79/><U18/><E43/><V44/><F44/><W98/><G134/><T132/><D132/><U131/><E131/><V114/><F114/><RYUUKYOKU ba="0,2" sc="374,15,267,-15,109,15,230,-15" hai0="28,29,37,39,52,53,68,70,72,73,90,91,107" hai2="12,16,56,58,83,87,88,93,97,103" /><INIT seed="6,1,2,2,4,106" ten="389,252,124,215" oya="2" hai0="89,53,59,44,115,85,96,103,124,120,42,91,99" hai1="86,1,87,58,43,6,39,65,118,31,133,83,56" hai2="51,14,93,15,8,129,125,45,67,70,68,4,2" hai3="9,24,92,126,69,7,36,19,78,33,5,11,101"/><V50/><F129/><W112/><G69/><T100/><D120/><U94/><E118/><V20/><F125/><W62/><G36/><T49/><D115/><U113/><E31/><V77/><F51/><W17/><G126/><T73/><D73/><U47/><E113/><V123/><F123/><W108/><G112/><T40/><D124/><U116/><E116/><V28/><F93/><W16/><G78/><T37/><D40/><U64/><E133/><V76/><F2/><W105/><G105/><T95/><D85/><U26/><E26/><V22/><F22/><W122/><G122/><T3/><D3/><U32/><E32/><V57/><F70/><W104/><G104/><AGARI ba="1,2" hai="37,42,44,49,53,59,89,91,95,96,99,100,103,104" machi="104" ten="30,1000,0" yaku="7,1" doraHai="106" who="0" fromWho="3" sc="389,33,252,0,124,0,215,-13" /><INIT seed="7,0,0,2,0,69" ten="422,252,124,202" oya="3" hai0="102,90,37,77,30,119,41,123,92,101,124,39,81" hai1="76,118,125,36,3,17,65,27,24,43,85,110,135" hai2="126,11,7,99,5,100,84,68,38,62,12,9,103" hai3="115,98,14,131,35,42,47,23,51,128,34,134,18"/><W108/><G115/><T133/><D30/><U13/><E85/><V93/><F126/><W57/><G134/><T117/><D37/><U96/><E17/><V0/><F84/><W53/><G98/><T32/><D32/><U127/><E13/><V107/><F103/><W58/><G108/><T75/><D39/><U31/><E36/><V74/><F38/><N who="3" m="21975" /><G58/><T63/><D41/><U70/><E43/><V52/><F107/><W4/><G4/><T26/><D63/><U97/><E96/><V56/><F68/><W48/><G48/><T104/><D26/><U80/><E27/><V19/><REACH who="2" step="1"/><F19/><REACH who="2" ten="422,252,114,202" step="2"/><W49/><G131/><T109/><D101/><U8/><E125/><V88/><F88/><W114/><G128/><T50/><D102/><U25/><E127/><V82/><F82/><W79/><G18/><T46/><D104/><U94/><E80/><V130/><F130/><W20/><G114/><T21/><D90/><U61/><E70/><V71/><F71/><W64/><G79/><T89/><D92/><U95/><E94/><V22/><F22/><W106/><G23/><T15/><D89/><U16/><E95/><V45/><F45/><W6/><G20/><T120/><D21/><U86/><E76/><V73/><AGARI ba="0,1" hai="0,5,7,9,11,12,52,56,62,73,74,93,99,100" machi="73" ten="30,4000,0" yaku="1,1,0,1,54,1,53,0" doraHai="69" doraHaiUra="112" who="2" fromWho="2" sc="422,-10,252,-10,114,50,202,-20" owari="412,52.0,242,4.0,164,-34.0,182,-22.0" /></mjloggm>