<mjloggm ver="2.3"><GO type="169" lobby="0"/><UN n0="%E3%82%AB%E3%83%A9%E3%82%B9%E3%81%AE%E5%AD%90" n1="%E3%82%B7%E3%83%A7%E3%83%BC%E3%83%9E" n2="%E3%82%82%E3%82%84%E3%81%97%E3%82%82%E3%82%93" n3="%52%6F%62%69%4E" dan="16,16,16,16" rate="2090.27,2114.54,2111.13,2126.43" sx="M,M,F,M"/><TAIKYOKU oya="0"/><INIT seed="0,0,0,4,0,36" ten="250,250,250,250" oya="0" hai0="45,66,50,92,131,103,62,25,129,7,3,105,96" hai1="74,116,23,48,84,4,97,33,83,124,44,8,132" hai2="51,81,72,128,11,125,126,76,39,77,88,9,82" hai3="73,38,106,15,17,29,32,18,120,75,115,35,0"/><T112/><D112/><U21/><E33/><V63/><F39/><W37/><G115/><T14/><D3/><U47/><E116/><V117/><F117/><W118/><G120/><T93/><D7/><U46/><E74/><V67/><F51/><W65/><G106/><T60/><D14/><U70/><E70/><V80/><F128/><N who="0" m="49226" /><D25/><U10/><E10/><V123/><F123/><W57/><G0/><T22/><D22/><U24/><E124/><N who="2" m="47723" /><F88/><W19/><G118/><T100/><D103/><U111/><E111/><V79/><F72/><W27/><G73/><T1/><D1/><U31/><E23/><V30/><F30/><W135/><G75/><T20/><D20/><U55/><E97/><V101/><F101/><W114/><G32/><T26/><D26/><U110/><E132/><V5/><F5/><W6/><G135/><T59/><D62/><U58/><E110/><V119/><F119/><W43/><G114/><T40/><AGARI ba="0,0" hai="40,45,50,59,60,66,92,93,96,100,105" m="49226" machi="40" ten="30,3000,0" yaku="19,1,52,1" doraHai="36" who="0" fromWho="0" sc="250,30,250,-10,250,-10,250,-10" /><INIT seed="0,1,0,2,3,108" ten="280,240,240,240" oya="0" hai0="74,92,114,55,134,17,5,44,35,64,6,72,26" hai1="105,86,43,57,62,71,118,80,116,56,128,69,9" hai2="88,85,30,34,14,32,10,120,75,0,29,101,113" hai3="51,83,97,99,38,28,124,110,18,21,53,63,109"/><T131/><D134/><U22/><E105/><V19/><F75/><W20/><G38/><T54/><D131/><U50/><E128/><V58/><F120/><W126/><G63/><T96/><D64/><U95/><E69/><V129/><F129/><W127/><G83/><T24/><D35/><U76/><E71/><V133/><F133/><W68/><G68/><T48/><D114/><U98/><E22/><N who="3" m="8810" /><G18/><T104/><D104/><U87/><E87/><V1/><F101/><W37/><G37/><T7/><D17/><U65/><E9/><V125/><F125/><W41/><G41/><T107/><D107/><U40/><E116/><V12/><F58/><N who="3" m="33087" /><G28/><T13/><D13/><U94/><E118/><V67/><F67/><W45/><G45/><T52/><D74/><U84/><E84/><V66/><F66/><W90/><G90/><N who="0" m="55319" /><D72/><U49/><E95/><V8/><F19/><W103/><G103/><T60/><D60/><U70/><E70/><V73/><F73/><W132/><G132/><T112/><D112/><U2/><E2/><V39/><F39/><W47/><G47/><T36/><D36/><U91/><E49/><V42/><F113/><W3/><G3/><T4/><N who="0" m="1536" /><DORA hai="77" /><T46/><D46/><U82/><E50/><V78/><F42/><AGARI ba="1,0" hai="24,26,42,44,48,52,54,55" m="1536,55319" machi="42" ten="40,3900,0" yaku="8,1,54,1" doraHai="108,77" who="0" fromWho="2" sc="280,42,240,0,240,-42,240,0" /><INIT seed="0,2,0,4,0,48" ten="322,240,198,240" oya="0" hai0="134,120,106,63,130,59,86,8,89,75,43,46,69" hai1="61,94,97,16,64,6,14,18,19,103,10,66,87" hai2="82,2,73,92,108,60,90,131,31,67,50,24,124" hai3="95,93,114,37,3,22,126,38,113,135,91,133,96"/><T0/><D120/><U78/><REACH who="1" step="1"/><E61/><REACH who="1" ten="322,230,198,240" step="2"/><V34/><F108/><W4/><G114/><T70/><D63/><U44/><E44/><V128/><F124/><W57/><G113/><T53/><D46/><U101/><E101/><V13/><F128/><W41/><G126/><T104/><D130/><U23/><E23/><V112/><F131/><W26/><G22/><T25/><D8/><U62/><E62/><V68/><F112/><W58/><G133/><T117/><D134/><U5/><E5/><V123/><F123/><W74/><G4/><T111/><D111/><U129/><E129/><V49/><F2/><W122/><G3/><T45/><D0/><U119/><E119/><V105/><F105/><W72/><G135/><T107/><D45/><U40/><E40/><V125/><F125/><W20/><G41/><T84/><D43/><U47/><E47/><V71/><F71/><W12/><G122/><T33/><D117/><U28/><E28/><V17/><F60/><W7/><G7/><T55/><D107/><U36/><E36/><V29/><F31/><W132/><G37/><T21/><D21/><U51/><E51/><V118/><F118/><W1/><G38/><T79/><D70/><U110/><E110/><V81/><F68/><W83/><G1/><T52/><D69/><U116/><E116/><V15/><F50/><W54/><G20/><T35/><D106/><U30/><E30/><V76/><F49/><W127/><G132/><T115/><D104/><U100/><E100/><V42/><F42/><W9/><G127/><T88/><D115/><U98/><E98/><RYUUKYOKU ba="2,1" sc="322,-10,230,30,198,-10,240,-10" hai1="6,10,14,16,18,19,64,66,78,87,94,97,103" /><INIT seed="1,3,1,4,2,11" ten="312,260,188,230" oya="1" hai0="70,29,109,39,98,24,64,47,23,32,81,4,102" hai1="91,88,50,36,27,104,51,71,129,16,17,1,10" hai2="101,18,130,97,57,52,43,0,22,65,90,112,134" hai3="77,111,35,38,93,107,68,46,44,100,72,25,58"/><U83/><E36/><V14/><F0/><W53/><G111/><T80/><D109/><U67/><E104/><V5/><F112/><W69/><G107/><T85/><D80/><U132/><E71/><V49/><F130/><W123/><G123/><T133/><D133/><U94/><E67/><V37/><F134/><W131/><G77/><T40/><D4/><U108/><E132/><V114/><F114/><W122/><G72/><T8/><D8/><U12/><E1/><V75/><F75/><W34/><G122/><T119/><D119/><U26/><E108/><V124/><F124/><W110/><G110/><T135/><D135/><U116/><E116/><V113/><F113/><W89/><G100/><T33/><D64/><U78/><E129/><V13/><F65/><W62/><G131/><T125/><D70/><U95/><E78/><V121/><F121/><W63/><G38/><T6/><D6/><U128/><E83/><V76/><F76/><W96/><G68/><T115/><D125/><U86/><E128/><V28/><F28/><N who="3" m="19727" /><G35/><T30/><D30/><U118/><E118/><V127/><F127/><W87/><G96/><T84/><D115/><U59/><E59/><V42/><F90/><W60/><G69/><T82/><D84/><N who="1" m="52487" /><E17/><V92/><F37/><W105/><G105/><N who="0" m="63703" /><D81/><U74/><E74/><V99/><F99/><W15/><G15/><N who="2" m="5641" /><F5/><W79/><G79/><N who="0" m="46303" /><D33/><U120/><E120/><V9/><F9/><W7/><G7/><T3/><D32/><U19/><E19/><V61/><F61/><N who="3" m="36047" /><G89/><T106/><D3/><U31/><E31/><V73/><F73/><RYUUKYOKU ba="3,1" sc="312,0,260,0,188,0,230,0" hai0="23,24,29,39,40,47,106" hai1="10,12,16,26,27,50,51,86,91,95" hai2="18,22,42,43,49,52,57,92,97,101" hai3="44,46,60,62,63,87,93" /><INIT seed="1,4,1,0,4,8" ten="312,260,188,230" oya="1" hai0="126,125,18,7,2,66,25,92,112,35,45,74,54" hai1="101,31,37,78,32,16,55,85,82,86,36,15,83" hai2="123,91,68,28,60,119,62,6,5,106,12,56,65" hai3="90,58,81,59,100,135,111,121,88,30,38,89,97"/><U95/><E32/><V87/><F119/><W122/><G38/><T20/><D112/><U47/><E31/><V76/><F123/><W11/><G111/><T132/><D74/><U118/><E118/><V50/><F106/><W13/><G135/><T94/><D132/><U71/><E71/><V107/><F107/><W133/><G133/><T48/><D66/><U115/><E115/><V63/><F76/><W72/><G30/><T64/><D35/><U130/><E130/><V23/><F68/><W96/><G72/><T98/><D64/><U39/><E101/><V41/><F65/><W52/><G81/><T53/><D98/><U1/><E95/><N who="2" m="54783" /><F56/><W113/><G59/><T103/><D103/><U80/><E1/><V17/><F28/><W70/><G70/><T21/><D20/><U33/><E33/><V102/><F102/><W108/><G108/><T19/><D19/><U73/><E73/><V10/><F10/><W109/><G109/><T134/><D134/><U26/><E26/><V110/><F110/><W114/><G114/><T43/><D92/><U99/><E99/><V4/><F4/><W61/><G113/><T79/><D94/><U24/><E24/><V40/><F40/><W3/><G3/><T49/><D79/><U93/><E93/><V69/><F69/><W104/><REACH who="3" step="1"/><G97/><REACH who="3" ten="312,260,188,220" step="2"/><T120/><D2/><U105/><E36/><V0/><F0/><W9/><G9/><T75/><D75/><U67/><E37/><V128/><F128/><W44/><G44/><AGARI ba="4,2" hai="5,6,12,17,23,41,44,50,60,62,63" m="54783" machi="44" ten="30,2000,0" yaku="8,1,52,1" doraHai="8" who="2" fromWho="3" sc="312,0,260,0,188,52,220,-32" /><INIT seed="2,0,0,4,1,128" ten="312,260,240,188" oya="2" hai0="53,64,58,32,70,28,67,15,18,11,101,56,131" hai1="23,45,27,104,26,95,102,105,55,74,62,107,82" hai2="129,65,88,93,79,97,85,5,51,50,3,71,127" hai3="6,69,33,12,31,90,0,16,42,13,72,46,48"/><V68/><F129/><W80/><G69/><T21/><D131/><U134/><E74/><V4/><F127/><W132/><G132/><T41/><D70/><U99/><E82/><V63/><F71/><W57/><G33/><T8/><D32/><U81/><E81/><V135/><F135/><W76/><G31/><T87/><D41/><U39/><E39/><V125/><F125/><W29/><G29/><T34/><D34/><U61/><E26/><V66/><F66/><N who="0" m="25130" /><D101/><U115/><E115/><V22/><F22/><W92/><G57/><N who="0" m="22123" /><D53/><U120/><E120/><V75/><F75/><W36/><G36/><T52/><D28/><U121/><E121/><V123/><F123/><W113/><G113/><T117/><D117/><U109/><E134/><V2/><F3/><W111/><G111/><T37/><D37/><U9/><E109/><V25/><F2/><W130/><G130/><T7/><D87/><U106/><E106/><V73/><F73/><W59/><G59/><T110/><D110/><U10/><E62/><V44/><F51/><W1/><G1/><T119/><D119/><U40/><E61/><V35/><F50/><W43/><G0/><T38/><D38/><N who="1" m="21655" /><E55/><V126/><F126/><W19/><G43/><T30/><D52/><U114/><E114/><V83/><REACH who="2" step="1"/><F44/><REACH who="2" ten="312,260,230,188" step="2"/><N who="3" m="25623" /><G72/><T24/><D8/><U96/><E9/><V14/><F14/><N who="3" m="5739" /><G46/><T103/><D30/><AGARI ba="0,1" hai="4,5,25,30,35,63,65,68,79,83,85,88,93,97" machi="30" ten="40,3900,0" yaku="1,1,54,1,53,0" doraHai="128" doraHaiUra="49" who="2" fromWho="0" sc="312,-39,260,0,230,49,188,0" /><INIT seed="2,1,0,2,0,13" ten="273,260,279,188" oya="2" hai0="53,85,25,5,51,111,40,116,102,34,110,18,2" hai1="96,95,89,38,124,64,26,27,87,123,8,81,94" hai2="119,104,43,103,134,122,74,7,109,80,42,55,1" hai3="66,12,128,61,76,35,63,32,99,58,83,14,24"/><V125/><F119/><W52/><G128/><T68/><D116/><U54/><E124/><V129/><F122/><W11/><G99/><T72/><D68/><U106/><E38/><V4/><F125/><W107/><G14/><T37/><D72/><U47/><E106/><V20/><F129/><W39/><G24/><T115/><D34/><U15/><E123/><V132/><F103/><W16/><G39/><T77/><D115/><U49/><E64/><V127/><F104/><W56/><REACH who="3" step="1"/><G107/><REACH who="3" ten="273,260,279,178" step="2"/><T97/><D37/><U67/><E67/><V9/><F127/><W10/><G10/><T50/><D25/><U100/><REACH who="1" step="1"/><E95/><REACH who="1" ten="273,250,279,178" step="2"/><V70/><F132/><W118/><G118/><T93/><D93/><U19/><AGARI ba="1,2" hai="8,15,19,26,27,47,49,54,81,87,89,94,96,100" machi="19" ten="20,16000,3" yaku="1,1,2,1,0,1,7,1,25,2,8,1,52,1,53,1" doraHai="13" doraHaiUra="44" who="1" fromWho="1" sc="273,-41,250,183,279,-81,178,-41" /><INIT seed="3,0,0,3,2,54" ten="232,433,198,137" oya="3" hai0="8,106,5,135,52,27,118,53,90,113,9,15,23" hai1="91,64,96,28,51,85,44,93,3,40,121,13,95" hai2="109,119,38,10,7,123,84,130,110,78,126,132,49" hai3="59,107,46,35,120,36,124,12,17,76,24,63,98"/><W1/><G120/><T30/><D118/><U116/><E3/><V20/><F38/><W60/><G1/><T128/><D135/><U6/><E116/><V58/><F132/><W77/><G124/><T71/><D71/><U43/><E121/><V37/><F37/><W133/><G63/><T102/><D128/><U101/><E28/><V97/><F126/><W42/><G133/><T73/><D113/><U117/><E117/><V134/><F134/><W111/><G24/><T26/><D73/><U11/><E64/><V99/><F119/><W47/><G47/><T68/><D68/><U115/><E115/><V83/><F20/><W2/><G2/><T131/><D131/><U112/><E112/><V29/><F29/><W92/><G35/><T56/><D106/><U4/><E4/><V80/><F80/><W62/><G62/><N who="0" m="36103" /><D27/><U105/><E105/><V86/><F86/><W25/><G25/><T0/><D0/><U21/><E21/><V48/><F130/><W127/><G107/><T114/><D114/><U34/><E34/><V79/><F79/><W103/><G127/><T72/><D72/><U104/><E104/><V41/><F123/><W108/><G17/><T88/><D102/><U75/><E75/><V67/><F41/><AGARI ba="0,0" hai="6,11,13,40,41,43,44,51,85,91,93,95,96,101" machi="41" ten="30,2000,0" yaku="7,1,8,1" doraHai="54" who="1" fromWho="2" sc="232,0,433,20,198,-20,137,0" /><INIT seed="4,0,0,5,4,10" ten="232,453,178,137" oya="0" hai0="112,76,87,83,19,34,28,109,121,102,62,64,124" hai1="131,115,78,103,65,105,24,92,68,48,9,59,26" hai2="14,22,40,90,119,110,134,122,133,15,120,85,11" hai3="4,99,44,20,5,1,33,74,61,108,97,31,126"/><T101/><D121/><U27/><E105/><V130/><F119/><W135/><G108/><T60/><D112/><U71/><E71/><V67/><F110/><W3/><G74/><T73/><D124/><U91/><E68/><V38/><F67/><W43/><G126/><T25/><D109/><U88/><E131/><V16/><F130/><W123/><G33/><T125/><D125/><U39/><E39/><V96/><F96/><W42/><G123/><T100/><D64/><U104/><E104/><V79/><F79/><W114/><G61/><T6/><D6/><U116/><E116/><V18/><F40/><W118/><G118/><T107/><D107/><U89/><E78/><V0/><F0/><W93/><G114/><T72/><D72/><U95/><E103/><V66/><F38/><W69/><G69/><T81/><D83/><U86/><E115/><V84/><F66/><W111/><G111/><T63/><D73/><U13/><E65/><V106/><F106/><W53/><G53/><T54/><REACH who="0" step="1"/><D19/><REACH who="0" ten="222,453,178,137" step="2"/><N who="1" m="8623" /><E92/><N who="2" m="54343" /><F122/><W35/><G93/><T30/><D30/><U32/><E32/><V77/><F120/><W2/><G35/><T113/><D113/><U117/><E117/><V80/><F133/><W37/><G135/><T21/><D21/><U7/><E7/><N who="2" m="3455" /><F134/><W58/><G4/><T52/><AGARI ba="0,1" hai="25,28,34,52,54,60,62,63,76,81,87,100,101,102" machi="52" ten="40,7800,0" yaku="1,1,0,1,54,1,53,0" doraHai="10" doraHaiUra="12" who="0" fromWho="0" sc="222,88,453,-26,178,-26,137,-26" /><INIT seed="4,1,0,3,4,74" ten="310,427,152,111" oya="0" hai0="7,83,117,60,20,61,66,45,5,131,3,80,104" hai1="121,69,54,76,135,21,77,94,41,17,102,27,2" hai2="91,56,58,26,93,123,70,124,50,48,30,31,55" hai3="114,46,128,96,9,52,10,40,68,78,4,62,92"/><T71/><D117/><U81/><E121/><V67/><F123/><W11/><G114/><T14/><D131/><U72/><E2/><V32/><F124/><W24/><G128/><T86/><D3/><U51/><E69/><V101/><F101/><W132/><G132/><T23/><D104/><U105/><E105/><V59/><F31/><W49/><G24/><T6/><D14/><U44/><E135/><V89/><F89/><W79/><G4/><T28/><D28/><U97/><E81/><V53/><F70/><W133/><G133/><T116/><D116/><U13/><E72/><V19/><F19/><W107/><G107/><T42/><D61/><U115/><E115/><V119/><F119/><W126/><G126/><T110/><D80/><U122/><E122/><V100/><F100/><N who="3" m="60423" /><G68/><T63/><D60/><U18/><E41/><V25/><F25/><W34/><G34/><T1/><D1/><U118/><REACH who="1" step="1"/><E118/><REACH who="1" ten="310,417,152,111" step="2"/><V73/><F73/><W106/><G106/><T85/><D110/><U103/><E103/><V108/><F108/><W12/><G12/><T84/><REACH who="0" step="1"/><D83/><REACH who="0" ten="300,417,152,111" step="2"/><U8/><AGARI ba="1,2" hai="8,13,17,18,21,27,44,51,54,76,77,94,97,102" machi="8" ten="20,12000,2" yaku="1,1,0,1,7,1,8,1,52,2,53,0" doraHai="74" doraHaiUra="82" who="1" fromWho="1" sc="300,-61,417,143,152,-31,111,-31" /><INIT seed="5,0,0,1,5,24" ten="239,560,121,80" oya="1" hai0="5,27,89,113,117,64,34,13,103,3,112,120,31" hai1="79,73,16,12,94,116,0,59,40,114,130,71,7" hai2="86,87,135,60,111,72,76,90,20,98,119,17,41" hai3="22,67,105,84,56,69,2,50,38,18,81,128,63"/><U85/><E71/><V93/><F119/><W83/><G105/><T62/><D117/><U35/><E116/><V80/><F111/><W122/><G128/><T29/><D3/><U131/><E0/><V88/><F135/><W11/><G38/><T134/><D134/><U125/><E7/><V47/><F60/><W108/><G108/><T106/><D120/><U110/><E110/><V28/><F28/><W91/><G122/><T43/><D43/><U26/><E114/><N who="0" m="44137" /><D31/><U100/><E73/><V52/><F90/><W49/><G69/><N who="0" m="42135" /><D89/><U39/><E125/><V10/><F10/><W57/><G57/><T55/><D55/><U92/><E39/><V77/><F77/><W97/><G11/><N who="0" m="4335" /><D103/><U95/><E40/><V30/><F30/><W33/><G2/><T58/><D58/><U107/><E107/><AGARI ba="0,0" hai="27,29,34,106,107" m="4335,42135,44137" machi="107" ten="30,2000,0" yaku="15,1,52,1" doraHai="24" who="0" fromWho="1" sc="239,20,560,-20,121,0,80,0" /><INIT seed="6,0,0,1,0,124" ten="259,540,121,80" oya="2" hai0="68,82,106,115,119,10,52,102,105,57,117,90,19" hai1="95,3,42,135,80,93,96,126,127,108,69,75,72" hai2="81,111,6,53,50,134,77,125,24,48,54,74,9" hai3="109,26,92,98,104,13,29,67,91,121,44,39,38"/><V114/><F125/><N who="1" m="47625" /><E3/><V37/><F37/><W12/><G109/><T31/><D68/><U131/><E69/><V34/><F111/><W113/><G121/><T70/><D70/><U58/><E42/><V130/><F130/><W51/><G67/><T94/><D102/><U15/><E108/><V14/><F114/><W55/><G113/><T35/><D82/><U107/><E135/><V21/><F34/><W62/><G62/><N who="0" m="36135" /><D31/><U100/><E15/><V7/><F7/><W65/><G65/><T61/><D61/><U33/><E33/><V4/><F4/><W45/><G104/><T64/><D64/><U132/><E58/><V112/><F134/><W23/><G39/><T123/><D35/><U99/><E132/><V56/><F112/><W63/><G63/><T120/><D115/><U118/><E118/><N who="0" m="45065" /><D19/><U76/><E131/><V122/><F122/><N who="0" m="46634" /><D10/><U86/><E107/><V73/><F73/><W5/><REACH who="3" step="1"/><G5/><REACH who="3" ten="259,540,121,70" step="2"/><T78/><D106/><U17/><E17/><V129/><F129/><W101/><G101/><AGARI ba="0,1" hai="72,75,76,80,86,93,95,96,99,100,101" m="47625" machi="101" ten="30,3900,0" yaku="18,1,34,2" doraHai="124" who="1" fromWho="3" sc="259,0,540,49,121,0,70,-39" /><INIT seed="7,0,0,4,0,66" ten="259,589,121,31" oya="3" hai0="73,16,79,28,114,58,120,54,1,87,80,14,133" hai1="74,6,60,37,116,90,44,34,5,92,26,93,42" hai2="76,49,99,69,134,2,132,45,108,89,112,9,43" hai3="20,130,23,35,51,123,8,24,118,0,29,127,33"/><W39/><G123/><T50/><D120/><U102/><E74/><V56/><F69/><W61/><G39/><T96/><D1/><U106/><E106/><V129/><F108/><W11/><G118/><T100/><D133/><N who="2" m="51306" /><F112/><W135/><G135/><T32/><D32/><N who="3" m="12361" /><G61/><T101/><D114/><U77/><E77/><V104/><F76/><W70/><G51/><T18/><D28/><U7/><E102/><N who="0" m="39529" /><D73/><U41/><E41/><V122/><F104/><W15/><G70/><T38/><D38/><U75/><E92/><N who="2" m="56719" /><F122/><W83/><G83/><T4/><D96/><U125/><E60/><V97/><F97/><W53/><G53/><T103/><D103/><U91/><E44/><V13/><F56/><W22/><G127/><T111/><D111/><U124/><E26/><V17/><F2/><W113/><G130/><AGARI ba="0,0" hai="9,13,17,43,45,49,129,130" m="56719,51306" machi="130" ten="30,1000,0" yaku="20,1" doraHai="66" who="2" fromWho="3" sc="259,0,589,0,121,10,31,-10" owari="259,6.0,589,69.0,131,-27.0,21,-48.0" /></mjloggm>