<mjloggm ver="2.3"><GO type="169" lobby="0"/><UN n0="%E3%83%98%E3%82%AF%E3%82%B5%E3%83%BC" n1="%6B%79%6F%6E%6B%6F%31%31" n2="%E3%83%AA%E3%83%BC%E3%83%81%EF%BC%91" n3="%E7%81%B0%E5%8E%9F%E5%93%80" dan="16,17,17,16" rate="2105.66,2206.21,2207.51,2082.38" sx="M,M,M,F"/><TAIKYOKU oya="0"/><INIT seed="0,0,0,0,0,99" ten="250,250,250,250" oya="0" hai0="28,14,41,102,98,92,69,9,115,13,66,16,30" hai1="19,6,127,77,22,97,90,27,100,123,59,78,0" hai2="89,63,49,15,84,130,3,94,18,80,132,113,114" hai3="56,39,21,51,8,43,32,62,68,4,38,72,44"/><T52/><D115/><U79/><E123/><V12/><F3/><W82/><G32/><T40/><D69/><U25/><E127/><V106/><F106/><W29/><G68/><T46/><D66/><U110/><E110/><V24/><F132/><W116/><G116/><T105/><D105/><U112/><E112/><V23/><F130/><W119/><G119/><T50/><D14/><U31/><E90/><V26/><F63/><W60/><G60/><T17/><D17/><U111/><E111/><V104/><F104/><W96/><G96/><T118/><D118/><U124/><E124/><V70/><F70/><W57/><G57/><T87/><D87/><U11/><E59/><V65/><F65/><W101/><G101/><T61/><D61/><U53/><E53/><V95/><F15/><W45/><G45/><T48/><D40/><U108/><E108/><V91/><F80/><W34/><G34/><T37/><D37/><U75/><E75/><V81/><F81/><W135/><G135/><T131/><D131/><U36/><E36/><V121/><F121/><W83/><G83/><T35/><D35/><U73/><E73/><V67/><F67/><W74/><G82/><T64/><D64/><U5/><E5/><V7/><F7/><W134/><G134/><T1/><D1/><U93/><REACH who="1" step="1"/><E78/><REACH who="1" ten="250,240,250,250" step="2"/><V71/><F71/><W86/><G74/><T125/><D125/><U120/><E120/><V133/><F133/><W88/><G72/><T109/><D109/><U103/><E103/><V33/><F114/><W2/><G56/><AGARI ba="0,1" hai="9,13,16,28,30,41,46,48,50,52,56,92,98,102" machi="56" ten="30,12000,1" yaku="7,1,8,1,52,1,54,2" doraHai="99" who="0" fromWho="3" sc="250,130,240,0,250,0,250,-120" /><INIT seed="0,1,0,1,0,58" ten="380,240,250,130" oya="0" hai0="112,50,27,124,9,43,83,119,72,110,93,8,74" hai1="118,55,33,13,44,116,85,45,68,80,84,63,47" hai2="64,59,26,100,91,19,70,52,131,128,117,5,40" hai3="4,69,32,99,77,28,88,114,78,42,127,16,89"/><T120/><D119/><U67/><E33/><V18/><F117/><W73/><G69/><T41/><D112/><U133/><E133/><V82/><F100/><W79/><G4/><T24/><D120/><U92/><E55/><V98/><F40/><W123/><G114/><T35/><D124/><U48/><E48/><N who="2" m="31111" /><F5/><W121/><G127/><T113/><D113/><U130/><E130/><N who="2" m="49707" /><F26/><N who="3" m="18455" /><G73/><T81/><D93/><U25/><E25/><V66/><F98/><W3/><G42/><T56/><D56/><U38/><E38/><V11/><F11/><W108/><G3/><T134/><D35/><U109/><E109/><V122/><F122/><N who="3" m="46603" /><G108/><T132/><D110/><U54/><E54/><V97/><F97/><W71/><G71/><T15/><D15/><U94/><E13/><V30/><F30/><W23/><G99/><T115/><D115/><U36/><E36/><V86/><F66/><W111/><G111/><T22/><D22/><U20/><E20/><V14/><F14/><AGARI ba="1,0" hai="14,16,23,77,78,79,88,89" m="46603,18455" machi="14" ten="30,3900,0" yaku="13,1,54,2" doraHai="58" who="3" fromWho="2" sc="380,0,240,0,250,-42,130,42" /><INIT seed="1,0,0,2,5,37" ten="380,240,208,172" oya="1" hai0="74,115,118,85,54,67,91,21,0,79,111,110,90" hai1="36,25,122,116,23,26,72,39,117,105,60,30,80" hai2="55,124,121,76,2,48,47,59,101,5,103,94,38" hai3="16,97,102,126,88,40,28,6,50,31,53,43,9"/><U86/><E122/><V64/><F121/><W65/><G65/><T33/><D33/><U95/><E105/><V132/><F132/><W41/><G126/><T24/><D0/><U71/><E72/><V70/><F124/><W78/><G78/><T104/><D118/><U69/><E116/><V114/><F76/><W93/><G102/><T123/><D104/><U128/><E117/><V127/><F114/><W29/><G6/><T19/><D123/><U96/><E128/><V51/><F127/><W98/><G98/><T133/><D115/><U12/><E12/><V8/><F94/><W100/><G100/><T22/><D74/><U35/><E69/><V20/><F20/><W7/><G7/><T75/><D75/><U45/><E60/><N who="2" m="40199" /><F51/><W119/><G119/><T57/><D67/><U56/><E56/><V46/><F46/><N who="3" m="27863" /><G31/><T4/><D133/><U63/><E63/><V44/><F44/><W62/><G62/><T52/><D4/><U14/><E71/><V84/><F84/><W83/><G83/><N who="0" m="47359" /><D110/><U130/><E86/><V17/><F17/><W3/><G3/><T113/><D113/><U68/><E80/><V11/><F11/><W73/><G73/><T125/><D111/><U49/><E68/><V34/><F34/><W135/><G135/><T108/><D108/><U134/><E130/><V92/><F92/><W107/><G107/><T82/><D125/><U58/><E134/><V77/><F77/><W18/><G18/><N who="0" m="12343" /><D82/><U15/><E39/><V87/><F87/><W99/><G99/><T42/><D19/><U131/><E36/><V61/><F38/><RYUUKYOKU ba="0,0" sc="380,-15,240,-15,208,15,172,15" hai2="2,5,8,47,48,55,59,61,101,103" hai3="9,16,28,29,40,41,43,88,93,97" /><INIT seed="2,1,0,1,4,64" ten="365,225,223,187" oya="2" hai0="29,59,7,105,53,126,40,133,83,95,87,19,96" hai1="92,84,94,101,65,131,60,132,74,37,30,75,38" hai2="31,18,115,33,14,82,57,51,97,109,93,25,47" hai3="42,52,107,4,67,123,11,39,104,46,100,70,27"/><V127/><F115/><W68/><G123/><T48/><D105/><U89/><E131/><V98/><F127/><W90/><G67/><T120/><D120/><U61/><E132/><V44/><F109/><W124/><G124/><T36/><D126/><U17/><E30/><V28/><F28/><W15/><G27/><T85/><D7/><U102/><E17/><V69/><F69/><W77/><G77/><T81/><D29/><U119/><E119/><V34/><F34/><W8/><G8/><T135/><D36/><U6/><E6/><V71/><F71/><W62/><G104/><T134/><D40/><U0/><E0/><V129/><F82/><N who="0" m="31242" /><D19/><U9/><E9/><V91/><F129/><W76/><G76/><T45/><D45/><U54/><E37/><V103/><F57/><W49/><G90/><AGARI ba="1,0" hai="48,53,59,85,87,90,95,96,133,134,135" m="31242" machi="90" ten="30,1000,0" yaku="20,1" doraHai="64" who="0" fromWho="3" sc="365,13,225,0,223,0,187,-13" /><INIT seed="3,0,0,4,0,5" ten="378,225,223,174" oya="3" hai0="9,14,43,118,84,16,114,40,104,94,131,71,93" hai1="100,26,45,123,122,124,107,32,88,55,74,75,3" hai2="37,8,86,11,68,95,73,58,91,112,105,79,28" hai3="135,54,67,65,6,101,51,102,89,77,130,117,72"/><W10/><G117/><T61/><D118/><U0/><E88/><N who="2" m="53655" /><F68/><W29/><G29/><T27/><D104/><U48/><E122/><V106/><F37/><W21/><G130/><T92/><D131/><U38/><E123/><V62/><F106/><W44/><G135/><T126/><D126/><U13/><E124/><V18/><F105/><W83/><G21/><N who="0" m="13735" /><D71/><U78/><E38/><V80/><F73/><W87/><G101/><T109/><D109/><U50/><E0/><V4/><F112/><W31/><G31/><T7/><D114/><U85/><E3/><V120/><F120/><W98/><G102/><T69/><D69/><U132/><E132/><V39/><F39/><W53/><G53/><T2/><D2/><U20/><E32/><V97/><F4/><W25/><G25/><T33/><D33/><U63/><E100/><V17/><F28/><W96/><G96/><T99/><D61/><U36/><E107/><V116/><F79/><W59/><G98/><T127/><D127/><U119/><E36/><V34/><F34/><W108/><G108/><T82/><D99/><U30/><E119/><V133/><F133/><W12/><REACH who="3" step="1"/><G44/><REACH who="3" ten="378,225,223,164" step="2"/><T81/><D81/><AGARI ba="0,1" hai="6,10,12,51,54,59,65,67,72,77,81,83,87,89" machi="81" ten="30,11600,0" yaku="1,1,2,1,7,1,52,1,53,0" doraHai="5" doraHaiUra="66" who="3" fromWho="0" sc="378,-116,225,0,223,0,164,126" /><INIT seed="3,1,0,5,3,128" ten="262,225,223,290" oya="3" hai0="71,109,61,113,97,124,76,57,36,126,134,58,106" hai1="103,11,70,23,119,18,78,33,105,82,20,10,90" hai2="3,107,120,72,32,111,67,31,127,62,22,91,99" hai3="48,43,16,49,102,24,95,89,65,69,40,131,41"/><W44/><G69/><T132/><D76/><U117/><E33/><V60/><F120/><W34/><G34/><T2/><D2/><U38/><E70/><V53/><F3/><W13/><G65/><N who="0" m="41391" /><D106/><U9/><E38/><V66/><F72/><W46/><G131/><T30/><D30/><U50/><E50/><N who="3" m="19562" /><G24/><T92/><D36/><U114/><E114/><V39/><F32/><W115/><G102/><T135/><D113/><U6/><E6/><V118/><F39/><W1/><G1/><T21/><D21/><U25/><E90/><V28/><F67/><W100/><G100/><N who="0" m="60455" /><D109/><U79/><E103/><V47/><F66/><W63/><G63/><T123/><D123/><U0/><E105/><V52/><F111/><W110/><G110/><T121/><D121/><U29/><E0/><V7/><F62/><W108/><G108/><T77/><D77/><U84/><E79/><V37/><F60/><W112/><G112/><T80/><D80/><U75/><E75/><V98/><F37/><W125/><G115/><T56/><AGARI ba="1,0" hai="56,57,58,124,126,132,134,135" m="60455,41391" machi="56" ten="40,8000,1" yaku="20,1,52,3" doraHai="128" who="0" fromWho="0" sc="262,83,225,-21,223,-21,290,-41" /><INIT seed="4,0,0,1,3,107" ten="345,204,202,249" oya="0" hai0="64,47,132,5,110,61,94,78,10,19,79,93,9" hai1="50,55,48,125,34,60,108,71,120,51,23,109,129" hai2="57,52,42,0,20,89,46,119,1,75,4,135,128" hai3="86,92,98,24,54,7,106,29,130,30,84,12,77"/><T44/><D132/><U58/><E34/><V41/><F135/><W90/><G106/><T85/><D110/><U102/><E102/><V3/><F119/><W134/><G134/><T74/><D74/><U65/><E23/><V26/><F128/><W103/><G130/><T99/><D5/><U16/><E129/><V28/><F75/><W53/><G77/><T45/><D64/><U117/><E16/><V49/><F89/><W101/><G101/><T111/><D61/><N who="1" m="40367" /><E117/><V97/><F97/><W114/><G114/><T18/><D85/><N who="3" m="32873" /><G103/><T36/><D36/><U25/><E25/><V112/><F112/><W2/><G2/><T13/><D111/><N who="1" m="42571" /><E125/><V116/><F116/><W127/><G127/><T131/><D131/><U121/><AGARI ba="0,0" hai="48,50,51,55,58,60,120,121" m="42571,40367" machi="121" ten="40,2700,0" yaku="34,2" doraHai="107" who="1" fromWho="1" sc="345,-13,204,27,202,-7,249,-7" /><INIT seed="5,0,0,3,5,47" ten="332,231,195,242" oya="1" hai0="98,33,88,85,126,43,0,92,95,45,128,81,117" hai1="35,102,1,105,3,11,83,74,4,68,50,46,31" hai2="36,2,97,115,32,135,19,21,52,125,93,70,51" hai3="22,72,49,89,44,62,69,101,73,48,111,26,61"/><U78/><E68/><V106/><F36/><W27/><G101/><T87/><D0/><U122/><E122/><V91/><F32/><W58/><G69/><T18/><D33/><U76/><E76/><V90/><F70/><W132/><G132/><T41/><D117/><U80/><E80/><V112/><F106/><W94/><G72/><T29/><D29/><U9/><E31/><V127/><F2/><W130/><G73/><T34/><D34/><U60/><E35/><V96/><F135/><W64/><G130/><T100/><D128/><U56/><E102/><V120/><F120/><W66/><G44/><T113/><D113/><N who="2" m="43594" /><F91/><W53/><G111/><T121/><D126/><U54/><E105/><V55/><F97/><N who="3" m="57551" /><G62/><T38/><D121/><U42/><E9/><V134/><F134/><W79/><G79/><T75/><D75/><U119/><E119/><V133/><F133/><W124/><G124/><N who="2" m="47689" /><F51/><N who="3" m="19531" /><G26/><AGARI ba="0,0" hai="19,21,26,52,55,90,93,96" m="47689,43594" machi="26" ten="30,7700,0" yaku="15,1,11,1,18,1,54,1" doraHai="47" who="2" fromWho="3" sc="332,0,231,0,195,77,242,-77" /><INIT seed="6,0,0,2,1,82" ten="332,231,272,165" oya="2" hai0="120,54,68,119,4,13,104,115,19,76,97,127,108" hai1="6,36,9,113,23,133,31,101,134,126,50,2,90" hai2="78,55,100,62,44,75,5,25,51,111,53,32,69" hai3="29,37,30,52,21,132,124,42,67,72,94,70,41"/><V26/><F111/><W74/><G72/><T89/><D108/><U73/><E36/><V93/><F75/><W11/><G74/><T80/><D68/><U0/><E73/><V3/><F32/><W18/><G37/><T79/><D120/><U16/><E101/><V117/><F78/><W106/><G124/><T105/><D115/><U129/><E50/><V84/><F117/><W135/><G106/><T122/><D122/><U130/><E90/><N who="2" m="53447" /><F69/><W87/><G11/><T28/><D127/><U114/><E126/><V88/><F100/><W64/><G70/><T47/><D28/><U81/><E81/><V45/><F5/><W61/><G61/><T92/><D4/><U8/><E31/><V33/><F3/><W110/><G110/><T71/><D71/><U59/><E59/><N who="2" m="35199" /><F33/><W99/><G30/><T103/><D119/><U65/><E65/><V118/><F118/><W27/><G29/><T56/><D47/><U60/><E60/><V35/><F35/><W15/><G67/><T109/><D109/><U121/><E121/><V57/><F88/><N who="3" m="53535" /><G64/><T95/><D104/><U63/><E63/><N who="2" m="36271" /><F45/><W131/><G99/><N who="0" m="57743" /><D105/><U86/><E86/><V34/><F34/><W66/><G66/><T77/><D80/><U91/><E114/><V116/><F116/><W40/><G131/><N who="1" m="50186" /><E113/><V85/><F85/><W14/><G52/><AGARI ba="0,0" hai="25,26,44,51,52" m="36271,35199,53447" machi="52" ten="30,5800,0" yaku="8,1,52,1,54,1" doraHai="82" who="2" fromWho="3" sc="332,0,231,0,272,58,165,-58" /><INIT seed="6,1,0,1,2,93" ten="332,231,330,107" oya="2" hai0="63,31,96,0,131,89,94,110,18,50,48,105,14" hai1="126,7,22,95,119,91,133,52,9,19,114,73,58" hai2="109,40,26,108,80,12,46,79,118,68,36,17,82" hai3="61,20,34,10,129,97,115,24,15,124,25,55,120"/><V45/><F68/><W2/><G120/><T125/><D110/><N who="2" m="42602" /><F118/><W103/><G115/><T130/><D0/><U117/><E73/><V1/><F1/><W38/><G2/><T74/><D74/><U49/><E133/><V128/><F128/><N who="0" m="49194" /><D125/><U78/><E114/><V88/><F26/><W8/><G38/><T42/><D42/><U100/><E100/><V99/><F46/><W5/><G124/><T23/><D31/><U116/><E78/><V113/><F79/><W39/><G129/><T6/><D6/><U11/><E7/><V3/><F3/><W32/><G39/><T71/><D105/><U41/><E41/><V37/><F37/><W111/><G25/><T53/><D71/><U81/><E81/><V35/><F35/><W69/><G111/><T85/><D85/><U43/><E43/><V28/><F28/><W64/><G55/><T56/><AGARI ba="1,0" hai="14,18,23,48,50,53,56,63,89,94,96" m="49194" machi="56" ten="30,2000,0" yaku="19,1,52,1" doraHai="93" who="0" fromWho="0" sc="332,23,231,-6,330,-11,107,-6" /><INIT seed="7,0,0,3,1,126" ten="355,225,319,101" oya="3" hai0="55,22,131,124,102,48,58,47,127,95,61,42,6" hai1="63,88,2,82,115,99,35,93,103,122,52,113,107" hai2="64,33,108,23,45,65,118,3,32,21,92,0,66" hai3="84,29,119,77,98,111,79,134,15,106,41,129,91"/><W43/><G119/><T68/><D6/><U94/><E2/><V44/><F118/><W17/><G111/><T50/><D102/><U132/><E35/><V27/><F66/><W30/><G134/><T114/><D95/><N who="1" m="36363" /><E52/><V11/><F92/><N who="3" m="54375" /><G106/><T120/><D120/><U87/><E63/><V100/><F108/><W53/><G98/><T54/><D22/><U9/><E9/><V18/><F100/><W75/><G75/><T97/><D97/><U72/><E132/><V86/><F86/><W34/><G34/><T74/><D74/><U69/><E69/><V25/><F11/><N who="3" m="6399" /><G129/><T123/><D123/><U109/><E122/><V83/><F83/><W62/><G62/><T31/><D131/><U116/><E116/><V49/><F18/><W135/><G135/><T14/><D68/><U8/><E8/><V12/><F12/><W60/><G60/><T13/><D127/><U70/><E70/><V39/><F39/><W28/><G53/><T40/><D124/><U38/><E38/><V71/><F71/><W7/><G7/><T104/><D104/><U130/><E109/><V46/><F0/><W26/><G26/><T81/><D61/><U90/><E72/><V1/><F1/><W101/><G101/><T76/><D13/><U125/><E125/><V5/><F3/><W19/><G19/><T80/><D14/><U133/><E133/><V96/><F5/><W73/><G73/><T4/><D4/><U16/><E130/><V121/><F96/><W128/><G128/><T51/><D55/><U105/><E105/><V24/><F121/><W85/><G85/><RYUUKYOKU ba="0,0" sc="355,-10,225,-10,319,-10,101,30" hai3="28,29,30,41,43,77,79" /><INIT seed="7,1,0,1,2,120" ten="345,215,309,131" oya="3" hai0="5,133,30,90,123,21,28,118,109,55,83,57,62" hai1="77,35,33,116,105,106,14,43,32,58,108,80,64" hai2="18,125,38,74,85,122,10,84,134,128,78,94,114" hai3="92,34,13,73,121,50,112,119,12,11,56,67,60"/><W47/><G121/><T8/><D123/><U110/><E43/><V16/><F38/><W101/><G119/><T100/><D118/><U40/><E116/><V7/><F122/><W53/><G73/><T104/><D104/><U39/><E64/><V49/><F74/><W115/><G34/><T0/><D100/><U135/><E58/><V63/><F134/><W126/><G126/><T103/><D103/><U51/><E51/><V72/><F72/><W27/><G27/><T70/><D70/><U31/><E31/><V6/><F125/><W66/><G66/><T36/><D36/><U29/><E29/><V42/><F63/><W44/><G44/><T129/><D129/><U75/><E14/><N who="2" m="7255" /><F114/><N who="3" m="43563" /><G11/><T113/><D113/><U117/><E135/><V76/><F128/><W91/><G101/><T15/><D133/><U19/><E19/><V95/><F18/><W45/><G45/><T54/><D0/><U17/><E17/><V2/><F2/><W22/><G22/><T127/><D127/><U69/><E69/><V89/><F7/><W48/><G48/><T26/><D28/><U93/><E93/><V131/><F6/><W97/><AGARI ba="1,0" hai="12,13,47,50,53,56,60,67,91,92,97" m="43563" machi="97" ten="30,1500,0" yaku="15,1" doraHai="120" who="3" fromWho="3" sc="345,-6,215,-6,309,-6,131,18" /><INIT seed="7,2,0,3,4,5" ten="339,209,303,149" oya="3" hai0="26,123,36,56,127,97,76,83,60,40,31,15,27" hai1="113,22,84,130,86,66,51,21,39,81,65,35,73" hai2="48,46,37,125,110,121,107,87,91,30,119,16,74" hai3="33,32,72,23,28,10,79,75,52,62,43,105,54"/><W109/><G105/><T0/><D123/><U108/><E39/><V98/><F74/><W77/><G43/><T95/><D0/><U17/><E35/><V14/><F119/><W58/><G109/><T133/><D36/><U103/><E73/><V6/><F6/><W89/><G89/><T63/><D40/><U41/><E103/><V13/><F37/><W3/><G23/><T64/><D127/><U117/><E113/><V49/><F110/><W106/><G106/><T78/><D133/><U135/><E135/><V19/><F125/><W44/><G44/><T70/><D15/><U132/><E132/><V101/><F30/><W129/><G129/><T45/><D45/><N who="1" m="26031" /><E130/><V120/><F14/><W124/><G124/><T53/><D83/><U114/><E114/><V99/><F99/><W92/><G92/><T100/><D27/><N who="1" m="14767" /><E86/><V47/><F47/><W24/><G33/><AGARI ba="2,0" hai="26,31,33,53,56,60,63,64,70,76,78,95,97,100" machi="33" ten="30,1000,0" yaku="7,1" doraHai="5" who="0" fromWho="3" sc="339,16,209,0,303,0,149,-16" owari="355,46.0,209,-19.0,303,10.0,133,-37.0" /></mjloggm>