<mjloggm ver="2.3"><GO type="169" lobby="0"/><UN n0="%EF%BC%88%E2%89%A7%E2%96%BD%E2%89%A6%EF%BC%89" n1="%E3%82%86%E3%81%A3%E3%81%8D%E3%82%85%E3%82%93" n2="%E5%B8%B8%E5%A4%8F%E3%83%91%E3%82%A4%E5%8A%A9" n3="%E3%81%BE%E3%81%8A%E3%82%89%E3%82%93" dan="20,17,16,17" rate="2186.79,2147.60,2086.34,2209.92" sx="M,F,F,F"/><TAIKYOKU oya="0"/><INIT seed="0,0,0,0,2,129" ten="250,250,250,250" oya="0" hai0="32,21,134,100,56,57,76,103,130,123,93,128,71" hai1="29,122,48,88,55,15,64,59,106,67,37,98,3" hai2="72,7,94,133,107,82,101,120,104,63,38,36,131" hai3="112,11,80,19,4,85,24,34,58,125,35,108,33"/><T42/><D123/><U70/><E3/><V114/><F120/><W90/><G112/><T14/><D32/><U102/><E37/><V127/><F114/><W69/><G69/><T110/><D71/><U87/><E122/><V61/><F7/><W28/><G19/><T116/><D116/><U89/><E70/><V49/><F49/><W40/><G40/><T10/><D76/><U25/><E15/><V45/><F94/><W17/><G17/><N who="0" m="8407" /><D42/><U68/><E68/><V2/><F2/><W109/><G58/><N who="0" m="22635" /><D93/><U51/><E51/><V66/><F107/><W115/><G115/><T118/><D118/><U13/><E13/><V135/><F104/><W117/><G117/><T83/><D83/><U60/><E60/><V47/><F82/><W78/><G78/><T77/><D77/><U91/><REACH who="1" step="1"/><E87/><REACH who="1" ten="250,240,250,250" step="2"/><V27/><F63/><W26/><G26/><T54/><D128/><U113/><E113/><V86/><F61/><W75/><G75/><T41/><D130/><U92/><E92/><V65/><F72/><W0/><REACH who="3" step="1"/><G125/><REACH who="3" ten="250,240,250,240" step="2"/><T50/><D41/><U46/><E46/><V16/><F47/><W52/><G52/><T18/><D54/><U132/><E132/><V5/><F133/><W105/><G105/><T44/><D134/><U79/><E79/><V74/><F45/><W95/><G95/><T39/><D44/><U111/><E111/><AGARI ba="0,2" hai="0,4,11,24,28,33,34,35,80,85,90,108,109,111" machi="111" ten="40,5200,0" yaku="1,1,14,1,53,1" doraHai="129" doraHaiUra="81" who="3" fromWho="1" sc="250,0,240,-52,250,0,240,72" /><INIT seed="1,0,0,2,1,7" ten="250,188,250,312" oya="1" hai0="116,122,93,85,92,97,95,37,111,43,77,69,134" hai1="56,22,67,74,82,104,53,44,89,94,132,135,45" hai2="80,101,83,66,124,50,107,131,14,129,78,31,19" hai3="71,118,29,52,125,17,62,41,60,10,84,127,102"/><U105/><E67/><V86/><F124/><N who="3" m="47691" /><G41/><T12/><D116/><U126/><E126/><V109/><F109/><W72/><G72/><T8/><D69/><U103/><E103/><V57/><F31/><W123/><G29/><T120/><D111/><U99/><E22/><V64/><F107/><W114/><G102/><T90/><D134/><N who="1" m="51243" /><E104/><V5/><F101/><W18/><G114/><T108/><D108/><U98/><E105/><V46/><F64/><N who="3" m="41351" /><G84/><T21/><D21/><U121/><E121/><N who="0" m="46697" /><D43/><U15/><E99/><V130/><F129/><W91/><G91/><T119/><D119/><U26/><E26/><V25/><F25/><W110/><G110/><T65/><D37/><U55/><E74/><V113/><F130/><W51/><G62/><T4/><D65/><U39/><E39/><V16/><F66/><W96/><G96/><T23/><D23/><U106/><E106/><V76/><F113/><W13/><G123/><T75/><D75/><U30/><E30/><V128/><F131/><W0/><G0/><T6/><D97/><U40/><E40/><V112/><F128/><W117/><G18/><T28/><D28/><U34/><E34/><V61/><F16/><W47/><AGARI ba="0,0" hai="10,13,17,47,51,52,117,118" m="41351,47691" machi="47" ten="30,4000,0" yaku="18,1,52,1,54,1" doraHai="7" who="3" fromWho="3" sc="250,-10,188,-20,250,-10,312,40" /><INIT seed="2,0,0,3,2,31" ten="240,168,240,352" oya="2" hai0="77,53,104,79,120,129,10,95,87,105,61,135,41" hai1="109,23,119,130,9,117,2,118,80,22,65,45,103" hai2="25,68,70,36,102,24,133,100,7,116,99,39,76" hai3="72,62,15,86,0,44,46,97,111,110,30,64,3"/><V34/><F116/><W66/><G72/><T114/><D120/><U11/><E65/><V42/><F7/><W96/><G86/><T13/><D114/><U12/><E103/><V106/><F133/><W127/><G30/><T17/><D135/><U89/><E45/><V8/><F8/><W26/><G15/><T59/><D129/><U112/><E80/><V115/><F115/><W50/><G26/><T63/><D41/><U131/><E89/><V37/><F42/><W14/><G14/><T16/><D105/><U55/><E55/><V19/><F76/><N who="0" m="29258" /><D104/><U123/><E112/><V128/><F128/><N who="1" m="49193" /><E123/><V28/><REACH who="2" step="1"/><F102/><REACH who="2" ten="240,168,230,352" step="2"/><W56/><G3/><T40/><D40/><U20/><E109/><V18/><F18/><W93/><G0/><T124/><D17/><N who="1" m="8335" /><E2/><V74/><F74/><W98/><G111/><T134/><D134/><U73/><E73/><V84/><F84/><W38/><G98/><T121/><D121/><U27/><E11/><V6/><F6/><W35/><G97/><T83/><D87/><U101/><E101/><V43/><F43/><W54/><G96/><T51/><D10/><U69/><E69/><V58/><F58/><W60/><G56/><T57/><D59/><U33/><E118/><V49/><F49/><W125/><G50/><T81/><D51/><U132/><E132/><V75/><F75/><W47/><G110/><T82/><D57/><U94/><E94/><V91/><F91/><W5/><G93/><T52/><D95/><U122/><E122/><V92/><F92/><W126/><G126/><T108/><D124/><U32/><E117/><RYUUKYOKU ba="0,1" sc="240,-10,168,-10,230,30,352,-10" hai2="19,24,25,28,34,36,37,39,68,70,99,100,106" /><INIT seed="2,1,1,4,4,55" ten="230,158,260,342" oya="2" hai0="127,106,69,57,105,95,112,116,133,45,62,113,100" hai1="64,108,130,128,87,123,46,51,4,15,48,21,17" hai2="119,7,89,131,124,76,91,94,126,93,74,22,80" hai3="37,98,71,132,101,107,2,120,121,41,9,8,109"/><V67/><F7/><W88/><G71/><T103/><D69/><U50/><E108/><V96/><F67/><W56/><G109/><T1/><D1/><U39/><E123/><V61/><F61/><W111/><G9/><T59/><D116/><U31/><E4/><V43/><F43/><W84/><G111/><T32/><D32/><U135/><E135/><V117/><F22/><W79/><G132/><T125/><D133/><U122/><E122/><V36/><F36/><W86/><G86/><T68/><D68/><U28/><E64/><V53/><F53/><W52/><G79/><T73/><D73/><U54/><E87/><N who="2" m="52479" /><F131/><N who="1" m="50217" /><E39/><V134/><F134/><W129/><G8/><T92/><D45/><U27/><E31/><V35/><F35/><AGARI ba="1,1" hai="15,17,21,27,28,35,46,48,50,51,54" m="50217" machi="35" ten="30,1000,0" yaku="19,1" doraHai="55" who="1" fromWho="2" sc="230,0,158,23,260,-13,342,0" /><INIT seed="3,0,0,3,2,85" ten="230,181,247,342" oya="3" hai0="35,116,44,98,113,83,50,38,86,117,54,59,41" hai1="88,48,90,129,70,134,123,53,58,77,69,42,76" hai2="23,71,12,32,133,26,79,49,104,74,24,95,66" hai3="47,82,20,7,8,14,67,80,2,39,9,64,81"/><W30/><G20/><T96/><D35/><U60/><E123/><V92/><F104/><W15/><G30/><T31/><D31/><U51/><E129/><V125/><F125/><W4/><G2/><T128/><D113/><U100/><E134/><V91/><F133/><W109/><G109/><T106/><D128/><U72/><E69/><V122/><F122/><W34/><G34/><T52/><D54/><N who="1" m="33879" /><E72/><V68/><F12/><W65/><G39/><T13/><D13/><U0/><E0/><V45/><F32/><W118/><G118/><T111/><D111/><U25/><E70/><V78/><F26/><W46/><AGARI ba="0,0" hai="4,7,8,9,14,15,46,47,64,65,67,80,81,82" machi="46" ten="40,7800,0" yaku="0,1,9,1,8,1" doraHai="85" who="3" fromWho="3" sc="230,-26,181,-26,247,-26,342,78" /><INIT seed="3,1,0,1,2,57" ten="204,155,221,420" oya="3" hai0="79,1,125,47,61,126,73,75,64,127,50,78,128" hai1="121,84,72,38,77,117,112,99,83,56,65,81,95" hai2="39,16,6,74,12,80,22,131,103,41,55,63,66" hai3="100,32,107,9,88,17,133,105,120,33,3,91,124"/><W135/><G120/><T62/><D1/><U26/><E38/><V2/><F131/><W51/><G51/><T132/><D132/><N who="3" m="50761" /><G124/><T31/><D31/><U93/><E121/><V53/><F103/><W122/><G122/><T87/><D128/><U54/><E112/><V11/><F39/><W97/><G105/><T85/><D64/><U43/><E117/><V118/><F41/><W92/><G17/><T46/><D126/><U0/><E43/><V108/><F108/><W7/><G91/><T114/><REACH who="0" step="1"/><D50/><REACH who="0" ten="194,155,221,420" step="2"/><U34/><E0/><V96/><F118/><W48/><G48/><T20/><D20/><U116/><E65/><V82/><F66/><W44/><G44/><T52/><D52/><U94/><E116/><V4/><F55/><W10/><G9/><T102/><D102/><U68/><E34/><V30/><F11/><W111/><G111/><T106/><D106/><U25/><E99/><AGARI ba="1,1" hai="3,7,10,32,33,88,92,97,99,100,107" m="50761" machi="99" ten="30,2900,0" yaku="20,1,54,1" doraHai="57" who="3" fromWho="1" sc="194,0,155,-32,221,0,420,42" /><INIT seed="3,2,0,5,3,4" ten="194,123,221,462" oya="3" hai0="33,9,80,81,6,16,65,99,129,82,134,121,100" hai1="55,125,18,128,87,91,120,94,122,118,98,74,32" hai2="20,119,116,109,43,63,127,41,26,131,97,21,84" hai3="66,58,108,36,10,124,75,67,90,130,47,8,2"/><W60/><G67/><T44/><D121/><U101/><E32/><V76/><F109/><W105/><G105/><T51/><D33/><U52/><E125/><V5/><F127/><W133/><G124/><T59/><D134/><U23/><E128/><V79/><F131/><W102/><G102/><T29/><D29/><U73/><E118/><V22/><F119/><W111/><G75/><T123/><D123/><U39/><E39/><V88/><F116/><W38/><G2/><T77/><D129/><U103/><E122/><V0/><F26/><W115/><G130/><T106/><D77/><U114/><E114/><V34/><F34/><W61/><G61/><T1/><D16/><U104/><E103/><V107/><F63/><W57/><G57/><T45/><REACH who="0" step="1"/><D65/><REACH who="0" ten="184,123,221,462" step="2"/><U112/><E120/><V92/><F76/><W78/><G78/><T132/><D132/><U12/><E112/><V27/><F79/><W13/><G133/><T53/><AGARI ba="2,1" hai="1,6,9,44,45,51,53,59,80,81,82,99,100,106" machi="53" ten="30,4000,0" yaku="1,1,0,1,52,1,53,0" doraHai="4" doraHaiUra="68" who="0" fromWho="0" sc="184,56,123,-12,221,-12,462,-22" /><INIT seed="4,0,0,0,0,120" ten="240,111,209,440" oya="0" hai0="54,58,49,80,110,89,77,92,51,40,94,19,37" hai1="115,1,129,96,114,97,15,105,66,8,73,57,63" hai2="46,135,132,20,130,5,126,109,123,112,29,9,93" hai3="133,86,122,64,38,84,55,116,98,30,52,18,91"/><T3/><D3/><U124/><E1/><V36/><F123/><W47/><G30/><T56/><D37/><U70/><E73/><V83/><F112/><N who="1" m="43049" /><E129/><V99/><F130/><W119/><G64/><T22/><D110/><U28/><E124/><V13/><F126/><W117/><G122/><T103/><D103/><N who="1" m="62695" /><E97/><V25/><F83/><W82/><G98/><T81/><D77/><U12/><E28/><V42/><F99/><W4/><G86/><N who="0" m="52279" /><D94/><U24/><E24/><V85/><F93/><W45/><G38/><T79/><D79/><U35/><E35/><V107/><F85/><W21/><G84/><T61/><D40/><U75/><E75/><V71/><F107/><W128/><G116/><T108/><D108/><U59/><E15/><V44/><F13/><W7/><G119/><T2/><D2/><U48/><E48/><N who="0" m="18505" /><D58/><U11/><E11/><V95/><F9/><W27/><G117/><T67/><D54/><U53/><E53/><V102/><F109/><W113/><G55/><T106/><D106/><U72/><E72/><V50/><F102/><W125/><G52/><T90/><D90/><U10/><E10/><V76/><F42/><W0/><G91/><T33/><D33/><U26/><E26/><AGARI ba="0,0" hai="19,22,26,56,61,67,80,81" m="18505,52279" machi="26" ten="30,1500,0" yaku="8,1" doraHai="120" who="0" fromWho="1" sc="240,15,111,-15,209,0,440,0" /><INIT seed="4,1,0,4,1,108" ten="255,96,209,440" oya="0" hai0="34,11,44,70,128,0,68,7,24,100,47,12,74" hai1="102,41,121,16,1,40,79,64,104,106,110,71,35" hai2="2,31,132,26,88,19,49,13,120,73,116,27,85" hai3="45,119,80,95,114,93,101,52,30,18,90,20,78"/><T33/><D74/><U97/><E121/><V72/><F120/><W91/><G30/><T54/><D128/><U75/><E110/><V130/><F130/><W32/><G101/><T15/><D100/><U55/><E35/><V83/><F132/><W117/><G32/><T58/><D34/><U107/><E1/><V60/><F2/><W133/><G93/><T56/><D33/><U36/><E55/><V25/><F116/><W84/><G91/><T113/><D24/><U5/><E5/><V92/><F31/><W123/><G133/><T126/><D126/><U21/><E64/><V39/><F39/><W125/><G125/><T112/><D0/><U51/><E36/><V124/><F124/><W59/><G45/><T99/><D99/><U77/><E71/><V23/><F60/><W94/><G94/><T9/><D54/><U96/><E96/><V122/><F122/><W3/><G3/><T135/><D135/><U69/><E69/><V131/><F131/><W4/><G4/><AGARI ba="1,0" hai="4,7,9,11,12,15,44,47,56,58,68,70,112,113" machi="4" ten="25,9600,0" yaku="22,2,52,2" doraHai="108" who="0" fromWho="3" sc="255,99,96,0,209,0,440,-99" /><INIT seed="4,2,0,1,5,58" ten="354,96,209,341" oya="0" hai0="51,34,131,82,78,31,118,6,40,5,109,86,43" hai1="75,91,70,73,50,133,10,52,129,29,23,41,55" hai2="107,47,83,111,113,42,36,99,74,68,38,24,121" hai3="122,27,8,103,96,92,0,64,130,63,119,101,49"/><T3/><D118/><U9/><E70/><V114/><F111/><W106/><G119/><T125/><D109/><U87/><E129/><V26/><F121/><W69/><G130/><T115/><D131/><U135/><E41/><V67/><F38/><W128/><G128/><T65/><D125/><U61/><E73/><V33/><F83/><W2/><G122/><T1/><D115/><N who="2" m="44042" /><F33/><W123/><G123/><T95/><D1/><U35/><E75/><V120/><F120/><W124/><G124/><T93/><D3/><U90/><E35/><V30/><F30/><W80/><G8/><N who="1" m="3178" /><E133/><V79/><F79/><W39/><G39/><T37/><D37/><U105/><E105/><V17/><F17/><W32/><G80/><T104/><D104/><U56/><E135/><V84/><F84/><W15/><G15/><T112/><D112/><U46/><E87/><V98/><F74/><W71/><G71/><T22/><D34/><U132/><E132/><V97/><F107/><W88/><G49/><T77/><D77/><U25/><AGARI ba="2,0" hai="23,25,29,46,50,52,55,56,61,90,91" m="3178" machi="25" ten="30,4000,0" yaku="8,1,52,1,54,1" doraHai="58" who="1" fromWho="1" sc="354,-22,96,46,209,-12,341,-12" /><INIT seed="5,0,0,2,2,7" ten="332,142,197,329" oya="1" hai0="126,116,110,82,96,54,14,77,48,4,101,33,105" hai1="34,59,42,95,114,53,122,57,132,28,26,99,131" hai2="80,12,43,10,109,129,39,47,128,94,55,3,111" hai3="104,32,24,25,90,22,21,17,97,35,84,73,70"/><U18/><E122/><V64/><F3/><W13/><G73/><T20/><D116/><U98/><E114/><V72/><F64/><W19/><G70/><T31/><D110/><U27/><E131/><N who="2" m="50251" /><F55/><W113/><G113/><T76/><D126/><U120/><E120/><V85/><F94/><W106/><G97/><T1/><D33/><U67/><E132/><V91/><F72/><W5/><G35/><T63/><D1/><U74/><E74/><V119/><F119/><W51/><G51/><T23/><D63/><U62/><E42/><V102/><F102/><W58/><G58/><T100/><D100/><U69/><E69/><V52/><F52/><W107/><G32/><T134/><D134/><U6/><E95/><V108/><F109/><W81/><G106/><T46/><D31/><U130/><E130/><V44/><F44/><W30/><REACH who="3" step="1"/><G5/><AGARI ba="0,0" hai="5,10,12,39,43,47,80,85,91,108,111" m="50251" machi="5" ten="30,2000,0" yaku="19,1,52,1" doraHai="7" who="2" fromWho="3" sc="332,0,142,0,197,20,329,-20" /><INIT seed="6,0,0,2,4,98" ten="332,142,217,309" oya="2" hai0="1,27,108,2,43,36,132,133,3,13,103,56,5" hai1="106,20,45,86,76,51,26,46,55,135,104,49,71" hai2="25,95,121,82,58,65,10,57,44,35,31,112,62" hai3="22,99,63,7,74,125,11,130,80,120,78,61,29"/><V85/><F112/><W102/><G120/><T123/><D123/><U47/><E71/><V32/><F121/><W28/><G125/><T92/><D108/><U118/><E118/><V107/><F107/><W66/><G130/><T77/><D77/><U34/><E34/><V122/><F122/><W41/><G41/><T0/><D0/><U38/><E135/><N who="0" m="51785" /><D56/><U50/><E38/><V129/><F129/><W19/><G19/><T91/><D103/><U84/><E76/><V17/><F95/><W12/><G22/><T18/><D27/><U87/><REACH who="1" step="1"/><E55/><REACH who="1" ten="332,132,217,309" step="2"/><V14/><F35/><W4/><G78/><T54/><D54/><U90/><E90/><V111/><F111/><W75/><G74/><T127/><D36/><U126/><E126/><V30/><F32/><W117/><G75/><T79/><D79/><U23/><E23/><V105/><F10/><W124/><G117/><T100/><D91/><U115/><E115/><V109/><F109/><W83/><G124/><T24/><D127/><U96/><E96/><V67/><F67/><W131/><G66/><T53/><D53/><U48/><N who="1" m="12800" /><DORA hai="40" /><U119/><E119/><V69/><F65/><W33/><G33/><T6/><D43/><U68/><E68/><V116/><F69/><W101/><G99/><T81/><D100/><U114/><E114/><V21/><F116/><W52/><G52/><T39/><D39/><U94/><E94/><V134/><F134/><W113/><G113/><T97/><D92/><U59/><E59/><V42/><F58/><W37/><G37/><T110/><D110/><U70/><E70/><RYUUKYOKU ba="0,1" sc="332,-10,132,30,217,-10,309,-10" hai1="20,26,45,46,47,84,86,87,104,106" /><INIT seed="7,1,1,4,5,10" ten="322,162,207,299" oya="3" hai0="96,97,129,78,34,107,26,123,50,46,27,85,90" hai1="22,53,8,42,118,125,2,99,127,77,57,68,3" hai2="84,1,31,102,82,20,32,79,86,6,105,52,115" hai3="35,109,74,60,65,47,17,4,70,51,48,108,93"/><W25/><G74/><T37/><D37/><U124/><E68/><V44/><F32/><W55/><G4/><T58/><D123/><U103/><E42/><V41/><F115/><W59/><G93/><T30/><D129/><U131/><E131/><V40/><F52/><N who="3" m="29823" /><G17/><T45/><D107/><U69/><E69/><V110/><F110/><N who="3" m="42603" /><G25/><N who="0" m="9227" /><D78/><U61/><E22/><V54/><F20/><W122/><G35/><T63/><D30/><U33/><E33/><V130/><F31/><W16/><G16/><T133/><D133/><U39/><E39/><V75/><F79/><W104/><G122/><T83/><D34/><U114/><E114/><V13/><F6/><W94/><G94/><T88/><D90/><U49/><E77/><V81/><F1/><W56/><G104/><T80/><D80/><U43/><E118/><V71/><F82/><W72/><G72/><T87/><D87/><U101/><E8/><V112/><F86/><W92/><G92/><T9/><D9/><U14/><E99/><N who="0" m="37961" /><D50/><U24/><E24/><V76/><F84/><W66/><G70/><T119/><D119/><U91/><E91/><V116/><F71/><W120/><G120/><T128/><D128/><U7/><E2/><V95/><F130/><W28/><G28/><T19/><D19/><U29/><E3/><V5/><F105/><W132/><G132/><T64/><AGARI ba="1,1" hai="45,46,58,63,64,83,85,88" m="37961,9227" machi="64" ten="30,2000,0" yaku="8,1,54,1" doraHai="10" who="0" fromWho="0" sc="322,33,162,-6,207,-6,299,-11" owari="355,45.0,156,-34.0,201,-20.0,288,9.0" /></mjloggm>