<mjloggm ver="2.3"><GO type="169" lobby="0"/><UN n0="%E3%81%8D%E3%81%A3%E3%81%8F%E3%82%93" n1="%43%48%41%4E%43%45%21" n2="%EF%BC%BC%28%EF%BC%BE%6F%EF%BC%BE%29%EF%BC%8F%E2%98%85" n3="%E7%AB%8B%E8%8F%AF%E5%A5%8F" dan="17,16,19,16" rate="2180.95,2135.52,2254.06,2081.08" sx="M,M,M,F"/><TAIKYOKU oya="0"/><INIT seed="0,0,0,5,2,65" ten="250,250,250,250" oya="0" hai0="11,92,10,110,64,56,131,119,8,46,73,59,116" hai1="67,39,35,24,26,103,12,132,127,85,2,58,128" hai2="41,104,102,82,90,83,123,18,52,122,91,118,87" hai3="60,84,111,20,36,51,98,114,53,16,6,117,30"/><T49/><D73/><U44/><E2/><V66/><F41/><W86/><G114/><T27/><D131/><U78/><E35/><V54/><F118/><W25/><G117/><T129/><D129/><U43/><E128/><V3/><F3/><W32/><G36/><T23/><D110/><U63/><E103/><V115/><F115/><W71/><G111/><T130/><D130/><U133/><E127/><V113/><F113/><W0/><G98/><T112/><D112/><U80/><REACH who="1" step="1"/><E12/><REACH who="1" ten="250,240,250,250" step="2"/><V28/><F102/><W45/><G0/><T121/><D116/><U75/><E75/><V21/><F123/><W7/><G86/><T105/><D119/><U93/><E93/><V57/><F87/><W33/><G84/><T135/><D105/><U13/><E13/><V88/><F104/><W134/><G33/><T40/><D92/><U101/><E101/><V108/><F122/><W55/><G134/><AGARI ba="0,1" hai="24,26,39,43,44,58,63,67,78,80,85,132,133,134" machi="134" ten="40,2600,0" yaku="1,1,20,1,53,0" doraHai="65" doraHaiUra="126" who="1" fromWho="3" sc="250,0,240,36,250,0,250,-26" /><INIT seed="1,0,0,0,3,133" ten="250,276,250,224" oya="1" hai0="134,10,78,111,103,86,56,45,117,123,0,67,70" hai1="80,5,101,62,95,119,28,135,77,57,109,113,122" hai2="72,98,97,112,24,2,34,23,79,8,44,73,75" hai3="74,61,128,83,55,42,27,124,127,100,35,50,54"/><U7/><E119/><V38/><F34/><W118/><G118/><T18/><D70/><U52/><E122/><V26/><F112/><W107/><G128/><T32/><D117/><U59/><E113/><V6/><F26/><W84/><G74/><T14/><D0/><U94/><E135/><V91/><F91/><W33/><G42/><T3/><D3/><U82/><E109/><V46/><F79/><W39/><G39/><T11/><D32/><U125/><E101/><V110/><F110/><W105/><G61/><T126/><D111/><U51/><E28/><V65/><F65/><W63/><G63/><N who="0" m="38375" /><D134/><U17/><E17/><V132/><F132/><W68/><G68/><T131/><D131/><U49/><E62/><V87/><F87/><W9/><G9/><T93/><D123/><U13/><E13/><V64/><F64/><W19/><G19/><T66/><D66/><U58/><E58/><V22/><F22/><W104/><G100/><T108/><D45/><U53/><E77/><V115/><F115/><W4/><G4/><T89/><D78/><U76/><E76/><V85/><F38/><W41/><G41/><T120/><D120/><U25/><E25/><V30/><F46/><N who="3" m="27991" /><G55/><T47/><D47/><U69/><E69/><V71/><F44/><W21/><G21/><N who="0" m="11479" /><D108/><U36/><E36/><V1/><F71/><W129/><G129/><T48/><D48/><U88/><E88/><V90/><F2/><W130/><G130/><T114/><D114/><U106/><E106/><V29/><F29/><N who="3" m="19647" /><G35/><T16/><D103/><U96/><E96/><V81/><AGARI ba="0,0" hai="1,6,8,23,24,30,72,73,75,81,85,90,97,98" machi="81" ten="30,2000,0" yaku="5,1,0,1" doraHai="133" who="2" fromWho="2" sc="250,-5,276,-10,250,20,224,-5" /><INIT seed="2,0,0,1,5,33" ten="245,266,270,219" oya="2" hai0="128,81,124,18,43,110,1,27,71,103,113,50,107" hai1="69,100,108,24,15,64,31,53,10,57,70,85,114" hai2="63,56,129,16,47,133,0,5,75,34,121,130,54" hai3="115,41,126,59,95,131,79,89,101,118,9,7,74"/><V111/><F121/><W29/><G118/><T37/><D113/><U49/><E114/><V109/><F34/><W51/><G115/><T14/><D27/><U94/><E108/><N who="2" m="41547" /><F75/><W80/><G126/><T4/><D50/><U40/><E40/><V88/><F133/><W52/><G131/><N who="2" m="50185" /><F47/><W60/><G101/><T78/><D103/><U86/><E69/><V104/><F104/><W73/><G29/><T22/><D71/><U11/><E70/><V98/><F16/><W61/><G41/><T19/><D107/><U46/><E31/><V127/><F127/><W77/><G77/><T87/><D19/><N who="1" m="8695" /><E24/><V122/><F122/><W96/><REACH who="3" step="1"/><G74/><REACH who="3" ten="245,266,270,209" step="2"/><T30/><D124/><U26/><E100/><V119/><F119/><W123/><G123/><T38/><D110/><U102/><E102/><V58/><F88/><W120/><G120/><T117/><D128/><U62/><E53/><V28/><F28/><W23/><G23/><T92/><D30/><U36/><E64/><V12/><F54/><W106/><G106/><T67/><D67/><U68/><E11/><N who="2" m="2471" /><F63/><W125/><G125/><T135/><D135/><U116/><E62/><V25/><F25/><W48/><G48/><T8/><D117/><U65/><E49/><V6/><F98/><W2/><AGARI ba="0,1" hai="2,7,9,51,52,59,60,61,73,79,80,89,95,96" machi="2" ten="20,8000,1" yaku="1,1,0,1,7,1,52,1,54,1,53,0" doraHai="33" doraHaiUra="42" who="3" fromWho="3" sc="245,-20,266,-20,270,-40,209,90" /><INIT seed="3,0,0,1,4,130" ten="225,246,230,299" oya="3" hai0="3,51,121,19,4,46,93,64,17,110,11,1,73" hai1="116,41,25,85,65,50,123,108,37,128,67,79,61" hai2="38,94,10,16,45,131,106,68,33,100,22,72,112" hai3="13,27,125,59,9,133,129,80,0,74,20,88,95"/><W36/><G36/><T99/><D1/><U77/><E123/><V118/><F33/><W31/><G0/><T32/><D32/><U86/><E37/><V115/><F118/><W70/><G70/><T47/><D121/><U8/><E128/><V90/><F68/><W30/><G129/><T71/><D110/><U82/><E25/><V6/><F72/><W84/><G125/><T109/><D73/><U23/><E23/><V55/><F100/><W114/><G114/><T81/><D81/><U29/><E29/><V78/><F78/><W75/><G31/><T98/><D109/><U28/><E28/><V12/><F106/><W101/><G59/><T44/><D51/><U52/><E41/><V83/><F83/><W135/><G75/><T53/><D53/><U15/><E108/><V92/><F92/><W40/><G40/><T39/><D39/><U63/><E116/><V134/><F131/><W18/><REACH who="3" step="1"/><G101/><REACH who="3" ten="225,246,230,289" step="2"/><T87/><D71/><U54/><E67/><V62/><F38/><W69/><G69/><T124/><D64/><U42/><E65/><V132/><F115/><W107/><G107/><T60/><D124/><U57/><E42/><V7/><F112/><W14/><G14/><T104/><D104/><U26/><E54/><V111/><F111/><W35/><G35/><T43/><D43/><U21/><E26/><N who="2" m="14663" /><F45/><W58/><G58/><T66/><D46/><U105/><E105/><V34/><F34/><W122/><G122/><T117/><D47/><U91/><E57/><N who="2" m="35135" /><F7/><W119/><G119/><T126/><D44/><U48/><E52/><V24/><F24/><RYUUKYOKU ba="0,1" sc="225,-15,246,-15,230,15,289,15" hai2="6,10,12,90,94,132,134" hai3="9,13,18,20,27,30,74,80,84,88,95,133,135" /><INIT seed="3,1,1,1,5,79" ten="210,231,245,304" oya="3" hai0="85,115,28,89,111,127,87,83,23,57,59,88,81" hai1="42,110,132,131,82,120,55,102,66,117,19,33,77" hai2="17,103,27,69,53,20,12,18,30,113,126,133,5" hai3="123,125,62,134,96,26,11,107,116,9,91,32,65"/><W64/><G116/><T100/><D127/><U34/><E120/><V71/><F113/><W67/><G123/><T135/><D135/><U38/><E110/><V75/><F133/><W98/><G134/><T105/><D111/><U29/><E132/><V129/><F126/><W41/><G125/><T44/><D115/><U46/><E19/><V22/><F129/><W58/><G41/><T99/><D44/><U92/><E29/><V84/><F75/><W16/><G107/><T73/><D73/><U80/><E77/><V14/><F5/><W45/><G45/><T68/><D68/><U56/><E66/><N who="3" m="25706" /><G32/><T94/><D105/><U124/><E124/><V78/><F103/><W104/><G104/><T74/><D74/><U25/><E131/><V106/><F106/><W63/><G63/><T4/><D4/><U39/><E39/><V8/><F53/><W72/><G72/><T35/><D35/><U54/><E54/><V90/><REACH who="2" step="1"/><F78/><REACH who="2" ten="210,231,235,304" step="2"/><W112/><G112/><T3/><D3/><U21/><E117/><V6/><F6/><W2/><G2/><T1/><D1/><U108/><E108/><V101/><F101/><W109/><G109/><T70/><D70/><U97/><E34/><V47/><F47/><W114/><G114/><T43/><D43/><U76/><E33/><V122/><F122/><W48/><G91/><T93/><D93/><AGARI ba="1,2" hai="8,12,14,17,18,20,22,27,30,69,71,84,90,93" machi="93" ten="30,3900,0" yaku="1,1,7,1,53,1" doraHai="79" doraHaiUra="24" who="2" fromWho="0" sc="210,-42,231,0,235,62,304,0" /><INIT seed="4,0,0,1,2,37" ten="168,231,297,304" oya="0" hai0="132,111,31,96,93,89,83,12,22,133,59,117,131" hai1="103,50,35,105,123,100,92,7,112,54,115,47,90" hai2="99,65,73,62,40,129,4,58,68,41,63,109,76" hai3="0,74,29,70,69,42,52,55,113,56,101,18,8"/><T125/><D117/><U60/><E35/><V134/><F109/><W27/><G74/><T64/><D125/><U21/><E105/><V53/><F134/><N who="0" m="51818" /><D131/><U79/><E79/><V80/><F129/><W122/><G122/><T130/><D130/><U23/><E123/><V71/><F71/><W116/><G116/><T46/><D111/><U135/><E135/><V114/><F114/><N who="1" m="43561" /><E7/><V85/><F4/><W3/><G113/><T128/><D128/><U14/><E60/><V98/><REACH who="2" step="1"/><F85/><REACH who="2" ten="168,231,287,304" step="2"/><W1/><G70/><T24/><D12/><U106/><E14/><V44/><F44/><W107/><G69/><T94/><D46/><U126/><E126/><V38/><F38/><W86/><G86/><N who="0" m="50399" /><D96/><AGARI ba="0,1" hai="40,41,53,58,62,63,65,68,73,76,80,96,98,99" machi="96" ten="40,5200,0" yaku="1,1,52,2,53,0" doraHai="37" doraHaiUra="20" who="2" fromWho="0" sc="168,-52,231,0,287,62,304,0" /><INIT seed="5,0,0,5,0,95" ten="116,231,349,304" oya="1" hai0="77,4,6,39,113,100,24,105,109,67,90,135,0" hai1="60,96,5,68,61,32,51,29,3,98,99,17,65" hai2="10,20,111,73,53,78,116,119,46,128,56,82,76" hai3="64,88,18,121,40,110,14,120,107,33,42,125,37"/><U7/><E3/><V21/><F111/><W89/><G33/><T132/><D109/><U27/><E17/><V70/><F70/><W84/><G110/><T93/><D77/><U44/><REACH who="1" step="1"/><E61/><REACH who="1" ten="116,221,349,304" step="2"/><V28/><F119/><W58/><G18/><T62/><D0/><U11/><E11/><V34/><F116/><W55/><G121/><T30/><D113/><U118/><E118/><V94/><F10/><W74/><G120/><T72/><D132/><U83/><E83/><V115/><F82/><W38/><G125/><T133/><D133/><U23/><E23/><V126/><F21/><W63/><G63/><T127/><D135/><U131/><E131/><V50/><F20/><W114/><G114/><T43/><D127/><U41/><AGARI ba="0,1" hai="5,7,27,29,32,41,44,51,60,65,68,96,98,99" machi="41" ten="30,12000,1" yaku="1,1,0,1,52,3,53,0" doraHai="95" doraHaiUra="103" who="1" fromWho="1" sc="116,-40,221,130,349,-40,304,-40" /><INIT seed="5,1,0,0,2,48" ten="76,351,309,264" oya="1" hai0="68,113,92,132,37,74,121,102,106,44,101,91,31" hai1="112,41,108,100,117,96,111,49,54,128,73,123,62" hai2="19,109,30,104,66,53,110,84,122,119,5,24,88" hai3="25,118,34,26,22,17,124,38,15,98,97,56,2"/><U69/><E73/><V58/><F119/><W81/><G118/><T83/><D68/><U46/><E117/><V70/><F104/><W130/><G38/><T126/><D31/><U95/><E123/><V14/><F5/><W12/><G2/><T39/><D121/><U40/><E128/><V6/><F6/><W10/><G130/><T33/><D33/><U120/><E120/><V3/><F3/><W93/><G124/><T71/><D71/><U89/><E112/><V20/><F66/><W0/><G0/><T13/><D126/><U50/><E100/><V129/><F70/><W32/><G81/><T16/><D132/><U131/><E131/><V67/><F67/><W103/><G98/><T82/><D39/><U27/><E27/><V79/><F79/><W116/><G116/><T65/><D65/><N who="1" m="41143" /><E49/><V11/><F122/><W107/><G107/><T9/><D113/><U90/><E90/><V52/><F129/><W36/><G36/><T94/><D94/><U133/><E133/><V4/><F30/><W76/><G76/><T23/><D74/><U85/><E96/><V35/><F35/><W75/><G75/><T72/><D72/><U29/><E29/><V42/><F42/><W78/><G78/><T59/><D9/><U77/><E77/><V105/><F105/><W115/><G115/><T7/><D7/><U55/><E41/><V51/><F53/><W8/><G34/><T47/><D37/><U87/><E87/><V21/><F21/><W63/><G32/><T86/><D102/><U60/><E60/><V57/><F57/><W28/><G28/><RYUUKYOKU ba="1,0" sc="76,-15,351,15,309,15,264,-15" hai1="40,46,50,54,55,85,89,95,108,111" hai2="4,11,14,19,20,24,51,52,58,84,88,109,110" /><INIT seed="5,2,0,4,4,48" ten="61,366,324,249" oya="1" hai0="22,31,75,62,96,129,121,15,14,98,52,87,125" hai1="81,92,37,116,132,55,64,44,79,11,104,113,134" hai2="0,108,72,76,65,47,51,102,29,12,4,127,135" hai3="40,110,6,42,99,109,34,58,16,59,5,3,18"/><U111/><E116/><V82/><F108/><W80/><G99/><T130/><D75/><U53/><E104/><V89/><F135/><N who="1" m="51753" /><E113/><V27/><F127/><W119/><G80/><T7/><D121/><U84/><E111/><V131/><F131/><N who="0" m="50186" /><D125/><U46/><E64/><V95/><F0/><W85/><G85/><T120/><D120/><U8/><E92/><V57/><F102/><W71/><G3/><T24/><D87/><U1/><E11/><V10/><F57/><W32/><REACH who="3" step="1"/><G71/><REACH who="3" ten="61,366,324,239" step="2"/><T50/><D62/><U33/><E33/><V97/><F97/><N who="0" m="37482" /><D7/><N who="1" m="1135" /><E37/><V122/><F4/><W69/><G69/><T133/><D133/><U88/><E79/><V90/><F76/><W39/><G39/><T86/><D86/><U60/><E60/><V117/><F122/><W93/><G93/><T19/><D19/><U43/><E43/><V100/><F95/><W9/><G9/><T66/><D66/><U30/><E30/><V2/><F29/><W25/><G25/><T106/><D106/><U105/><E105/><V26/><F27/><W103/><G103/><T35/><D35/><U36/><E36/><V77/><F26/><W128/><G128/><T68/><D68/><U112/><E112/><V123/><F100/><W45/><G45/><AGARI ba="2,1" hai="14,15,22,24,31,45,50,52" m="37482,50186" machi="45" ten="30,3900,0" yaku="19,1,52,1,54,1" doraHai="48" who="0" fromWho="3" sc="61,55,366,0,324,0,239,-45" /><AGARI ba="2,0" hai="44,45,46,53,55,81,84,88" m="1135,51753" machi="45" ten="30,11600,0" yaku="20,1,52,2,54,1" doraHai="48" who="1" fromWho="3" sc="116,0,366,116,324,0,194,-116" /><INIT seed="5,3,0,5,4,113" ten="116,482,324,78" oya="1" hai0="85,21,17,90,2,77,130,134,106,78,82,71,105" hai1="83,31,42,23,100,32,104,97,102,72,46,66,93" hai2="120,0,43,111,99,84,69,39,91,114,9,47,8" hai3="127,51,128,125,103,80,73,33,34,36,116,81,68"/><U20/><E100/><V19/><F111/><W62/><G36/><T29/><D2/><U124/><E124/><N who="3" m="47690" /><G103/><T7/><D7/><U3/><E3/><V49/><F120/><W129/><G51/><T96/><D71/><U132/><E132/><V87/><F69/><W89/><G89/><T74/><D78/><U16/><E66/><V110/><F110/><W6/><G6/><T30/><D134/><U79/><E32/><N who="3" m="12394" /><G116/><T94/><D130/><N who="3" m="50281" /><G73/><T117/><D117/><U122/><E102/><V135/><F49/><W37/><G37/><T58/><D58/><U1/><E97/><V10/><F99/><W52/><G68/><T24/><D106/><U26/><E104/><V67/><F91/><W41/><G41/><T15/><D105/><U95/><E42/><V4/><F43/><W131/><N who="3" m="50289" /><W118/><DORA hai="60" /><G118/><T45/><D45/><U98/><E46/><V25/><F47/><W70/><G70/><T119/><D119/><U64/><E98/><V22/><F39/><W56/><AGARI ba="3,0" hai="52,56,62,80,81" m="50289,12394,47690" machi="56" ten="50,6400,0" yaku="18,1,19,1,54,1" doraHai="113,60" who="3" fromWho="3" sc="116,-19,482,-35,324,-19,78,73" /><INIT seed="6,0,0,4,3,7" ten="97,447,305,151" oya="2" hai0="1,12,98,112,88,3,123,119,96,125,79,84,131" hai1="10,93,29,124,80,113,90,67,61,97,40,109,108" hai2="111,64,13,54,99,47,2,55,45,128,35,105,130" hai3="27,59,82,24,127,41,52,95,69,68,6,106,122"/><V49/><F2/><W116/><G106/><T71/><D123/><U110/><E124/><V31/><F64/><W39/><G122/><T43/><D125/><U76/><E40/><V30/><F111/><W16/><G127/><T103/><D71/><U94/><E113/><V135/><F135/><W21/><G116/><T133/><D133/><U22/><E94/><V14/><F105/><W53/><G82/><T58/><D119/><U18/><E29/><N who="2" m="10763" /><F99/><W20/><G6/><T4/><D79/><U17/><E22/><V56/><F35/><W74/><G74/><T126/><D126/><U114/><E114/><V62/><F47/><W102/><G39/><T11/><D112/><U120/><E120/><V8/><F8/><W87/><G41/><T91/><D131/><AGARI ba="0,0" hai="13,14,45,49,54,55,56,62,128,130,131" m="10763" machi="131" ten="30,1500,0" yaku="19,1" doraHai="7" who="2" fromWho="0" sc="97,-15,447,0,305,15,151,0" /><INIT seed="6,1,0,1,3,39" ten="82,447,320,151" oya="2" hai0="48,23,66,115,8,24,33,68,51,3,70,105,98" hai1="116,58,80,13,63,64,97,57,127,135,2,12,106" hai2="71,86,5,123,34,26,100,118,45,61,72,65,95" hai3="119,25,75,93,92,15,94,18,111,11,81,113,134"/><V87/><F72/><W49/><G111/><T20/><D115/><U89/><E2/><V60/><F118/><W122/><G119/><T56/><D33/><U42/><E116/><V129/><F123/><W0/><G122/><T62/><D23/><U55/><E106/><V28/><F129/><W126/><G113/><T36/><D36/><U10/><E127/><V133/><F133/><W44/><G126/><T114/><D114/><U74/><E74/><V7/><F87/><W107/><G107/><T88/><D68/><U102/><E102/><V117/><F117/><W99/><G0/><T46/><D70/><U41/><E135/><V17/><F61/><W37/><G37/><T16/><D3/><U121/><E121/><V103/><F17/><W82/><G134/><T4/><D46/><U43/><E10/><V38/><F103/><W29/><G75/><T128/><D128/><U52/><E64/><V76/><F76/><W101/><G82/><T31/><D4/><U59/><E59/><V54/><F54/><W9/><G81/><T132/><D132/><U69/><E69/><V130/><F130/><W14/><G25/><T1/><D1/><U79/><E79/><V109/><F109/><W112/><G29/><T104/><D104/><U96/><E80/><V108/><F108/><W67/><G67/><T78/><D78/><U125/><E125/><V110/><F110/><W30/><G30/><T77/><D77/><U21/><E21/><V50/><F38/><W6/><G112/><T83/><D105/><U19/><E19/><V53/><F100/><W40/><AGARI ba="1,0" hai="6,9,11,14,15,18,40,44,49,92,93,94,99,101" machi="40" ten="20,8000,1" yaku="5,1,0,1,7,1,8,1,52,1" doraHai="39" who="3" fromWho="3" sc="82,-21,447,-21,320,-41,151,83" /><INIT seed="7,0,0,3,1,52" ten="61,426,279,234" oya="3" hai0="86,110,17,79,96,126,43,46,105,40,10,63,20" hai1="92,21,70,135,97,129,94,112,28,61,35,32,89" hai2="128,109,6,118,5,8,103,12,133,95,71,30,26" hai3="81,68,13,0,82,36,16,73,77,48,11,85,24"/><W64/><G36/><T25/><D110/><U1/><E1/><V34/><F109/><W87/><G0/><T66/><D126/><U75/><E75/><V29/><F71/><W55/><G24/><T42/><D10/><U4/><E4/><V58/><F118/><W122/><G122/><T111/><D111/><U98/><E135/><V37/><F37/><W124/><G124/><T45/><D105/><U93/><E93/><V23/><F133/><W56/><REACH who="3" step="1"/><G82/><REACH who="3" ten="61,426,279,224" step="2"/><T114/><D114/><U99/><E112/><V3/><F3/><W14/><G14/><T131/><D131/><U74/><E129/><V62/><F26/><W115/><G115/><T57/><REACH who="0" step="1"/><D96/><REACH who="0" ten="51,426,279,224" step="2"/><U119/><E98/><V80/><F128/><W83/><G83/><AGARI ba="0,2" hai="17,20,25,40,42,43,45,46,57,63,66,79,83,86" machi="83" ten="40,8000,1" yaku="1,1,2,1,8,1,52,1,53,0" doraHai="52" doraHaiUra="9" who="0" fromWho="3" sc="51,100,426,0,279,0,224,-80" owari="151,-25.0,426,53.0,279,8.0,144,-36.0" /></mjloggm>