<mjloggm ver="2.3"><GO type="169" lobby="0"/><UN n0="%6D%65%24%6F" n1="%50%61%65%6C%6C%61" n2="%E3%81%88%E3%82%80%E8%94%B5" n3="%E3%83%94%E3%83%A7%E3%83%B3%E5%90%89" dan="17,16,17,17" rate="2133.39,2096.83,2182.01,2114.51" sx="M,M,M,F"/><TAIKYOKU oya="0"/><INIT seed="0,0,0,1,1,8" ten="250,250,250,250" oya="0" hai0="96,103,46,117,68,90,36,114,23,7,69,48,66" hai1="108,105,21,94,38,9,12,76,99,122,135,2,20" hai2="55,28,57,70,82,44,16,74,85,18,31,41,121" hai3="116,98,3,104,45,92,49,91,29,13,78,25,22"/><T130/><D114/><U81/><E122/><V77/><F70/><W50/><G3/><T61/><D117/><U133/><E38/><V118/><F121/><W124/><G116/><T42/><D130/><U131/><E105/><V6/><F118/><W32/><G124/><T30/><D7/><U125/><E2/><V5/><F31/><W56/><G104/><T87/><D69/><U24/><E108/><V75/><F28/><W84/><G56/><T1/><D1/><U71/><E71/><V120/><F120/><W123/><G123/><T127/><D127/><U89/><E24/><V39/><F75/><W19/><REACH who="3" step="1"/><G45/><REACH who="3" ten="250,250,250,240" step="2"/><T58/><D68/><U0/><E125/><V67/><F57/><W34/><G34/><T97/><D103/><U128/><E0/><V73/><F44/><W86/><G86/><T83/><D36/><U126/><E126/><V37/><F85/><W106/><G106/><T115/><D115/><U59/><E59/><V79/><F73/><W35/><G35/><T110/><D110/><U107/><E107/><V112/><F74/><W60/><G60/><T134/><D134/><N who="1" m="51211" /><E131/><V102/><F39/><W33/><G33/><T11/><D97/><U80/><E128/><V64/><F37/><W72/><G72/><T4/><D96/><U17/><E76/><V54/><F79/><W15/><G15/><N who="0" m="5607" /><D58/><U119/><E119/><V63/><F112/><W62/><G62/><T14/><D61/><U53/><E53/><V132/><F55/><W10/><G10/><T100/><D14/><N who="1" m="9271" /><E9/><V27/><F132/><W109/><G109/><T40/><D46/><RYUUKYOKU ba="0,1" sc="250,-15,250,15,250,-15,240,15" hai1="12,21,80,81,89,94,99" hai3="13,19,22,25,29,32,49,50,78,84,91,92,98" /><INIT seed="1,1,1,3,2,3" ten="235,265,235,255" oya="1" hai0="85,79,64,22,39,54,110,67,45,75,80,37,48" hai1="93,44,123,114,41,128,113,29,82,90,0,104,120" hai2="1,94,16,100,14,31,66,133,92,84,72,32,102" hai3="119,50,33,130,23,5,98,129,71,60,107,89,35"/><U86/><E128/><N who="3" m="49258" /><G119/><T19/><D110/><U9/><E29/><V73/><F133/><W12/><G50/><T42/><D75/><U106/><E0/><V34/><F1/><W99/><G89/><T124/><D124/><U6/><E6/><V121/><F121/><N who="1" m="46665" /><E9/><V69/><F66/><N who="3" m="41415" /><G23/><T4/><D4/><U70/><E44/><V46/><F34/><N who="3" m="12811" /><G107/><N who="1" m="41002" /><E41/><V132/><F32/><W131/><N who="3" m="49266" /><W112/><DORA hai="95" /><G112/><N who="1" m="43114" /><E70/><V108/><F108/><W7/><G7/><T111/><D111/><U74/><E74/><V103/><F72/><W135/><G135/><T56/><REACH who="0" step="1"/><D37/><REACH who="0" ten="225,265,235,255" step="2"/><U88/><E93/><V15/><F92/><W26/><G26/><AGARI ba="1,2" hai="19,22,26,39,42,45,48,54,56,64,67,79,80,85" machi="26" ten="30,3900,0" yaku="1,1,2,1,7,1,53,0" doraHai="3,95" doraHaiUra="59,97" who="0" fromWho="3" sc="225,62,265,0,235,0,255,-42" /><INIT seed="2,0,0,5,2,54" ten="287,265,235,213" oya="2" hai0="10,95,89,103,98,52,20,19,12,123,17,119,0" hai1="45,86,118,127,14,83,63,104,25,2,64,3,31" hai2="8,16,28,120,66,112,22,133,80,92,43,126,37" hai3="128,75,47,115,135,48,76,39,33,93,55,111,106"/><V21/><F112/><W73/><G106/><T117/><D123/><U57/><E118/><N who="0" m="45065" /><D0/><U67/><E127/><V130/><F120/><W49/><G39/><T35/><D35/><U109/><E109/><V99/><F126/><W78/><G111/><T24/><D52/><U34/><E104/><V124/><F124/><W96/><G115/><T74/><D74/><U50/><E67/><V58/><F130/><W1/><G33/><T38/><D38/><U121/><E14/><V100/><F133/><W122/><G1/><T68/><D68/><U97/><E97/><V134/><F37/><W65/><G122/><T42/><D42/><U4/><E4/><V13/><F43/><W108/><G65/><T88/><AGARI ba="0,0" hai="10,12,17,19,20,24,88,89,95,98,103" m="45065" machi="88" ten="30,2000,0" yaku="12,1,54,1" doraHai="54" who="0" fromWho="0" sc="287,20,265,-5,235,-10,213,-5" /><INIT seed="3,0,0,2,4,23" ten="307,260,225,208" oya="3" hai0="7,101,114,42,68,86,122,40,16,96,106,98,121" hai1="116,77,51,45,92,9,90,120,3,102,112,100,85" hai2="29,38,4,31,87,74,110,135,126,84,56,82,54" hai3="119,132,62,80,22,81,44,27,73,52,91,118,13"/><W66/><G132/><T58/><D68/><U32/><E120/><V99/><F135/><W107/><G107/><T36/><D7/><U50/><E112/><V72/><F38/><W127/><G13/><T109/><D114/><U94/><E32/><V10/><F110/><W64/><G127/><T11/><D109/><U30/><E116/><V78/><F126/><W95/><G66/><T37/><D86/><U8/><E30/><V125/><F125/><W49/><G73/><T131/><D131/><U5/><E8/><V60/><F99/><N who="3" m="57855" /><G119/><T1/><D96/><U43/><E94/><V130/><F130/><W59/><G118/><T39/><D58/><U25/><E77/><V26/><F31/><AGARI ba="0,0" hai="22,27,31,44,49,52,59,62,64,80,81" m="57855" machi="31" ten="30,5800,0" yaku="8,1,52,1,54,1" doraHai="23" who="3" fromWho="2" sc="307,0,260,0,225,-58,208,58" /><INIT seed="3,1,0,1,2,44" ten="307,260,167,266" oya="3" hai0="81,73,19,60,33,14,92,79,125,121,28,10,116" hai1="26,85,89,90,76,106,24,57,118,48,7,130,43" hai2="74,36,77,1,135,56,107,34,0,123,9,127,38" hai3="133,100,68,45,64,67,120,29,96,132,114,13,110"/><W8/><G120/><T18/><D121/><U5/><E106/><V59/><F123/><W53/><G29/><T30/><D116/><U101/><E130/><V95/><F107/><W6/><G114/><T37/><D37/><U131/><E131/><V35/><F127/><W128/><G128/><T22/><D125/><U63/><E101/><V109/><F95/><N who="3" m="58399" /><G68/><T78/><D33/><U124/><E124/><V27/><F109/><W82/><G82/><T113/><D113/><U61/><E118/><V84/><F84/><W16/><G6/><N who="1" m="2058" /><E76/><V102/><F9/><W99/><G99/><T23/><D79/><U134/><E134/><N who="3" m="51818" /><G110/><T62/><D92/><N who="1" m="54319" /><E90/><V72/><F77/><W25/><G25/><N who="1" m="9834" /><E57/><V31/><F135/><W4/><G4/><T119/><D119/><U112/><E112/><V94/><F94/><W111/><G111/><T80/><D80/><U71/><E71/><V98/><F102/><W75/><G75/><T11/><D81/><U117/><E117/><V2/><F98/><W69/><G69/><T91/><D73/><U108/><E108/><V126/><F126/><W51/><AGARI ba="1,0" hai="8,13,16,45,51,53,64,67" m="51818,58399" machi="51" ten="30,6000,0" yaku="20,1,52,1,54,1" doraHai="44" who="3" fromWho="3" sc="307,-21,260,-21,167,-21,266,63" /><INIT seed="3,2,0,4,1,107" ten="286,239,146,329" oya="3" hai0="83,15,64,46,113,57,53,79,120,82,16,52,85" hai1="124,75,117,65,105,11,43,22,51,61,104,86,98" hai2="88,5,31,74,101,48,106,89,110,66,125,35,114" hai3="58,77,130,54,42,103,47,100,112,40,38,134,50"/><W94/><G112/><T39/><D120/><U24/><E124/><V135/><F114/><W21/><G130/><T119/><D113/><U4/><E117/><V44/><F125/><W23/><G42/><T49/><D119/><U0/><E75/><V12/><F110/><W17/><G134/><T7/><D64/><U20/><E86/><V78/><F135/><W111/><G111/><T95/><D7/><U32/><E32/><V108/><F108/><W81/><G94/><T67/><D67/><U99/><E22/><V27/><F66/><W30/><G23/><N who="0" m="11679" /><D39/><U121/><E121/><V13/><F106/><W90/><G90/><N who="0" m="53711" /><D79/><U2/><E2/><V132/><F101/><W18/><G30/><T71/><D71/><U87/><E65/><V129/><F132/><W84/><REACH who="3" step="1"/><G17/><REACH who="3" ten="286,239,146,319" step="2"/><T33/><D33/><U6/><E105/><V60/><F89/><W34/><G34/><T133/><D133/><U96/><E104/><V92/><F88/><W3/><G3/><T56/><D46/><U68/><E0/><V126/><F44/><W116/><G116/><T55/><D55/><U80/><E43/><V127/><F35/><W9/><G9/><T115/><D115/><U123/><E11/><V14/><F127/><W131/><G131/><T128/><D128/><U26/><E123/><V62/><F126/><W10/><G10/><T91/><D91/><U70/><E20/><V102/><F129/><W8/><G8/><T25/><D25/><AGARI ba="2,1" hai="18,21,25,38,40,47,50,54,58,77,81,84,100,103" machi="25" ten="30,5800,0" yaku="1,1,7,1,53,1" doraHai="107" doraHaiUra="19" who="3" fromWho="0" sc="286,-64,239,0,146,0,319,74" /><INIT seed="3,3,0,5,2,82" ten="222,239,146,393" oya="3" hai0="103,128,120,78,21,36,91,135,66,102,19,63,112" hai1="129,2,0,90,32,131,9,88,122,12,17,98,100" hai2="24,51,87,97,65,13,34,37,110,108,74,41,111" hai3="16,28,6,4,134,79,38,71,70,20,107,62,49"/><W18/><G38/><T84/><D120/><U101/><E32/><V64/><F74/><W50/><G107/><T55/><D112/><U133/><E122/><V1/><F1/><N who="1" m="617" /><E133/><V7/><F37/><W31/><G62/><T86/><D135/><U11/><E11/><N who="2" m="4351" /><F97/><W76/><G134/><T115/><D36/><U81/><E81/><V114/><F114/><W105/><G105/><T106/><D115/><U47/><E47/><N who="2" m="26095" /><F87/><N who="0" m="33322" /><D106/><N who="1" m="63767" /><E101/><N who="0" m="38409" /><D66/><U8/><E8/><V119/><F119/><W60/><G71/><T121/><D121/><U96/><E96/><V123/><F123/><W72/><G70/><T39/><D39/><U94/><E94/><V35/><F35/><W68/><G68/><T61/><D128/><AGARI ba="3,0" hai="9,12,17,88,90,128,129,131" m="63767,617" machi="128" ten="30,2000,0" yaku="19,1,54,1" doraHai="82" who="1" fromWho="0" sc="222,-29,239,29,146,0,393,0" /><INIT seed="4,0,0,1,2,130" ten="193,268,146,393" oya="0" hai0="3,127,135,105,62,122,76,36,43,91,41,55,126" hai1="121,32,88,113,6,13,94,28,102,101,54,83,86" hai2="31,37,63,59,112,124,22,128,4,5,60,107,30" hai3="98,116,12,64,53,70,38,46,18,92,73,133,45"/><T111/><D122/><U44/><E113/><V68/><F112/><W110/><G110/><T39/><D111/><U57/><E121/><V33/><F128/><W131/><G73/><T106/><D3/><U17/><E6/><V19/><F37/><N who="0" m="14410" /><D76/><N who="1" m="46439" /><E28/><V81/><F124/><N who="0" m="47658" /><D91/><U21/><E44/><V75/><F107/><N who="0" m="40970" /><D135/><U29/><E32/><V132/><F33/><W79/><G133/><T11/><D11/><U103/><E29/><V129/><F31/><W26/><G79/><T120/><D120/><U93/><E88/><V58/><F30/><W35/><G35/><T56/><AGARI ba="0,0" hai="41,43,55,56,62" m="40970,47658,14410" machi="56" ten="40,2100,0" yaku="18,1" doraHai="130" who="0" fromWho="0" sc="193,21,268,-7,146,-7,393,-7" /><INIT seed="4,1,0,1,4,12" ten="214,261,139,386" oya="0" hai0="18,108,93,126,62,49,127,105,29,106,41,61,84" hai1="119,70,68,94,27,19,17,78,0,56,80,21,22" hai2="25,122,115,129,38,125,74,103,76,81,32,23,7" hai3="91,30,120,60,28,53,72,85,65,102,116,101,73"/><T36/><D36/><U69/><E0/><V123/><F115/><W9/><G116/><T50/><D29/><U48/><E119/><V118/><F118/><W64/><G53/><T47/><D108/><U58/><E94/><V97/><F129/><W52/><G9/><T92/><D84/><U113/><E48/><V79/><F125/><W37/><G37/><T11/><D11/><U134/><E134/><V42/><F7/><W43/><G43/><T20/><D92/><U5/><E5/><V51/><F51/><W128/><G128/><T124/><D93/><U133/><E133/><V77/><F32/><W14/><G14/><T33/><D33/><U75/><REACH who="1" step="1"/><E113/><REACH who="1" ten="214,251,139,386" step="2"/><V112/><F112/><W82/><G82/><T2/><D2/><U44/><E44/><V24/><F122/><W3/><G120/><T66/><D49/><U90/><E90/><V8/><F123/><W10/><G3/><T40/><D40/><U96/><E96/><V107/><F42/><W13/><G101/><T86/><D61/><U55/><E55/><V83/><F38/><W67/><G102/><T1/><D1/><U87/><E87/><V39/><F39/><W15/><G85/><T45/><D86/><U34/><E34/><V6/><F6/><W135/><G135/><T98/><D45/><U110/><E110/><V111/><F111/><W31/><G91/><T130/><D98/><U131/><E131/><V95/><F97/><W71/><G10/><T59/><REACH who="0" step="1"/><D130/><REACH who="0" ten="204,251,139,386" step="2"/><U104/><E104/><V54/><F107/><W132/><G132/><T57/><D57/><U114/><E114/><RYUUKYOKU ba="1,2" sc="204,15,251,15,139,-15,386,-15" hai0="18,20,41,47,50,59,62,66,105,106,124,126,127" hai1="17,19,21,22,27,56,58,68,69,70,75,78,80" /><INIT seed="4,2,2,2,1,52" ten="219,266,124,371" oya="0" hai0="85,82,43,106,94,16,54,48,84,89,29,40,69" hai1="23,133,120,3,56,68,5,79,9,75,24,107,63" hai2="126,122,53,51,71,134,36,135,95,90,46,35,67" hai3="80,83,10,14,45,37,1,81,109,121,116,112,101"/><T17/><D106/><U41/><E120/><V103/><F35/><W39/><G109/><T49/><D69/><U70/><E133/><N who="2" m="50699" /><F122/><W99/><G1/><T31/><D31/><U47/><E107/><V58/><F103/><W114/><G116/><T113/><D29/><U124/><E124/><V132/><N who="2" m="50707" /><V55/><DORA hai="6" /><F126/><W128/><G45/><N who="0" m="25663" /><D40/><U66/><E79/><V42/><F95/><N who="3" m="58623" /><G121/><T72/><D72/><U11/><E75/><V12/><F12/><W77/><G77/><N who="0" m="46159" /><D113/><N who="3" m="43625" /><G128/><T129/><D129/><U8/><E68/><V50/><F90/><W86/><G86/><T22/><D22/><U98/><E70/><V115/><F115/><W131/><G131/><T62/><D62/><U73/><E73/><V64/><F71/><W117/><G117/><T105/><D105/><U91/><E98/><V111/><F111/><W4/><AGARI ba="2,2" hai="4,10,14,37,39,80,81,83" m="43625,58623" machi="4" ten="30,2000,0" yaku="15,1,52,1" doraHai="52,6" who="3" fromWho="3" sc="219,-12,266,-7,124,-7,371,46" /><INIT seed="5,0,0,2,3,134" ten="207,259,117,417" oya="1" hai0="30,123,112,53,69,106,73,17,124,132,48,44,104" hai1="29,27,98,109,65,46,131,11,21,82,133,13,4" hai2="113,64,74,93,39,1,89,135,54,108,9,72,31" hai3="7,23,36,91,35,56,85,121,84,107,5,92,25"/><U68/><E109/><V90/><F108/><W51/><G35/><T49/><D132/><U126/><E133/><V2/><F135/><W118/><G36/><T116/><D116/><U75/><E131/><V43/><F64/><W50/><G107/><T3/><D69/><U120/><E120/><V100/><F100/><W38/><G38/><T42/><D123/><U94/><E46/><V127/><F31/><W66/><G121/><T60/><D60/><U33/><E126/><V6/><F113/><W47/><G84/><T122/><D124/><U105/><E82/><V55/><F127/><W52/><G118/><T32/><D73/><U88/><E75/><V63/><F63/><N who="3" m="38247" /><G50/><T71/><D71/><U58/><E68/><V81/><F93/><W110/><G110/><T67/><D67/><U114/><E114/><V83/><F9/><W128/><G128/><T99/><D3/><U101/><E58/><V86/><F39/><W59/><G59/><T14/><D112/><U96/><REACH who="1" step="1"/><E65/><REACH who="1" ten="207,249,117,417" step="2"/><V45/><F45/><W26/><G47/><T34/><D122/><U130/><E130/><V117/><F117/><W40/><G40/><T119/><D119/><U80/><E80/><V37/><F81/><W95/><G52/><T12/><D53/><U22/><AGARI ba="0,1" hai="4,11,13,21,22,27,29,33,88,94,96,98,101,105" machi="22" ten="30,11700,0" yaku="1,1,0,1,54,1,53,1" doraHai="134" doraHaiUra="8" who="1" fromWho="1" sc="207,-39,249,127,117,-39,417,-39" /><INIT seed="5,1,0,0,5,50" ten="168,376,78,378" oya="1" hai0="117,75,32,15,96,133,17,70,12,10,71,5,13" hai1="24,131,69,110,42,44,36,107,0,20,114,121,46" hai2="8,108,134,85,56,3,88,106,86,122,33,64,19" hai3="73,81,68,77,43,113,78,27,65,74,55,116,66"/><U49/><E121/><V11/><F122/><W83/><G113/><T57/><D117/><U30/><E131/><V47/><F108/><W18/><G43/><T31/><D75/><U48/><E114/><V93/><F134/><W41/><G41/><T58/><D133/><U52/><E69/><V6/><F106/><W14/><G116/><T25/><D96/><U1/><E110/><V89/><F33/><W35/><G68/><T29/><D29/><U67/><E67/><V21/><F47/><W103/><G103/><T84/><D84/><U135/><E135/><V34/><F34/><W119/><G119/><T2/><D58/><U23/><E107/><V120/><F120/><W28/><REACH who="3" step="1"/><G55/><REACH who="3" ten="168,376,78,368" step="2"/><T115/><D115/><U104/><E104/><V127/><F127/><W72/><G72/><T97/><D71/><U95/><E36/><V54/><F64/><W99/><G99/><T51/><D97/><U129/><E129/><V40/><F40/><W22/><AGARI ba="1,1" hai="14,18,22,27,28,35,65,66,73,74,77,78,81,83" machi="22" ten="20,5200,0" yaku="1,1,0,1,7,1,9,1,53,0" doraHai="50" doraHaiUra="100" who="3" fromWho="3" sc="168,-14,376,-27,78,-14,368,65" /><INIT seed="6,0,0,5,1,124" ten="154,349,64,433" oya="2" hai0="83,26,100,121,57,72,129,49,103,20,63,19,41" hai1="11,74,40,87,127,135,65,109,92,4,132,75,53" hai2="125,54,85,24,62,42,96,73,89,45,120,90,86" hai3="95,35,2,71,28,114,134,108,78,116,66,91,15"/><V110/><F120/><W61/><G2/><T34/><D121/><U46/><E109/><V55/><F125/><W16/><G108/><T12/><D129/><U67/><E127/><V56/><F110/><W102/><G102/><T82/><D34/><U80/><E53/><V119/><F73/><W69/><G116/><T112/><D112/><U7/><E92/><V36/><F119/><W64/><G78/><T5/><D72/><U52/><E74/><V59/><F24/><W1/><G1/><T106/><D106/><U33/><E75/><V98/><F86/><W105/><G105/><T37/><D37/><U8/><E33/><V99/><REACH who="2" step="1"/><F85/><REACH who="2" ten="154,349,54,433" step="2"/><W9/><G114/><T77/><D77/><U115/><E87/><V38/><F38/><W122/><G122/><T68/><D82/><U44/><E80/><V60/><AGARI ba="0,1" hai="36,42,45,54,55,56,59,60,62,89,90,96,98,99" machi="60" ten="30,18000,2" yaku="1,1,0,1,9,1,53,3" doraHai="124" doraHaiUra="94" who="2" fromWho="2" sc="154,-60,349,-60,54,190,433,-60" /><INIT seed="6,1,0,1,3,18" ten="94,289,244,373" oya="2" hai0="70,13,20,125,16,99,84,132,51,75,110,29,65" hai1="49,45,14,28,115,11,58,10,85,97,77,92,88" hai2="44,21,68,129,108,39,133,89,38,111,79,42,78" hai3="19,118,81,114,61,24,98,72,48,73,8,135,26"/><V40/><F68/><W117/><G48/><T33/><D110/><N who="2" m="42026" /><F129/><W55/><G61/><T30/><D75/><U90/><E115/><V104/><F104/><W96/><G55/><T59/><D70/><U12/><E28/><V56/><F133/><W113/><G19/><T53/><D132/><U47/><E77/><N who="2" m="29195" /><F56/><W109/><G135/><T119/><D125/><U6/><E58/><V105/><F105/><W122/><G109/><T130/><D130/><U43/><E47/><N who="2" m="23959" /><F89/><W25/><G114/><T91/><D119/><U120/><E120/><V76/><N who="2" m="29203" /><V34/><DORA hai="32" /><F34/><W107/><G113/><T83/><D33/><U121/><E121/><V52/><F52/><W93/><G107/><T116/><D116/><U82/><REACH who="1" step="1"/><E11/><REACH who="1" ten="94,279,244,373" step="2"/><V100/><F100/><W5/><G8/><T4/><D65/><U112/><E112/><V123/><F123/><W102/><G122/><T63/><D63/><U71/><E71/><V1/><F1/><AGARI ba="1,1" hai="1,6,10,12,14,43,45,49,82,85,88,90,92,97" machi="1" ten="30,7700,0" yaku="1,1,7,1,52,1,54,1,53,0" doraHai="18,32" doraHaiUra="23,131" who="1" fromWho="2" sc="94,0,279,90,244,-80,373,0" /><INIT seed="7,0,0,4,0,29" ten="94,369,164,373" oya="3" hai0="115,60,98,30,84,15,95,32,133,21,11,100,54" hai1="31,38,41,109,126,101,63,5,55,65,34,70,2" hai2="44,117,42,18,4,135,102,7,27,53,129,0,52" hai3="58,120,67,39,132,43,16,3,73,118,61,124,75"/><W108/><G118/><T99/><D32/><U17/><E17/><V114/><F117/><W122/><G3/><T47/><D133/><U68/><E126/><V23/><F114/><W37/><G132/><T97/><D115/><U13/><E13/><V134/><F129/><W105/><G105/><T72/><D72/><U57/><E109/><V110/><F110/><W106/><G106/><T92/><D84/><U82/><E101/><V107/><F134/><W91/><G108/><T104/><D104/><U127/><E127/><V56/><F135/><W20/><G124/><T62/><D30/><U45/><E82/><V77/><F53/><W66/><G66/><T76/><D76/><U40/><E40/><V69/><F69/><W26/><G91/><T35/><D35/><U14/><E14/><V33/><F33/><W86/><G86/><T50/><D21/><U71/><E5/><V116/><F0/><W22/><G22/><T51/><D51/><N who="1" m="30975" /><E2/><V123/><F77/><W87/><G87/><T79/><D79/><U8/><E8/><V94/><F94/><W128/><G128/><T103/><REACH who="0" step="1"/><D97/><REACH who="0" ten="84,369,164,373" step="2"/><U10/><E10/><V88/><F23/><W36/><G36/><T130/><D130/><U80/><E80/><V64/><F107/><W113/><G113/><T121/><D121/><N who="3" m="46697" /><G39/><T59/><D59/><U25/><AGARI ba="0,1" hai="25,31,34,38,41,45,63,65,68,70,71" m="30975" machi="25" ten="30,2000,0" yaku="24,1,52,1" doraHai="29" who="1" fromWho="1" sc="84,-5,369,30,164,-5,373,-10" owari="79,-42.0,399,50.0,159,-24.0,363,16.0" /></mjloggm>