<mjloggm ver="2.3"><GO type="169" lobby="0"/><UN n0="%E3%82%8A%E3%81%9D%E3%81%86%E3%81%A2%E3%82%83%E3%82%93%E3%81%97%E2%99%AA" n1="%E5%B1%B1%E5%B9%B8%E5%95%86%E5%BA%97" n2="%6D%69%6C%6C%72%65%65%66" n3="%49%72%69%73%2A" dan="16,16,17,18" rate="2024.64,2148.72,2190.19,2202.20" sx="M,M,M,F"/><TAIKYOKU oya="0"/><INIT seed="0,0,0,2,1,108" ten="250,250,250,250" oya="0" hai0="63,80,115,14,105,46,75,33,27,42,128,47,32" hai1="90,19,3,114,123,45,57,23,28,113,35,106,0" hai2="134,12,95,1,36,4,112,116,74,87,50,126,118" hai3="2,131,54,133,111,121,94,25,109,67,53,66,86"/><T55/><D128/><U82/><E106/><V89/><F36/><W99/><G2/><N who="1" m="554" /><E57/><V10/><F126/><W64/><G86/><T56/><D105/><U129/><E45/><V59/><F74/><W107/><G107/><T44/><D115/><N who="1" m="44043" /><E123/><V30/><F112/><W22/><G131/><T85/><D75/><U60/><E60/><V16/><F30/><N who="3" m="17719" /><G121/><T125/><D125/><U43/><E43/><V58/><F134/><W127/><G133/><T26/><D42/><U100/><E100/><V110/><F110/><N who="3" m="41995" /><G127/><T98/><D47/><U9/><E9/><V135/><F135/><W88/><AGARI ba="0,0" hai="53,54,64,66,67,88,94,99" m="41995,17719" machi="88" ten="30,2000,0" yaku="14,1,54,1" doraHai="108" who="3" fromWho="3" sc="250,-10,250,-5,250,-5,250,20" /><INIT seed="1,0,0,5,5,17" ten="240,245,245,270" oya="1" hai0="88,67,114,16,128,2,64,82,109,115,19,134,60" hai1="103,108,87,96,75,99,110,62,135,72,39,48,111" hai2="123,107,7,84,50,73,42,68,126,71,8,47,101" hai3="29,52,76,86,25,21,98,124,112,119,40,129,1"/><U92/><E39/><V10/><F73/><N who="1" m="28233" /><E48/><V14/><F123/><W44/><G1/><T56/><D134/><U6/><E62/><V63/><F126/><W34/><G124/><T24/><D128/><U57/><E57/><V77/><F63/><W133/><G129/><T106/><D2/><U22/><E6/><V4/><F107/><W9/><G133/><T81/><D106/><N who="1" m="63847" /><E135/><V104/><F104/><W54/><G9/><T46/><D46/><U43/><E43/><V65/><F101/><W13/><G54/><T23/><D114/><U91/><E22/><V53/><F65/><W35/><G52/><N who="0" m="33799" /><D115/><U49/><E49/><V121/><F121/><W55/><G55/><T95/><D19/><U102/><E102/><V78/><F53/><W90/><G40/><T127/><D127/><U113/><E113/><V120/><F120/><W131/><G44/><T18/><D18/><U32/><E32/><V38/><F38/><W11/><G112/><T125/><D125/><U3/><E3/><V31/><F31/><W117/><G34/><T5/><D5/><U26/><E26/><V69/><F7/><N who="3" m="3327" /><G35/><T116/><D67/><U94/><E99/><V83/><REACH who="2" step="1"/><F10/><REACH who="2" ten="240,245,235,270" step="2"/><W85/><G131/><T41/><D64/><U80/><AGARI ba="0,1" hai="80,87,91,92,94,108,110,111" m="63847,28233" machi="80" ten="40,12000,1" yaku="14,1,10,1,34,2" doraHai="17" who="1" fromWho="1" sc="240,-40,245,130,235,-40,270,-40" /><INIT seed="1,1,0,2,1,111" ten="200,375,195,230" oya="1" hai0="2,103,81,46,80,44,5,89,66,129,37,78,107" hai1="8,35,26,1,33,76,133,67,118,121,130,21,75" hai2="7,56,126,69,27,45,101,127,23,110,104,20,100" hai3="109,77,22,60,64,131,25,114,108,117,43,32,57"/><U13/><E67/><V123/><F69/><W86/><G32/><N who="1" m="12362" /><E76/><V134/><F110/><N who="3" m="42603" /><G117/><T124/><D2/><U85/><E85/><V72/><F72/><W105/><G105/><T112/><D5/><N who="1" m="1071" /><E75/><V16/><F7/><W10/><G10/><T52/><D66/><U31/><E118/><V113/><F123/><W49/><G43/><T36/><D103/><U90/><E90/><V115/><F56/><W87/><G49/><T50/><D107/><U120/><E133/><V12/><F134/><W18/><G86/><T84/><D46/><U94/><E94/><V99/><F45/><W116/><G116/><T73/><D37/><U65/><E65/><V29/><F101/><W51/><G51/><T79/><D36/><U39/><E39/><V119/><F119/><W42/><G42/><T0/><D78/><U53/><E53/><V95/><F104/><W6/><G77/><T40/><D79/><U38/><E38/><V41/><F41/><W47/><G87/><T82/><D73/><U55/><E55/><V63/><F63/><W98/><G47/><T54/><D40/><U92/><E92/><V128/><F128/><W135/><G131/><T83/><D129/><U3/><E3/><V68/><F68/><W71/><G71/><T61/><D0/><U70/><E70/><V15/><REACH who="2" step="1"/><F12/><REACH who="2" ten="200,375,185,230" step="2"/><N who="3" m="9543" /><G135/><T122/><D61/><U9/><E130/><V96/><F96/><W93/><G60/><T11/><D44/><U97/><E97/><V48/><F48/><W4/><G98/><T14/><D50/><U17/><AGARI ba="1,1" hai="9,13,17,21,26,31,120,121" m="1071,12362" machi="17" ten="30,3000,0" yaku="34,2" doraHai="111" who="1" fromWho="1" sc="200,-11,375,43,185,-11,230,-11" /><INIT seed="1,2,0,3,5,17" ten="189,418,174,219" oya="1" hai0="102,130,9,113,42,15,5,61,107,23,96,81,60" hai1="84,29,108,30,74,66,79,106,98,19,49,80,129" hai2="6,12,36,85,90,123,64,91,119,99,34,88,133" hai3="75,95,111,44,33,112,13,18,94,51,132,110,114"/><U55/><E66/><V63/><F36/><W67/><G75/><T21/><D113/><U104/><E129/><V103/><F123/><W82/><G33/><T40/><D130/><U86/><E106/><V0/><F119/><W41/><G132/><T69/><D81/><U27/><E104/><V28/><F0/><W10/><G67/><T57/><D69/><U116/><E98/><V72/><F72/><W46/><G82/><T50/><D50/><U65/><E65/><V14/><F133/><W105/><G105/><T52/><REACH who="0" step="1"/><D61/><REACH who="0" ten="179,418,174,219" step="2"/><U25/><E116/><V134/><F134/><W16/><G112/><T68/><D68/><U101/><E80/><V45/><F63/><W22/><G114/><T125/><D125/><U120/><E74/><V11/><F85/><W62/><G62/><T47/><D47/><U3/><E49/><V26/><F45/><W126/><G126/><T38/><D38/><U131/><E86/><V124/><F124/><W78/><G78/><T71/><D71/><U87/><E84/><V56/><F56/><W100/><G46/><T109/><D109/><N who="3" m="41481" /><G100/><T53/><D53/><U127/><E101/><V89/><F64/><W31/><G51/><T117/><D117/><U35/><E108/><V43/><F43/><AGARI ba="2,1" hai="5,9,15,21,23,40,42,43,52,57,60,96,102,107" machi="43" ten="40,8000,1" yaku="1,1,52,2,54,1,53,0" doraHai="17" doraHaiUra="73" who="0" fromWho="2" sc="179,96,418,0,174,-86,219,0" /><INIT seed="2,0,0,5,1,15" ten="275,418,88,219" oya="2" hai0="96,110,129,91,80,92,132,3,122,126,60,30,100" hai1="22,90,134,107,123,109,74,111,33,119,64,112,61" hai2="118,24,42,31,54,29,18,87,71,10,121,56,34" hai3="57,93,66,65,26,12,17,28,127,98,59,2,6"/><V95/><F71/><W101/><G127/><T68/><D122/><U77/><E33/><V135/><F121/><W32/><G59/><T108/><D126/><U11/><E107/><V63/><F118/><W20/><REACH who="3" step="1"/><G57/><REACH who="3" ten="275,418,88,209" step="2"/><T78/><D110/><N who="1" m="41995" /><E123/><V40/><F135/><W115/><G115/><T131/><D132/><U76/><E134/><V36/><F36/><W38/><G38/><T70/><D108/><U114/><E119/><V73/><F73/><W35/><G35/><T47/><D68/><U85/><E74/><V55/><F34/><W94/><G94/><T67/><D70/><U97/><E114/><V116/><F116/><W86/><G86/><T128/><D92/><U83/><E97/><V113/><F113/><W104/><G104/><T88/><D129/><U75/><E75/><V9/><F95/><W43/><G43/><N who="2" m="16425" /><F87/><W8/><AGARI ba="0,1" hai="2,6,8,12,17,20,26,28,32,65,66,93,98,101" machi="8" ten="30,8000,1" yaku="1,1,0,1,24,2,52,1,53,0" doraHai="15" doraHaiUra="46" who="3" fromWho="3" sc="275,-20,418,-20,88,-40,209,90" /><INIT seed="3,0,0,1,2,93" ten="255,398,48,299" oya="3" hai0="102,13,43,87,29,68,114,113,52,78,134,80,6" hai1="126,97,59,41,44,27,48,77,122,92,106,67,46" hai2="89,107,20,10,54,36,31,84,75,4,95,74,19" hai3="120,81,39,85,50,112,130,66,49,38,83,5,14"/><W56/><G112/><N who="0" m="43115" /><D134/><U22/><E106/><V35/><F36/><W23/><G120/><T108/><D108/><U124/><E122/><V128/><F107/><W57/><G130/><T42/><D29/><U24/><E77/><V63/><F128/><W133/><G133/><T40/><D68/><U37/><E59/><V116/><F116/><W69/><G69/><T53/><D102/><U72/><E72/><V105/><F105/><W61/><G39/><T58/><D58/><U118/><E67/><V110/><F110/><W76/><G38/><T86/><D86/><U26/><E118/><V1/><F63/><W111/><G111/><T60/><D60/><U47/><E47/><V98/><F54/><W88/><G57/><T123/><D123/><U101/><REACH who="1" step="1"/><E22/><REACH who="1" ten="255,388,48,299" step="2"/><V33/><F33/><W2/><G23/><T70/><D70/><U96/><E96/><V25/><REACH who="2" step="1"/><F84/><REACH who="2" ten="255,388,38,299" step="2"/><N who="3" m="50191" /><G66/><T119/><D119/><U45/><E45/><V104/><F104/><W21/><G85/><T62/><D62/><U115/><E115/><V94/><F94/><W55/><G61/><T100/><D87/><U79/><E79/><V16/><F16/><W11/><G76/><T121/><D78/><U0/><E0/><V34/><F34/><W90/><G2/><T65/><D121/><U109/><E109/><V28/><F28/><W103/><G55/><AGARI ba="0,2" hai="24,26,27,37,41,44,46,48,55,92,97,101,124,126" machi="55" ten="40,2600,0" yaku="1,1,52,1,53,0" doraHai="93" doraHaiUra="3" who="1" fromWho="3" sc="255,0,388,46,38,0,299,-26" /><INIT seed="4,0,0,3,5,66" ten="255,434,38,273" oya="0" hai0="98,124,77,129,17,50,59,107,7,43,131,106,72" hai1="39,83,13,40,51,38,5,11,84,74,116,15,69" hai2="95,34,35,119,122,24,62,113,103,26,99,3,57" hai3="9,14,115,86,2,96,104,111,110,118,135,93,16"/><T108/><D124/><U21/><E74/><V120/><F3/><W81/><G118/><T47/><D108/><U78/><E69/><V25/><F119/><W32/><G104/><T85/><D7/><U114/><E114/><V92/><F113/><W125/><G115/><T23/><D72/><U64/><E64/><V112/><F112/><W75/><G75/><T109/><D109/><U20/><E116/><V42/><F42/><W44/><G32/><T36/><D36/><N who="1" m="13867" /><E15/><V60/><F57/><W79/><G135/><T87/><D59/><U56/><E56/><V127/><F127/><W117/><G117/><T30/><D30/><U89/><E89/><V90/><F90/><W29/><G29/><T126/><D126/><U121/><E121/><V28/><F28/><W0/><G125/><T130/><D98/><U52/><E52/><V80/><F80/><W76/><G2/><T55/><D43/><U94/><E94/><V73/><F73/><W61/><G0/><T67/><D67/><U123/><E123/><V54/><F54/><W102/><G76/><T134/><D134/><U97/><E97/><V18/><F99/><W6/><G44/><AGARI ba="0,0" hai="5,11,13,20,21,40,44,51,78,83,84" m="13867" machi="44" ten="30,1000,0" yaku="25,1" doraHai="66" who="1" fromWho="3" sc="255,0,434,10,38,0,273,-10" /><INIT seed="5,0,0,3,1,113" ten="255,444,38,263" oya="1" hai0="2,132,103,63,94,26,79,54,46,121,92,24,123" hai1="124,126,6,125,51,98,112,106,39,41,62,3,56" hai2="27,69,44,29,37,97,85,7,133,16,52,5,119" hai3="20,22,4,101,33,114,36,93,130,77,1,42,118"/><U73/><E73/><V116/><F69/><W115/><G33/><T122/><D2/><U68/><E6/><V35/><F85/><W8/><G130/><T50/><D132/><U43/><E3/><V76/><F76/><W86/><G101/><T88/><D79/><U83/><E83/><V129/><F133/><W110/><G110/><T100/><D63/><U55/><E112/><N who="3" m="43050" /><G118/><T12/><D12/><U80/><E80/><V128/><F97/><W120/><G120/><T9/><D9/><U18/><E18/><V60/><F37/><W34/><G34/><T64/><D64/><N who="1" m="40983" /><E39/><V28/><F28/><W66/><G77/><T96/><REACH who="0" step="1"/><D103/><AGARI ba="0,0" hai="41,43,51,55,56,98,103,106,124,125,126" m="40983" machi="103" ten="30,1500,0" yaku="18,1" doraHai="113" who="1" fromWho="0" sc="255,-15,444,15,38,0,263,0" /><INIT seed="5,1,0,3,4,76" ten="240,459,38,263" oya="1" hai0="71,93,113,81,74,91,112,133,123,64,19,129,53" hai1="130,122,63,30,128,85,86,83,48,109,66,41,31" hai2="18,95,49,106,40,118,57,105,10,134,61,87,79" hai3="104,3,121,69,96,37,62,120,77,11,72,119,68"/><U32/><E122/><V20/><F118/><W80/><G119/><T21/><D133/><U24/><E30/><V94/><F134/><W54/><G54/><T67/><D129/><N who="1" m="49771" /><E86/><V43/><F106/><W13/><G13/><T135/><D135/><U65/><E109/><V17/><F105/><W36/><G120/><T26/><D123/><U101/><E101/><V25/><F95/><W12/><G12/><T50/><D71/><N who="3" m="27209" /><G62/><T0/><D0/><U92/><E92/><V38/><F38/><W102/><G121/><T88/><D74/><U115/><E115/><N who="0" m="44105" /><D93/><U131/><E131/><V90/><F49/><W124/><G124/><T39/><D39/><U44/><E63/><V55/><F10/><W51/><G51/><T33/><D33/><U27/><E24/><V116/><F116/><W15/><G15/><T103/><D103/><U14/><E14/><V34/><F34/><W84/><G84/><N who="0" m="50191" /><D91/><AGARI ba="1,0" hai="27,31,32,41,44,48,65,66,83,85,91" m="49771" machi="91" ten="30,2900,0" yaku="19,1,52,1" doraHai="76" who="1" fromWho="0" sc="240,-32,459,32,38,0,263,0" /><INIT seed="5,2,0,2,5,128" ten="208,491,38,263" oya="1" hai0="112,9,34,115,129,83,110,35,79,95,44,55,5" hai1="131,27,38,49,61,39,75,21,65,84,24,64,28" hai2="58,37,109,71,59,126,68,56,26,13,73,76,69" hai3="101,93,124,4,72,36,122,48,19,121,53,80,67"/><U82/><E75/><V31/><F109/><W86/><G36/><T111/><D129/><U120/><E131/><V32/><F13/><W134/><G72/><T87/><D95/><U70/><E65/><V105/><F105/><W116/><G4/><T17/><D17/><U66/><E66/><V130/><F130/><W2/><G2/><T1/><D44/><U51/><E120/><V12/><F12/><W102/><G67/><T15/><D55/><U74/><E74/><V30/><F37/><W94/><G19/><T132/><D1/><U0/><E0/><V103/><F103/><N who="3" m="39435" /><G53/><T85/><D85/><U81/><E81/><V99/><F99/><W3/><G48/><T113/><REACH who="0" step="1"/><D132/><REACH who="0" ten="198,491,38,263" step="2"/><U29/><E39/><V96/><F96/><W40/><G3/><T88/><D88/><U43/><E38/><V125/><F31/><W46/><G94/><T114/><N who="0" m="28672" /><DORA hai="108" /><T50/><D50/><U22/><E43/><V18/><REACH who="2" step="1"/><F18/><REACH who="2" ten="198,491,28,263" step="2"/><W41/><G122/><T42/><D42/><U10/><E51/><V106/><F106/><W118/><G121/><T14/><D14/><U16/><E49/><V62/><F62/><W52/><G41/><T107/><D107/><U98/><E98/><V7/><F7/><W89/><G40/><T20/><D20/><U117/><E16/><V6/><F6/><W123/><G123/><T11/><D11/><U90/><E10/><V23/><F23/><W63/><G63/><T104/><D104/><U54/><E54/><V45/><F45/><W77/><G52/><T119/><D119/><AGARI ba="2,2" hai="21,22,24,27,28,29,61,64,70,82,84,90,117,119" machi="119" ten="40,2000,0" yaku="9,1" doraHai="128,108" who="1" fromWho="0" sc="198,-26,491,46,28,0,263,0" /><INIT seed="5,3,0,2,0,52" ten="172,537,28,263" oya="1" hai0="99,94,77,65,21,132,103,68,17,100,29,127,96" hai1="135,91,46,105,1,81,125,121,13,56,9,28,7" hai2="118,131,14,40,22,18,110,106,69,89,58,61,82" hai3="124,109,90,30,67,42,57,92,62,38,119,93,45"/><U43/><E105/><V108/><F106/><W70/><G109/><T3/><D3/><U123/><E135/><V129/><F69/><W8/><G124/><T134/><D127/><U11/><E125/><V39/><F118/><W98/><G119/><T2/><D2/><U80/><E28/><V33/><F33/><W73/><G73/><T27/><D77/><U12/><E1/><V54/><F40/><W76/><G76/><T107/><D65/><U34/><E34/><V86/><REACH who="2" step="1"/><F39/><REACH who="2" ten="172,537,18,263" step="2"/><W126/><G126/><T55/><D68/><U41/><E123/><V115/><F115/><W51/><G38/><T85/><D132/><U50/><E121/><V24/><F24/><W78/><G70/><T25/><D134/><U114/><E114/><V63/><F63/><W88/><G62/><T35/><D55/><U15/><E41/><V53/><F53/><W113/><G42/><T4/><D4/><U84/><E56/><V87/><F87/><W101/><G57/><T47/><D85/><U66/><E66/><V44/><F44/><W31/><G67/><T10/><D47/><U20/><E81/><V59/><F59/><W32/><G32/><T95/><D10/><U26/><E11/><V19/><F19/><W117/><G113/><T48/><D48/><U116/><E116/><V133/><F133/><W74/><G8/><T0/><D107/><U79/><E79/><V37/><F37/><W72/><G117/><T60/><D60/><U112/><E112/><V111/><AGARI ba="3,1" hai="14,18,22,54,58,61,82,86,89,108,110,111,129,131" machi="111" ten="40,5200,0" yaku="1,1,0,1,52,1,53,0" doraHai="52" doraHaiUra="97" who="2" fromWho="2" sc="172,-16,537,-29,18,71,263,-16" /><INIT seed="6,0,0,3,4,112" ten="156,508,89,247" oya="2" hai0="116,128,12,68,51,31,3,20,27,26,42,33,106" hai1="43,99,70,0,23,34,79,98,80,50,38,7,87" hai2="115,85,81,47,104,78,82,122,111,45,64,120,37" hai3="102,39,9,90,126,91,89,30,60,24,55,65,25"/><V121/><F104/><W4/><G39/><T114/><D114/><U76/><E34/><V77/><F115/><W53/><G102/><T13/><D3/><U18/><E70/><V100/><F100/><W107/><G107/><T105/><D128/><U123/><E79/><V2/><F2/><W127/><G55/><T15/><D68/><U57/><E123/><V93/><F64/><W83/><G53/><T56/><D116/><U130/><E130/><V109/><F93/><W101/><G101/><T67/><D67/><U17/><E17/><V32/><F32/><W14/><G83/><N who="2" m="31753" /><F85/><W6/><G6/><T86/><D86/><U135/><E135/><V49/><F37/><W96/><G96/><T28/><REACH who="0" step="1"/><D56/><REACH who="0" ten="146,508,89,247" step="2"/><U8/><E43/><N who="2" m="24767" /><F47/><AGARI ba="0,1" hai="12,13,15,20,26,27,28,31,33,42,47,51,105,106" machi="47" ten="40,1300,0" yaku="1,1,53,0" doraHai="112" doraHaiUra="113" who="0" fromWho="2" sc="146,23,508,0,89,-13,247,0" /><INIT seed="7,0,0,4,5,8" ten="169,508,76,247" oya="3" hai0="100,80,127,132,95,94,107,17,26,2,108,102,115" hai1="92,97,116,119,48,64,1,113,34,131,66,49,18" hai2="103,3,46,52,11,39,25,23,42,62,69,30,37" hai3="89,13,55,83,71,51,118,20,72,78,19,110,111"/><W5/><G118/><N who="1" m="45098" /><E34/><V73/><F73/><W82/><G71/><T27/><D80/><U40/><E1/><V84/><F103/><W86/><REACH who="3" step="1"/><G5/><REACH who="3" ten="169,508,76,237" step="2"/><T91/><D108/><U16/><E131/><V14/><F69/><W125/><G125/><T9/><D127/><U44/><E113/><V77/><F3/><W112/><G112/><T32/><D115/><U10/><E49/><V24/><F39/><W6/><G6/><T35/><D2/><U124/><E124/><V128/><F128/><W47/><AGARI ba="0,1" hai="13,19,20,47,51,55,72,78,82,83,86,89,110,111" machi="47" ten="30,6000,0" yaku="1,1,0,1,52,1,53,0" doraHai="8" doraHaiUra="54" who="3" fromWho="3" sc="169,-20,508,-20,76,-20,237,70" /><INIT seed="7,1,0,3,1,31" ten="149,488,56,307" oya="3" hai0="0,48,93,67,79,106,99,70,86,134,120,116,17" hai1="46,24,32,105,4,111,119,113,56,64,89,18,87" hai2="133,47,109,123,50,10,80,40,122,126,75,100,114" hai3="129,74,54,72,1,135,28,84,65,110,29,61,85"/><W9/><G54/><T103/><D0/><U5/><E105/><V107/><F109/><W55/><G55/><T53/><D120/><U22/><E111/><V44/><F114/><W41/><G41/><T11/><D134/><U121/><E121/><V35/><F123/><W52/><G110/><T131/><D131/><U26/><E113/><V49/><F122/><W98/><G135/><T37/><D37/><U108/><E108/><V7/><F133/><W90/><G98/><T76/><D116/><U34/><E34/><V21/><F21/><W16/><G84/><T78/><D67/><U45/><E32/><V81/><F126/><W8/><G1/><T73/><D70/><U97/><E26/><V130/><F130/><W30/><G129/><T6/><D6/><N who="1" m="2667" /><E97/><V117/><F117/><W68/><G52/><T12/><D73/><U69/><E69/><V128/><F128/><W62/><G62/><T118/><D118/><U112/><E112/><V60/><F60/><W2/><G2/><T42/><D42/><U3/><E3/><V83/><F75/><W127/><G127/><T95/><D86/><U102/><E102/><V19/><F7/><W63/><G63/><T39/><D39/><U51/><E119/><V23/><F10/><N who="3" m="4203" /><G16/><T13/><D13/><U33/><E33/><V43/><F35/><W59/><G68/><T58/><AGARI ba="1,0" hai="11,12,17,48,53,58,76,78,79,93,95,99,103,106" machi="58" ten="30,1100,0" yaku="0,1" doraHai="31" who="0" fromWho="0" sc="149,14,488,-4,56,-4,307,-6" owari="163,-24.0,484,59.0,52,-45.0,301,10.0" /></mjloggm>