<mjloggm ver="2.3"><GO type="169" lobby="0"/><UN n0="%E3%83%94%E3%83%A7%E3%83%B3%E5%90%89" n1="%E3%83%99%E3%82%BF%E3%82%AA%E3%83%AA%E3%83%BC%E3%83%81%EF%BC%81" n2="%67%69%6A%79%75%74%75" n3="%E2%98%85%4C%55%43%4B" dan="17,16,16,16" rate="2122.80,2103.20,2140.19,2107.81" sx="F,M,M,M"/><TAIKYOKU oya="0"/><INIT seed="0,0,0,5,0,118" ten="250,250,250,250" oya="0" hai0="21,73,103,98,109,135,74,68,22,13,96,51,124" hai1="6,43,20,104,84,90,64,3,57,100,38,79,4" hai2="28,107,33,31,130,119,16,95,127,56,0,114,42" hai3="46,14,92,12,83,7,37,2,24,60,5,30,134"/><T50/><D68/><U23/><E79/><V72/><F42/><W18/><G134/><T15/><D135/><U102/><E38/><V121/><F95/><W93/><G60/><T67/><D103/><N who="1" m="39467" /><E3/><V116/><F16/><W91/><G83/><T71/><D71/><U77/><E77/><V44/><F44/><W41/><G14/><T63/><D63/><N who="1" m="37999" /><E43/><V48/><F0/><W80/><G80/><T122/><D67/><U78/><E78/><V113/><F33/><W75/><G93/><T32/><D32/><U112/><E112/><V111/><F107/><W65/><G65/><T36/><D36/><U70/><E70/><V17/><F72/><W117/><G117/><T29/><D29/><U87/><E87/><V132/><F132/><W52/><G75/><T59/><D59/><U110/><E110/><V58/><F111/><W105/><G105/><T108/><REACH who="0" step="1"/><D124/><REACH who="0" ten="240,250,250,250" step="2"/><U66/><E66/><V126/><F127/><W19/><G37/><T99/><D99/><U97/><E97/><V123/><F126/><W11/><G2/><T88/><D88/><U53/><E90/><V61/><F116/><W39/><G91/><T1/><D1/><U26/><E104/><V34/><F119/><W106/><G106/><T25/><D25/><U89/><E26/><V115/><F34/><W128/><G24/><T69/><D69/><U120/><E89/><V54/><F114/><W81/><G39/><T8/><D8/><U47/><E23/><V94/><F113/><W10/><G10/><T9/><D9/><U35/><E20/><V76/><F115/><W62/><G11/><RYUUKYOKU ba="0,1" sc="240,30,250,-10,250,-10,250,-10" hai0="13,15,21,22,50,51,73,74,96,98,108,109,122" /><INIT seed="0,1,1,2,3,108" ten="270,240,240,240" oya="0" hai0="16,112,71,104,99,60,129,88,13,29,81,57,121" hai1="76,115,66,4,75,65,80,109,111,12,69,82,46" hai2="78,86,20,125,114,6,87,113,40,107,47,124,122" hai3="61,68,2,59,94,5,63,30,54,32,91,118,126"/><T67/><D121/><U116/><E116/><V132/><F122/><W41/><G118/><T35/><D112/><N who="2" m="43114" /><F6/><W72/><G72/><T11/><D129/><U26/><E115/><V0/><F0/><W134/><G41/><T21/><D35/><U48/><E69/><V119/><F119/><W27/><G5/><T51/><D104/><U135/><E26/><V128/><F128/><W110/><G2/><T73/><D73/><U84/><E12/><V1/><F1/><W34/><G34/><T83/><D71/><U14/><E14/><V24/><F107/><W131/><G131/><T7/><D51/><U101/><E101/><V28/><F78/><W31/><G31/><T56/><D56/><U93/><E93/><V64/><F64/><W38/><G38/><T74/><D74/><U36/><E36/><N who="2" m="21895" /><F132/><W33/><G33/><T17/><D29/><U103/><E4/><V37/><F37/><W127/><G134/><T117/><D117/><U106/><E135/><V53/><F53/><W23/><G32/><T58/><D57/><U102/><E106/><V42/><F42/><W79/><G79/><T19/><REACH who="0" step="1"/><D21/><REACH who="0" ten="260,240,240,240" step="2"/><U45/><E75/><V97/><F97/><W18/><G30/><T15/><D15/><U50/><E48/><V90/><F90/><W22/><G22/><T55/><D55/><U120/><E50/><V133/><F133/><W105/><G105/><T25/><D25/><U96/><E96/><V100/><F100/><W89/><G27/><T49/><D49/><U92/><E120/><V9/><F9/><W130/><G130/><T77/><D77/><RYUUKYOKU ba="1,2" sc="260,15,240,-15,240,15,240,-15" hai0="7,11,13,16,17,19,58,60,67,81,83,88,99" hai2="20,24,28,86,87,124,125" /><INIT seed="0,2,2,0,0,95" ten="275,225,255,225" oya="0" hai0="45,43,121,88,59,86,120,115,133,3,65,76,9" hai1="123,91,40,96,19,109,16,50,94,6,118,81,24" hai2="71,48,20,37,78,98,18,128,85,80,54,36,42" hai3="13,135,101,64,112,44,11,113,57,75,67,63,38"/><T119/><D115/><U34/><E118/><V30/><F71/><W107/><G75/><T70/><D119/><U29/><E123/><V4/><F128/><W0/><G0/><T79/><D70/><U28/><E109/><V7/><F30/><W60/><G135/><T5/><D133/><U87/><E6/><V56/><F36/><W1/><G1/><T116/><D116/><U10/><E10/><V26/><F42/><W74/><G74/><T25/><D25/><U39/><E39/><V130/><F37/><W122/><G122/><T90/><D90/><U127/><E127/><V105/><F130/><W66/><G101/><T89/><D89/><U114/><E114/><V55/><F105/><W68/><G107/><T23/><D23/><U102/><REACH who="1" step="1"/><E28/><REACH who="1" ten="275,215,255,225" step="2"/><V2/><F2/><W22/><G113/><T92/><D120/><U47/><AGARI ba="2,3" hai="16,19,24,29,34,40,47,50,81,87,91,94,96,102" machi="47" ten="30,8000,1" yaku="1,1,2,1,0,1,52,1,54,1,53,0" doraHai="95" doraHaiUra="69" who="1" fromWho="1" sc="275,-42,215,116,255,-22,225,-22" /><INIT seed="1,0,0,5,4,22" ten="233,331,233,203" oya="1" hai0="114,112,5,32,17,52,133,132,105,101,99,42,14" hai1="21,2,50,56,67,3,57,49,0,113,72,89,135" hai2="54,79,9,95,58,126,131,127,130,103,38,34,45" hai3="85,25,29,26,47,18,12,33,48,94,128,10,88"/><U36/><E113/><V123/><F34/><W78/><G128/><N who="2" m="49193" /><F9/><W77/><REACH who="3" step="1"/><G26/><REACH who="3" ten="233,331,233,193" step="2"/><T81/><D112/><U110/><E110/><V100/><F123/><W24/><G24/><T6/><D114/><U39/><E135/><V120/><F120/><W60/><G60/><T97/><D133/><U66/><E0/><V19/><F19/><W122/><G122/><T124/><D132/><U83/><E2/><V11/><F11/><W119/><G119/><T93/><D17/><U62/><E3/><V44/><F79/><W71/><G71/><T69/><D69/><U16/><E16/><V116/><F116/><W74/><G74/><T65/><D5/><U90/><E62/><N who="2" m="36183" /><F95/><W61/><G61/><T46/><D6/><U125/><E72/><V82/><F82/><W134/><G134/><T91/><D81/><U27/><E83/><V30/><F30/><W37/><G37/><T96/><D93/><U75/><E75/><V40/><F45/><W98/><G98/><T28/><D96/><U35/><E27/><V4/><F4/><W109/><G109/><T115/><D97/><U20/><E35/><V80/><F80/><W117/><G117/><T64/><D32/><U43/><E39/><V129/><F129/><W51/><G51/><T23/><D99/><U102/><E36/><V13/><F13/><W1/><G1/><T31/><D14/><U87/><E20/><V92/><F92/><W121/><G121/><T86/><D23/><U111/><E21/><V55/><F38/><W118/><G118/><T104/><D115/><U59/><E111/><V53/><F44/><RYUUKYOKU ba="0,1" sc="233,-10,331,-10,233,-10,193,30" hai3="10,12,18,25,29,33,47,48,77,78,85,88,94" /><INIT seed="2,1,1,5,5,13" ten="223,321,223,223" oya="2" hai0="32,2,76,27,31,37,16,40,115,84,42,15,81" hai1="19,61,78,85,100,86,14,74,17,65,124,96,18" hai2="103,57,1,133,11,28,110,33,53,131,49,58,97" hai3="112,23,123,70,119,52,92,73,99,29,6,82,122"/><V21/><F33/><W120/><G119/><T109/><D115/><U94/><E124/><V39/><F39/><W118/><G118/><T111/><D2/><U91/><E74/><V54/><F131/><W89/><G70/><T135/><D135/><U38/><E38/><V44/><F133/><W34/><G6/><T75/><D75/><U83/><E61/><V45/><F110/><N who="0" m="41994" /><D37/><U128/><E128/><V3/><F3/><W87/><G34/><T127/><D127/><U77/><E65/><V51/><F1/><W47/><G73/><T4/><D4/><U114/><E114/><V93/><F11/><AGARI ba="1,1" hai="11,15,16,27,31,32,40,42,76,81,84" m="41994" machi="11" ten="30,3900,0" yaku="14,1,52,1,54,1" doraHai="13" who="0" fromWho="2" sc="223,52,321,0,223,-42,223,0" /><INIT seed="3,0,0,4,0,101" ten="275,321,181,223" oya="3" hai0="40,44,19,73,110,128,7,68,108,117,112,134,30" hai1="124,65,23,93,56,11,42,102,45,72,90,61,91" hai2="64,54,75,59,8,32,121,14,113,15,123,5,79" hai3="36,119,129,98,83,89,9,21,78,29,103,46,47"/><W109/><G119/><T25/><D68/><U10/><E72/><V80/><F32/><W92/><G129/><T88/><D117/><U35/><E35/><V51/><F113/><W71/><G71/><T115/><D73/><U87/><E124/><V12/><REACH who="2" step="1"/><F64/><REACH who="2" ten="275,321,171,223" step="2"/><W131/><G131/><T74/><D128/><U0/><E65/><V48/><F48/><W2/><G36/><T62/><D115/><U86/><E61/><V4/><F4/><W1/><G109/><T70/><D7/><U41/><E56/><V135/><F135/><W3/><G9/><T66/><D112/><U99/><E11/><V94/><F94/><W100/><G21/><T52/><D110/><U76/><E93/><V126/><F126/><W116/><G116/><T37/><D108/><U133/><E23/><V17/><F17/><W81/><G29/><T16/><D16/><U97/><E10/><V127/><F127/><W31/><G31/><T22/><D30/><U106/><E133/><V34/><F34/><W57/><G57/><T132/><D132/><U27/><E45/><V105/><F105/><W26/><G46/><T125/><D134/><U33/><E106/><V6/><F6/><W28/><G47/><T96/><D125/><U111/><E33/><V58/><F58/><W130/><G130/><T69/><D19/><U43/><E111/><V95/><F95/><W107/><G107/><T84/><D22/><U120/><E120/><AGARI ba="0,1" hai="5,8,12,14,15,51,54,59,75,79,80,120,121,123" machi="120" ten="40,2600,0" yaku="1,1,13,1,53,0" doraHai="101" doraHaiUra="82" who="2" fromWho="1" sc="275,0,321,-26,171,36,223,0" /><INIT seed="4,0,0,0,0,40" ten="275,295,207,223" oya="0" hai0="70,110,24,82,116,122,23,134,120,69,61,13,97" hai1="56,17,14,37,54,4,21,94,39,133,25,64,100" hai2="0,48,29,33,44,125,38,34,90,60,20,76,53" hai3="126,81,128,65,107,84,49,77,50,99,92,95,1"/><T63/><D116/><U27/><E133/><V80/><F125/><W28/><G126/><T103/><D134/><U51/><E39/><V46/><F0/><W75/><G1/><T8/><D110/><U74/><E74/><V30/><F90/><W55/><G128/><T118/><D118/><U88/><E37/><V19/><F60/><W52/><G65/><T91/><D63/><U11/><E100/><V5/><F5/><W85/><G28/><T6/><D82/><U59/><E64/><V2/><F2/><W43/><G107/><T79/><D79/><U135/><E135/><V15/><F33/><W86/><G43/><T10/><D91/><U111/><E111/><V42/><REACH who="2" step="1"/><F34/><REACH who="2" ten="275,295,197,223" step="2"/><W129/><G129/><T12/><D61/><U31/><E31/><V101/><F101/><W106/><G99/><T87/><D97/><U83/><E83/><V22/><F22/><W72/><G106/><T124/><D103/><U41/><E21/><V58/><F58/><N who="3" m="33047" /><G81/><T62/><D124/><U112/><E4/><V89/><F89/><W132/><G132/><T47/><D69/><U104/><E104/><V98/><F98/><W113/><G77/><T18/><D70/><U109/><E59/><V127/><F127/><W73/><G113/><T115/><D115/><U32/><E112/><V9/><F9/><W3/><G3/><T35/><D35/><U26/><E32/><V93/><F93/><W130/><G130/><T96/><D96/><N who="1" m="57415" /><E109/><V121/><F121/><W66/><G95/><T114/><D114/><U57/><E57/><V117/><F117/><W16/><G92/><RYUUKYOKU ba="0,1" sc="275,-15,295,15,197,15,223,-15" hai1="11,14,17,25,26,27,41,51,54,56" hai2="15,19,20,29,30,38,42,44,46,48,53,76,80" /><INIT seed="5,1,1,2,0,11" ten="260,310,212,208" oya="1" hai0="39,63,8,6,2,98,55,77,122,32,12,70,127" hai1="71,117,116,75,88,104,100,94,53,45,64,43,69" hai2="30,121,85,131,124,97,99,48,80,90,130,21,68" hai3="27,1,81,135,0,23,108,84,93,103,31,73,132"/><U4/><E75/><V59/><F68/><W33/><G108/><T96/><D39/><U29/><E104/><V38/><F38/><W92/><G73/><T102/><D127/><U5/><E100/><V17/><F30/><W7/><G33/><T87/><D32/><U22/><E53/><N who="2" m="32167" /><F121/><W128/><G128/><N who="2" m="49193" /><F124/><W47/><G47/><T86/><D2/><U120/><E120/><V123/><F123/><W14/><G1/><T19/><D70/><U91/><E64/><V18/><F18/><W42/><G42/><T25/><D102/><U51/><E71/><V95/><F80/><W35/><G0/><T52/><D122/><U37/><E69/><V65/><F65/><W89/><G103/><T72/><D55/><U41/><E41/><V62/><F62/><W16/><REACH who="3" step="1"/><G7/><REACH who="3" ten="260,310,212,198" step="2"/><T134/><D6/><U125/><E5/><V56/><F56/><W67/><G67/><T60/><D72/><U24/><E4/><V126/><F126/><W113/><G113/><T115/><D115/><U15/><E125/><V83/><F83/><W114/><G114/><T28/><D52/><U44/><E44/><V78/><F78/><W46/><G46/><T10/><D77/><U50/><E43/><V76/><F76/><W40/><G40/><T109/><D109/><U74/><E45/><V129/><F129/><W110/><G110/><T58/><D58/><U101/><E74/><V82/><F82/><W13/><G13/><AGARI ba="1,2" hai="13,17,21,85,90,95,97,99" m="49193,32167" machi="13" ten="30,3900,0" yaku="25,1,19,1,52,1" doraHai="11" who="2" fromWho="3" sc="260,0,310,0,212,62,198,-42" /><INIT seed="6,0,0,4,4,117" ten="260,310,274,156" oya="2" hai0="12,17,114,9,23,46,87,83,122,14,88,77,55" hai1="35,133,101,64,67,15,134,92,37,49,52,124,34" hai2="21,16,22,79,96,116,100,20,126,98,131,31,123" hai3="43,73,71,1,7,80,90,125,24,0,91,4,28"/><V119/><F131/><W51/><G71/><T6/><D114/><U95/><E37/><V113/><F113/><W61/><G125/><T99/><D122/><U112/><E124/><V78/><F126/><W59/><G1/><T105/><D105/><U38/><E38/><V103/><F31/><W81/><G0/><T129/><D129/><U89/><E112/><V26/><F123/><W75/><G28/><T65/><D65/><N who="1" m="25163" /><E101/><N who="2" m="38987" /><F119/><W8/><G24/><T13/><D13/><U97/><E92/><V41/><F116/><W68/><G68/><T72/><D72/><U118/><E15/><V69/><F69/><W25/><G25/><T19/><D99/><N who="2" m="37930" /><F41/><W66/><G75/><T5/><D77/><AGARI ba="0,0" hai="16,20,21,22,26,77,78,79" m="37930,38987" machi="77" ten="30,2900,0" yaku="8,1,54,1" doraHai="117" who="2" fromWho="0" sc="260,-29,310,0,274,29,156,0" /><INIT seed="6,1,0,2,2,63" ten="231,310,303,156" oya="2" hai0="108,2,117,52,133,56,69,11,30,40,55,51,31" hai1="87,125,64,118,12,7,77,88,76,5,45,121,80" hai2="99,66,90,16,113,58,50,70,110,102,86,81,20" hai3="71,4,92,93,65,120,105,109,126,107,72,9,124"/><V119/><F119/><W48/><G109/><T28/><D108/><U96/><E118/><V60/><F110/><W61/><G120/><T32/><D117/><U8/><E125/><N who="3" m="48234" /><G72/><T128/><D69/><U131/><E131/><V1/><F1/><N who="3" m="143" /><G48/><T38/><D128/><U127/><E121/><V89/><F113/><W29/><G29/><T135/><D32/><U18/><E64/><V34/><F34/><W26/><G26/><T27/><D27/><U3/><E3/><V134/><F134/><N who="0" m="51210" /><D55/><U83/><E45/><V100/><F70/><W91/><G93/><T112/><D112/><U13/><E127/><V53/><F99/><AGARI ba="1,0" hai="61,65,71,91,92,99,105,107" m="143,48234" machi="99" ten="30,2000,0" yaku="18,1,52,1" doraHai="63" who="3" fromWho="2" sc="231,0,310,0,303,-23,156,23" /><INIT seed="7,0,0,0,0,62" ten="231,310,280,179" oya="3" hai0="5,107,11,32,49,14,115,22,66,13,60,45,35" hai1="46,47,48,126,39,109,122,105,21,81,74,72,30" hai2="106,133,54,69,44,134,34,24,82,38,129,111,114" hai3="97,18,110,131,89,27,95,40,43,99,100,26,59"/><W9/><G131/><T16/><D107/><U123/><E109/><V83/><F111/><W61/><G110/><T50/><D115/><U17/><E105/><V37/><F106/><W3/><G3/><T101/><D101/><U55/><E30/><N who="2" m="19783" /><F69/><W132/><G132/><N who="2" m="50793" /><F114/><W77/><G77/><T7/><D7/><U93/><E126/><V88/><F129/><W85/><G97/><T98/><D98/><U57/><E122/><V19/><F19/><W71/><G71/><T118/><D118/><U96/><E123/><V104/><F104/><W92/><G27/><T25/><D14/><U4/><E4/><V108/><F108/><W0/><G0/><T1/><D1/><U76/><E72/><V117/><F117/><W73/><G73/><T65/><D50/><U130/><E39/><N who="2" m="14859" /><F88/><W15/><REACH who="3" step="1"/><G26/><REACH who="3" ten="231,310,280,169" step="2"/><N who="0" m="14663" /><D35/><U68/><E68/><V91/><F91/><W52/><AGARI ba="0,1" hai="9,15,18,40,43,52,59,61,85,89,92,95,99,100" machi="52" ten="20,12000,1" yaku="1,1,0,1,7,1,8,1,54,1,53,0" doraHai="62" doraHaiUra="116" who="3" fromWho="3" sc="231,-40,310,-40,280,-40,169,130" /><INIT seed="7,1,0,1,5,125" ten="191,270,240,299" oya="3" hai0="126,29,77,3,114,74,42,123,28,38,59,72,60" hai1="73,83,10,36,11,16,53,50,85,6,97,110,82" hai2="91,32,93,46,130,5,34,95,88,122,2,133,102" hai3="58,118,71,116,62,108,86,131,7,124,67,69,64"/><W26/><G7/><T65/><D123/><U27/><E110/><V47/><F102/><W4/><G4/><T98/><D126/><U89/><E36/><V17/><F122/><W75/><G124/><T121/><D121/><U111/><E111/><V100/><F100/><W49/><G75/><T35/><D3/><U120/><E120/><V63/><F133/><W70/><G26/><T41/><D114/><U99/><E73/><V0/><F5/><W129/><G108/><T20/><D35/><U135/><E82/><V14/><F63/><N who="3" m="40191" /><G86/><T127/><D127/><U19/><E135/><V96/><F96/><N who="1" m="36937" /><E6/><V54/><F54/><N who="3" m="32079" /><G70/><T128/><D128/><AGARI ba="1,0" hai="62,64,71,116,118,128,129,131" m="32079,40191" machi="128" ten="30,18000,2" yaku="19,1,34,2,52,3" doraHai="125" who="3" fromWho="0" sc="191,-183,270,0,240,0,299,183" owari="8,-49.0,270,7.0,240,-16.0,482,58.0" /></mjloggm>