<mjloggm ver="2.3"><GO type="169" lobby="0"/><UN n0="%E3%81%84%E3%81%97%E3%81%97%E3%82%93%49%44%E7%B4%9B%E5%A4%B1" n1="%74%61%72%6F%6F" n2="%E9%9B%80%CE%B2%6F%D1%83" n3="%E3%81%88%E3%82%80%E8%94%B5" dan="17,18,16,17" rate="2141.86,2166.06,2187.39,2186.55" sx="M,M,M,F"/><TAIKYOKU oya="0"/><INIT seed="0,0,0,4,2,118" ten="250,250,250,250" oya="0" hai0="50,28,127,119,122,123,74,9,113,58,12,5,37" hai1="132,33,107,61,84,8,56,106,82,86,76,134,22" hai2="112,62,18,105,131,41,115,14,19,26,102,32,77" hai3="20,52,53,99,66,90,68,45,96,100,81,117,16"/><T17/><D119/><U4/><E33/><V103/><F131/><W43/><G117/><T34/><D37/><U23/><E106/><V129/><F129/><W2/><G2/><T110/><D74/><U47/><E107/><V13/><F77/><W51/><G68/><T59/><D113/><U48/><E84/><V30/><F41/><W72/><G66/><T0/><D59/><U63/><E63/><V89/><F89/><W65/><G65/><T109/><D58/><U114/><E114/><V1/><F1/><W73/><G73/><T36/><D50/><U69/><E69/><V38/><F38/><W120/><G120/><N who="0" m="46123" /><D36/><U91/><E91/><V92/><F62/><W101/><G72/><T25/><D127/><U83/><E83/><V55/><F55/><W70/><G70/><T104/><D104/><U49/><E49/><V93/><F105/><W35/><G35/><T46/><D46/><U40/><E22/><AGARI ba="0,0" hai="0,5,9,12,17,22,25,28,34,109,110" m="46123" machi="22" ten="30,18000,2" yaku="24,1,34,2,52,3" doraHai="118" who="0" fromWho="1" sc="250,180,250,-180,250,0,250,0" /><INIT seed="0,1,0,0,2,12" ten="430,70,250,250" oya="0" hai0="71,130,41,79,63,70,114,115,16,111,132,106,87" hai1="35,6,4,14,11,28,19,17,50,121,133,22,113" hai2="56,110,0,81,99,83,54,37,8,101,126,61,25" hai3="38,27,23,10,85,59,96,60,74,5,108,42,40"/><T31/><D106/><U7/><E50/><V134/><F37/><W84/><G74/><T20/><D31/><U80/><E80/><V112/><F112/><W103/><G108/><T24/><D111/><U51/><E51/><V29/><F110/><W68/><G68/><T30/><D41/><U9/><E121/><V2/><F126/><W93/><G85/><T18/><D115/><U90/><E90/><V45/><F45/><W88/><G38/><T67/><D114/><U82/><E82/><V124/><F124/><W33/><G33/><T53/><D71/><U62/><E62/><V57/><F134/><W89/><G10/><N who="1" m="3594" /><E113/><V94/><F57/><W13/><G13/><T95/><D132/><U104/><E104/><V128/><F2/><W119/><G5/><T77/><D130/><U15/><E133/><V100/><F128/><W69/><G69/><T58/><D79/><U72/><E72/><V46/><F46/><W39/><G119/><T1/><D1/><U116/><E116/><V64/><F64/><W102/><G89/><T117/><D117/><U43/><E43/><N who="3" m="16426" /><G84/><T75/><D75/><U66/><E66/><V105/><F105/><W3/><G3/><T55/><D70/><U120/><E120/><V65/><F65/><N who="3" m="39071" /><G39/><T129/><D129/><U32/><E28/><AGARI ba="1,0" hai="23,27,28,88,93,96,102,103" m="39071,16426" machi="28" ten="30,2000,0" yaku="8,1,54,1" doraHai="12" who="3" fromWho="1" sc="430,0,70,-23,250,0,250,23" /><INIT seed="1,0,0,3,0,22" ten="430,47,250,273" oya="1" hai0="3,44,64,130,46,117,119,29,85,134,95,75,5" hai1="13,99,121,60,105,74,112,53,93,23,108,56,41" hai2="37,72,135,57,103,132,76,58,110,107,113,33,115" hai3="7,31,8,92,25,34,120,10,97,118,68,69,124"/><U18/><E121/><V45/><F33/><W54/><G120/><T80/><D64/><U70/><E112/><N who="2" m="43083" /><F103/><W42/><G42/><T36/><D29/><U109/><E74/><V84/><F72/><W96/><G124/><T102/><D46/><U127/><E127/><V12/><F107/><W100/><G118/><T67/><D67/><U79/><E79/><V81/><F12/><W91/><G54/><T86/><D86/><U1/><E1/><V88/><F76/><W129/><G129/><T19/><D102/><U73/><E73/><V17/><F17/><W94/><REACH who="3" step="1"/><G10/><REACH who="3" ten="430,47,250,263" step="2"/><T89/><D130/><U87/><E41/><N who="2" m="22703" /><F110/><N who="1" m="42601" /><E105/><V40/><F40/><W30/><G30/><T133/><D117/><U123/><E123/><V52/><F58/><W16/><G16/><T62/><D119/><U131/><E131/><V35/><F35/><W82/><G82/><T24/><D80/><U114/><E114/><V83/><F83/><W125/><G125/><T51/><D19/><U106/><E106/><V71/><F71/><W48/><G48/><AGARI ba="0,1" hai="48,52,57,81,84,88,132,135" m="22703,43083" machi="48" ten="30,3900,0" yaku="11,1,54,2" doraHai="22" who="2" fromWho="3" sc="430,0,47,0,250,49,263,-39" /><INIT seed="2,0,0,5,0,129" ten="430,47,299,224" oya="2" hai0="32,101,56,71,5,45,20,57,77,107,22,69,50" hai1="83,132,122,65,42,25,1,110,38,123,103,73,64" hai2="75,72,113,62,46,93,18,30,108,47,28,39,52" hai3="91,74,96,105,81,111,51,9,92,90,119,59,115"/><V135/><F113/><W127/><G119/><T58/><D32/><U117/><E117/><V21/><F108/><W29/><G115/><T133/><D77/><N who="1" m="44463" /><E103/><V17/><F93/><W0/><G111/><T55/><D5/><U118/><E118/><V24/><F72/><W44/><G127/><T104/><D133/><U8/><E110/><V86/><F86/><W6/><G105/><T78/><D78/><U23/><E65/><V4/><F4/><W128/><G128/><T109/><D109/><U40/><E64/><V3/><F3/><W60/><G29/><N who="2" m="11369" /><F135/><W36/><G36/><T79/><D79/><U134/><E40/><V95/><F75/><W54/><G74/><T106/><REACH who="0" step="1"/><D101/><REACH who="0" ten="420,47,299,224" step="2"/><U97/><E132/><V94/><F39/><W114/><G114/><T16/><D16/><N who="1" m="12519" /><E134/><V80/><F18/><W13/><G0/><T88/><D88/><U35/><E35/><V11/><F17/><W66/><G81/><T84/><D84/><U76/><E76/><V34/><F80/><W130/><G91/><T120/><D120/><U37/><E122/><V126/><F34/><W98/><REACH who="3" step="1"/><G130/><REACH who="3" ten="420,47,299,214" step="2"/><T100/><D100/><U49/><E123/><V26/><F126/><W125/><G125/><T61/><D61/><U82/><E82/><V53/><F62/><W67/><G67/><T41/><D41/><U99/><E42/><V48/><F53/><W121/><G121/><T131/><D131/><U87/><E38/><V63/><F63/><W7/><G7/><T31/><D31/><U33/><E37/><V102/><F52/><W70/><G70/><AGARI ba="0,2" hai="20,22,45,50,55,56,57,58,69,70,71,104,106,107" machi="70" ten="50,1600,0" yaku="1,1,53,0" doraHai="129" doraHaiUra="124" who="0" fromWho="3" sc="420,36,47,0,299,0,214,-16" /><INIT seed="3,0,0,1,2,6" ten="456,47,299,198" oya="3" hai0="134,48,111,24,2,52,65,98,36,120,88,19,49" hai1="50,59,114,89,86,84,32,16,90,100,125,22,124" hai2="31,34,81,130,132,75,21,83,101,93,5,128,79" hai3="51,102,57,85,26,76,82,45,94,1,95,70,13"/><W4/><G70/><T129/><D36/><U107/><E32/><V43/><F34/><W122/><G122/><T87/><D120/><U64/><E114/><V47/><F132/><W63/><G1/><T119/><D119/><U67/><E107/><V99/><F83/><W78/><G102/><T61/><D2/><U133/><E100/><V7/><F21/><W110/><G110/><T74/><D74/><U41/><E133/><V56/><F56/><W33/><G78/><T28/><D134/><U116/><E116/><V55/><F55/><N who="3" m="34239" /><G33/><T46/><D98/><U127/><E86/><V113/><F31/><W72/><G26/><T104/><D104/><U10/><E89/><V135/><F135/><W97/><G72/><T131/><D49/><U18/><E41/><V54/><F54/><N who="3" m="30063" /><G97/><T121/><D111/><U103/><E103/><V20/><F113/><W42/><G42/><T60/><D121/><U91/><E91/><V30/><F43/><W44/><G44/><T69/><D61/><U68/><E68/><V17/><F47/><W38/><G38/><T73/><D28/><U106/><E106/><V9/><F30/><W15/><G4/><T14/><D24/><N who="1" m="14407" /><E50/><V12/><REACH who="2" step="1"/><F7/><REACH who="2" ten="456,47,289,198" step="2"/><W92/><AGARI ba="0,1" hai="13,15,76,82,85,92,94,95" m="30063,34239" machi="92" ten="30,1500,0" yaku="8,1" doraHai="6" who="3" fromWho="3" sc="456,-5,47,-5,289,-5,198,25" /><INIT seed="3,1,0,5,1,20" ten="451,42,284,223" oya="3" hai0="97,75,118,5,130,51,100,110,122,54,103,32,91" hai1="55,117,126,71,26,25,83,18,58,68,81,107,128" hai2="27,63,112,61,77,105,124,19,111,104,1,44,2" hai3="121,9,6,132,135,11,90,101,59,22,67,42,119"/><W43/><G119/><T45/><D118/><U10/><E107/><V3/><F112/><W17/><G121/><T37/><D122/><U115/><E117/><V133/><F124/><W23/><G101/><T72/><D32/><U116/><E116/><V48/><F133/><N who="3" m="51275" /><G90/><T50/><D37/><U31/><E115/><V56/><F77/><W53/><G67/><T106/><D103/><U98/><E126/><V39/><F39/><W7/><G23/><T70/><D70/><U102/><E128/><V114/><F114/><W80/><G80/><T123/><D123/><U60/><E68/><V120/><F120/><W49/><G11/><T40/><D130/><U113/><E71/><V69/><F69/><W64/><G64/><T66/><D66/><U82/><E113/><V125/><F104/><W108/><G108/><T57/><D110/><U92/><E31/><V15/><F105/><W52/><G53/><T13/><D91/><U16/><E10/><V127/><F111/><W79/><G79/><T4/><D100/><U24/><AGARI ba="1,0" hai="16,18,24,25,26,55,58,60,81,82,83,92,98,102" machi="24" ten="30,12000,2" yaku="0,1,8,1,52,3,54,1" doraHai="20" who="1" fromWho="1" sc="451,-31,42,123,284,-31,223,-61" /><INIT seed="4,0,0,4,5,95" ten="420,165,253,162" oya="0" hai0="116,119,128,18,68,19,97,12,39,26,36,108,42" hai1="89,133,59,109,82,63,111,61,134,8,110,78,64" hai2="99,15,51,88,69,85,118,102,2,62,131,127,124" hai3="117,98,45,53,4,132,28,123,20,94,76,91,41"/><T73/><D73/><U22/><E89/><V24/><F2/><W71/><G117/><T38/><D68/><U92/><E92/><N who="2" m="58727" /><F118/><W10/><G71/><T93/><D42/><U31/><E8/><V23/><F131/><W130/><G130/><T72/><D72/><U5/><E5/><V65/><F51/><W1/><G132/><N who="1" m="50794" /><E61/><V52/><F15/><W30/><G123/><T29/><D128/><U66/><E22/><V13/><F13/><W126/><G126/><N who="2" m="48169" /><F69/><W55/><G20/><T83/><D119/><U58/><E31/><V115/><F65/><N who="1" m="25193" /><E63/><V135/><F23/><W32/><G32/><T54/><D116/><U37/><E37/><V11/><F11/><W107/><G30/><T44/><D39/><U96/><E96/><V56/><F24/><W84/><G28/><T49/><D38/><U103/><E103/><V47/><F47/><W90/><G45/><T16/><D36/><U125/><E125/><V121/><F121/><W104/><G98/><T114/><D44/><U0/><E0/><V120/><F120/><W74/><G1/><T50/><D97/><U129/><E129/><V3/><F3/><W106/><G10/><T75/><D29/><U101/><E101/><V27/><F27/><W81/><G4/><T100/><D26/><U86/><AGARI ba="0,0" hai="58,59,78,82,86,109,110,111" m="25193,50794" machi="86" ten="40,1500,0" yaku="20,1" doraHai="95" who="1" fromWho="1" sc="420,-7,165,15,253,-4,162,-4" /><INIT seed="5,0,0,0,1,4" ten="413,180,249,158" oya="1" hai0="41,7,38,66,126,49,17,129,98,85,127,94,83" hai1="16,39,112,60,119,101,28,27,25,23,75,70,105" hai2="20,113,33,132,96,42,118,103,40,58,82,108,134" hai3="107,14,102,55,31,11,92,97,121,63,110,52,74"/><U2/><E119/><V21/><F33/><W109/><G121/><T123/><D38/><U84/><E75/><V43/><F118/><W95/><G74/><T24/><D123/><U53/><E39/><V100/><F108/><W87/><G31/><T99/><D129/><U6/><E112/><V36/><F82/><W114/><G114/><T13/><D66/><U0/><E84/><V68/><F68/><W35/><G35/><T71/><D71/><U62/><E70/><V135/><F113/><W50/><G63/><T29/><D7/><U86/><E86/><V133/><F36/><W104/><G104/><T120/><D41/><U130/><E130/><V44/><F44/><W81/><G109/><T131/><D49/><U54/><E62/><V88/><F58/><W78/><G110/><T8/><D131/><U80/><E80/><V64/><F64/><W128/><G128/><T72/><D72/><U115/><E115/><V47/><F47/><W59/><REACH who="3" step="1"/><G55/><REACH who="3" ten="413,180,249,148" step="2"/><T91/><D120/><U37/><E60/><V65/><F135/><W69/><G69/><T117/><D117/><U45/><E54/><V30/><F30/><W61/><G61/><T122/><D122/><U57/><E53/><V15/><F65/><W12/><G12/><T18/><D29/><U125/><E28/><V67/><F67/><W89/><G89/><N who="0" m="51391" /><D24/><U10/><E27/><V111/><F15/><W22/><G22/><N who="2" m="8809" /><F111/><W90/><G90/><T1/><D91/><U48/><E25/><V46/><F88/><W51/><G51/><T93/><D13/><U19/><E37/><N who="2" m="21775" /><F103/><W26/><G26/><RYUUKYOKU ba="0,1" sc="413,-15,180,-15,249,15,148,15" hai2="42,43,96,100,132,133,134" hai3="11,14,50,52,59,78,81,87,92,95,97,102,107" /><INIT seed="6,1,1,5,1,7" ten="398,165,264,163" oya="2" hai0="35,42,45,128,70,53,43,92,17,127,31,88,56" hai1="64,105,79,118,126,58,101,73,110,78,48,18,94" hai2="57,49,112,20,75,38,85,72,129,19,44,134,89" hai3="65,54,47,108,120,82,39,40,100,3,12,122,10"/><V16/><F129/><W119/><G119/><T4/><D70/><U124/><E118/><V135/><F112/><W67/><G108/><T103/><D4/><U14/><E105/><V1/><F1/><W107/><G3/><T8/><D103/><U131/><E110/><V99/><F99/><W98/><G54/><T133/><D35/><U111/><E111/><V96/><F96/><W15/><G15/><N who="0" m="7399" /><D128/><U130/><E73/><V84/><F84/><W68/><G82/><T22/><D45/><U50/><E101/><V109/><F109/><W106/><G106/><T69/><D69/><U55/><E94/><N who="2" m="54575" /><F38/><W117/><G117/><T34/><D34/><U93/><E93/><V28/><F28/><W113/><G113/><T24/><D133/><N who="2" m="50698" /><F57/><W2/><G2/><T91/><D127/><N who="1" m="48683" /><E131/><V37/><F37/><W97/><G97/><N who="0" m="57479" /><D91/><U80/><E130/><V13/><F19/><W6/><REACH who="3" step="1"/><G68/><REACH who="3" ten="398,165,264,153" step="2"/><T71/><D71/><U76/><E80/><V77/><F77/><W104/><G104/><T41/><D56/><U83/><E83/><V62/><F44/><W66/><AGARI ba="1,2" hai="6,10,12,39,40,47,65,66,67,98,100,107,120,122" machi="66" ten="30,4000,0" yaku="1,1,0,1,52,1,53,0" doraHai="7" doraHaiUra="87" who="3" fromWho="3" sc="398,-11,165,-11,264,-21,153,63" /><INIT seed="7,0,0,0,0,75" ten="387,154,243,216" oya="3" hai0="44,123,3,107,120,20,83,109,112,122,70,135,130" hai1="57,4,11,31,47,102,91,39,23,19,64,41,72" hai2="53,97,134,59,33,106,8,78,101,76,96,98,36" hai3="14,24,108,29,61,103,54,51,82,86,27,16,66"/><W77/><G108/><T30/><D107/><U74/><E31/><V32/><F36/><W133/><G103/><T55/><D109/><U80/><E102/><V48/><F134/><W40/><G40/><T49/><D3/><U114/><E114/><V46/><F32/><W65/><G133/><T35/><D135/><U37/><E37/><V63/><F33/><W117/><G117/><T68/><D35/><U95/><E64/><N who="3" m="24682" /><G61/><T132/><D132/><U92/><E57/><V69/><F69/><W124/><G29/><T60/><D60/><U118/><E118/><V111/><F111/><W94/><G94/><T9/><D70/><U1/><E91/><V25/><F25/><W45/><G124/><T115/><D68/><U34/><E74/><V0/><F101/><W5/><G5/><T2/><D30/><U93/><E34/><V90/><F90/><W105/><G105/><T6/><D122/><U43/><E43/><N who="2" m="24671" /><F0/><W129/><G129/><T7/><D2/><U125/><E125/><V12/><F106/><W62/><G62/><T116/><D123/><U10/><E10/><AGARI ba="0,0" hai="10,14,16,24,27,45,51,54,77,82,86" m="24682" machi="10" ten="30,5800,0" yaku="8,1,52,1,54,1" doraHai="75" who="3" fromWho="1" sc="387,0,154,-58,243,0,216,58" /><INIT seed="7,1,0,4,3,41" ten="387,96,243,274" oya="3" hai0="69,106,28,26,58,61,4,72,44,96,121,45,109" hai1="5,68,20,63,30,120,11,56,77,66,16,1,118" hai2="3,42,85,74,21,128,53,35,131,80,38,79,10" hai3="60,103,84,67,127,50,119,36,113,92,14,90,130"/><W94/><G119/><T87/><D109/><U51/><E118/><V12/><F35/><W73/><G36/><T111/><D111/><U37/><E120/><V99/><F99/><W64/><G73/><T24/><D72/><U6/><E6/><N who="2" m="1375" /><F53/><W89/><G113/><T9/><D69/><U134/><E134/><V132/><F12/><W65/><G127/><T129/><D129/><N who="2" m="49738" /><F85/><W62/><G103/><T15/><D121/><U0/><E0/><V97/><F97/><W124/><G124/><T48/><D48/><U54/><E77/><V122/><F21/><W93/><G130/><T47/><D87/><U133/><E133/><V75/><F75/><W2/><G2/><T34/><D26/><U13/><E37/><V81/><F81/><N who="3" m="49295" /><G14/><T17/><D96/><U102/><E102/><V31/><F31/><W8/><G8/><T7/><REACH who="0" step="1"/><D106/><REACH who="0" ten="377,96,243,274" step="2"/><U18/><E30/><V43/><F132/><W82/><G50/><T23/><D23/><U112/><E112/><V55/><F122/><W78/><G78/><T115/><D115/><U125/><E125/><V46/><F38/><W135/><G135/><T57/><D57/><U123/><E123/><V105/><F105/><W91/><G82/><T95/><D95/><U86/><E86/><V108/><F108/><W117/><G117/><T110/><D110/><U76/><E76/><V107/><F107/><W126/><G126/><T33/><D33/><U27/><E27/><V39/><F39/><W32/><G32/><T98/><D98/><U52/><E68/><V29/><F29/><W104/><G104/><T116/><D116/><RYUUKYOKU ba="1,1" sc="377,10,96,-30,243,10,274,10" hai0="4,7,9,15,17,24,28,34,44,45,47,58,61" hai2="42,43,46,55,74,79,80" hai3="60,62,64,65,67,90,91,92,93,94" /><INIT seed="7,2,1,2,5,26" ten="387,66,253,284" oya="3" hai0="105,1,104,13,21,53,76,35,90,125,118,81,8" hai1="68,114,63,103,52,99,79,69,101,41,38,51,106" hai2="134,3,86,32,110,36,27,61,0,127,119,46,2" hai3="133,47,55,73,75,89,9,6,23,94,91,29,62"/><W17/><G133/><T124/><D35/><U95/><E114/><V31/><F119/><W50/><G62/><T45/><D118/><U121/><E121/><V16/><F134/><W20/><G91/><T93/><D21/><U10/><E79/><V87/><F127/><N who="0" m="48714" /><D1/><U4/><E101/><V5/><F5/><W14/><G23/><T37/><D37/><U54/><E106/><N who="0" m="41065" /><D45/><U60/><E69/><V34/><F34/><W100/><G100/><T11/><D53/><U98/><E68/><V115/><F110/><W77/><G77/><T120/><D120/><U40/><E38/><V92/><F115/><W65/><G65/><T49/><D49/><U43/><E51/><V122/><F61/><W135/><G135/><T113/><D113/><U18/><E4/><V33/><F33/><W25/><REACH who="3" step="1"/><G6/><REACH who="3" ten="387,66,253,274" step="2"/><T66/><D66/><U132/><E132/><V84/><F122/><W96/><AGARI ba="2,2" hai="9,14,17,20,25,29,47,50,55,73,75,89,94,96" machi="96" ten="20,12000,1" yaku="1,1,2,1,0,1,7,1,52,1,53,0" doraHai="26" doraHaiUra="129" who="3" fromWho="3" sc="387,-42,66,-42,253,-42,274,146" owari="345,15.0,24,-48.0,211,-19.0,420,52.0" /></mjloggm>