<mjloggm ver="2.3"><GO type="169" lobby="0"/><UN n0="%E9%BE%8D%E9%96%80%E6%B8%95%E9%80%8F%E8%8A%B1" n1="%6D%73%69%67%65%72%75" n2="%E3%81%BF%E3%81%BF%E3%81%9A" n3="%E3%83%81%E3%83%AD%E3%83%AD%E8%BB%8D%E6%9B%B9" dan="16,16,18,17" rate="2134.99,2050.77,2230.01,2169.26" sx="M,M,M,F"/><TAIKYOKU oya="0"/><INIT seed="0,0,0,0,3,32" ten="250,250,250,250" oya="0" hai0="62,130,12,126,76,77,132,127,4,43,28,73,135" hai1="94,36,83,3,120,113,106,107,0,26,85,59,58" hai2="48,110,114,122,39,24,109,10,98,88,20,66,65" hai3="96,55,13,17,102,90,123,124,37,75,95,34,104"/><T41/><D28/><U16/><E36/><V82/><F39/><W25/><G37/><T38/><D62/><U31/><E120/><V116/><F122/><W44/><G75/><T23/><D23/><U54/><E94/><N who="2" m="56647" /><F114/><W117/><G123/><T80/><D76/><U134/><E113/><V49/><F116/><W18/><G117/><T100/><D100/><U50/><E134/><N who="0" m="51241" /><D38/><U91/><E58/><V99/><F99/><W40/><G102/><T125/><D130/><U11/><E107/><V105/><F105/><W53/><G104/><T72/><D72/><U56/><E56/><V81/><F49/><W70/><G70/><T103/><D103/><U78/><E78/><V5/><F48/><W71/><G71/><T108/><D108/><N who="2" m="41578" /><F66/><W92/><G96/><T29/><D29/><U87/><E106/><V60/><F60/><W67/><G67/><T68/><D68/><U131/><E131/><V129/><F65/><W42/><G34/><T89/><D89/><U86/><E86/><V93/><F129/><W119/><G90/><T97/><D97/><U63/><E87/><V30/><F93/><W46/><G92/><T101/><D101/><U64/><E64/><V51/><F51/><W121/><G95/><T21/><D21/><U2/><E63/><V6/><F10/><AGARI ba="0,0" hai="4,10,12,41,43,73,77,80,125,126,127" m="51241" machi="10" ten="40,3900,0" yaku="18,1,20,1" doraHai="32" who="0" fromWho="2" sc="250,39,250,0,250,-39,250,0" /><INIT seed="0,1,0,1,5,22" ten="289,250,211,250" oya="0" hai0="70,118,75,82,122,36,62,94,6,105,134,98,92" hai1="123,5,8,80,69,93,121,113,56,17,32,124,64" hai2="126,68,63,29,108,86,133,100,3,42,45,52,65" hai3="43,55,57,38,110,18,131,59,117,112,132,81,89"/><T84/><D118/><U26/><E69/><V95/><F3/><W107/><G107/><T127/><D122/><U48/><E124/><V115/><F115/><W96/><G112/><T74/><D36/><U58/><E113/><V44/><F126/><W54/><G117/><T109/><D6/><U130/><E130/><V79/><F108/><W27/><G110/><T12/><D12/><U51/><E32/><V91/><F133/><W28/><G131/><T31/><D127/><U30/><E30/><V9/><F100/><W14/><G132/><T119/><D119/><U61/><E58/><V49/><F9/><W102/><G43/><T24/><D109/><U35/><E35/><V41/><F79/><W97/><G38/><T104/><D134/><U1/><E93/><N who="0" m="35945" /><D62/><U103/><E103/><V85/><F29/><W23/><G102/><N who="0" m="62551" /><D70/><U77/><E121/><V125/><F125/><W78/><G89/><N who="0" m="51351" /><D105/><U25/><E123/><V50/><REACH who="2" step="1"/><F41/><REACH who="2" ten="289,250,201,250" step="2"/><W40/><G40/><T116/><D116/><U90/><E1/><V21/><F21/><W66/><G66/><T101/><D101/><U120/><E64/><V87/><AGARI ba="1,1" hai="42,44,45,49,50,52,63,65,68,85,86,87,91,95" machi="87" ten="20,5200,0" yaku="1,1,0,1,7,1,54,1,53,0" doraHai="22" doraHaiUra="7" who="2" fromWho="2" sc="289,-27,250,-14,201,65,250,-14" /><INIT seed="1,0,0,2,4,3" ten="262,236,266,236" oya="1" hai0="7,15,117,23,1,36,20,64,104,9,96,13,56" hai1="51,57,21,119,129,62,85,93,60,118,80,16,133" hai2="46,27,102,34,84,71,113,108,40,89,131,95,12" hai3="11,24,72,10,69,38,17,92,33,22,114,107,101"/><U132/><E93/><V77/><F71/><W14/><G38/><T59/><D36/><U126/><E51/><V91/><F108/><W120/><G72/><T99/><D117/><U97/><E97/><V76/><F131/><W86/><G69/><T5/><D104/><U61/><E57/><N who="0" m="22089" /><D1/><U111/><E129/><V43/><F113/><W54/><G107/><T127/><D64/><U106/><E106/><V65/><F65/><W100/><G120/><T55/><D55/><U116/><E126/><V115/><F102/><W83/><G33/><T35/><D35/><U125/><E125/><V25/><F115/><W134/><G114/><T123/><D123/><U121/><E111/><V67/><F67/><W70/><G70/><T19/><D127/><U45/><E45/><V79/><F34/><W8/><G134/><N who="1" m="51818" /><E121/><V135/><F135/><W0/><G0/><T87/><D87/><U48/><E48/><V2/><F2/><W124/><G124/><T39/><D39/><U49/><E49/><N who="2" m="26823" /><F43/><W50/><G92/><T128/><D128/><U78/><E62/><V37/><F37/><W53/><G24/><AGARI ba="0,0" hai="16,21,24,60,61,78,80,85,116,118,119" m="51818" machi="24" ten="40,3900,0" yaku="20,1,54,1" doraHai="3" who="1" fromWho="3" sc="262,0,236,39,266,0,236,-39" /><INIT seed="1,1,0,2,2,20" ten="262,275,266,197" oya="1" hai0="135,97,8,23,92,19,82,56,61,25,51,49,33" hai1="95,101,65,85,44,122,63,67,115,117,16,36,76" hai2="100,2,22,69,40,128,89,34,120,96,32,107,116" hai3="129,121,42,118,30,4,124,105,99,73,112,21,75"/><U26/><E115/><V72/><F116/><W53/><G121/><T55/><D135/><U9/><E117/><V71/><F120/><W1/><G118/><T114/><D114/><U7/><E122/><V126/><F2/><W84/><G112/><T38/><D38/><U113/><E113/><V27/><F72/><W48/><G124/><T64/><D33/><U0/><E67/><V10/><F126/><W14/><G129/><T5/><D82/><U68/><E76/><V78/><F78/><W66/><G1/><T125/><D64/><U77/><E77/><V119/><F119/><W130/><G130/><T106/><D106/><U11/><E11/><V6/><F128/><W31/><G42/><T104/><D104/><U39/><E44/><V52/><F40/><W57/><G66/><T17/><D17/><U109/><E109/><V47/><F34/><W54/><G84/><T132/><D132/><U24/><E85/><V46/><F32/><W98/><G105/><T94/><D125/><U110/><E110/><V60/><F89/><W108/><G108/><T13/><D94/><U15/><E39/><V131/><F131/><W43/><G43/><T127/><D127/><U18/><E36/><V102/><F102/><AGARI ba="1,0" hai="5,8,13,19,23,25,49,51,55,56,61,92,97,102" machi="102" ten="30,3900,0" yaku="7,1,8,1,52,1" doraHai="20" who="0" fromWho="2" sc="262,42,275,0,266,-42,197,0" /><INIT seed="2,0,0,3,4,75" ten="304,275,224,197" oya="2" hai0="104,76,33,127,43,21,44,20,99,134,84,7,102" hai1="113,68,24,77,74,1,45,135,108,85,129,71,114" hai2="30,56,16,89,60,55,10,3,27,34,58,12,87" hai3="26,79,52,46,37,100,131,17,94,73,54,70,111"/><V53/><F3/><W8/><G70/><T88/><D33/><U130/><E74/><V23/><F34/><W5/><G111/><T4/><D134/><U106/><E106/><V49/><F87/><W38/><G131/><N who="1" m="50186" /><E1/><V78/><F89/><W25/><G100/><T31/><D127/><U72/><E85/><V101/><F101/><W19/><G94/><T97/><D97/><U117/><E117/><V48/><F60/><W120/><G120/><T39/><D76/><AGARI ba="0,0" hai="10,12,16,23,27,30,48,49,53,55,56,58,76,78" machi="76" ten="40,12000,1" yaku="9,1,8,1,52,2,54,1" doraHai="75" who="2" fromWho="0" sc="304,-120,275,0,224,120,197,0" /><INIT seed="2,1,0,3,5,121" ten="184,275,344,197" oya="2" hai0="7,10,107,41,20,18,9,118,111,39,24,31,4" hai1="105,122,3,125,63,89,81,100,127,1,15,16,124" hai2="135,30,109,112,79,37,73,117,102,131,0,94,77" hai3="106,40,119,97,26,55,21,60,6,74,42,47,13"/><V27/><F37/><W25/><G74/><T108/><D107/><U52/><E122/><V29/><F0/><W43/><G119/><T99/><D99/><U72/><E100/><V38/><F38/><W75/><G75/><T17/><D41/><U76/><E105/><V70/><F70/><W113/><G113/><T33/><D39/><U50/><E63/><V69/><F69/><W78/><G78/><T62/><D62/><U12/><E89/><V84/><F73/><W116/><G116/><T8/><D118/><U57/><REACH who="1" step="1"/><E15/><REACH who="1" ten="184,265,344,197" step="2"/><V126/><F102/><W93/><G106/><T58/><D58/><U80/><E80/><V98/><F117/><W83/><G13/><N who="0" m="9295" /><D17/><U48/><E48/><V91/><F91/><W35/><G83/><T90/><D90/><U11/><AGARI ba="1,1" hai="1,3,11,12,16,50,52,57,72,76,81,124,125,127" machi="11" ten="30,8000,1" yaku="1,1,0,1,18,1,54,2,53,0" doraHai="121" doraHaiUra="114" who="1" fromWho="1" sc="184,-21,265,93,344,-41,197,-21" /><INIT seed="3,0,0,1,0,41" ten="163,358,303,176" oya="3" hai0="1,55,47,98,80,23,3,64,7,84,132,128,68" hai1="127,39,131,124,26,63,82,61,33,66,109,133,36" hai2="25,87,74,31,104,101,44,34,52,88,70,35,49" hai3="18,92,51,106,28,115,123,120,107,126,77,53,30"/><W113/><G77/><T69/><D128/><U94/><E131/><V60/><F74/><W54/><G92/><T24/><D132/><U95/><E133/><V117/><F117/><W86/><G51/><T2/><D7/><U118/><E118/><V40/><F35/><W4/><G18/><T62/><D98/><U97/><E33/><V22/><F34/><W65/><G86/><T57/><D64/><U50/><E97/><V134/><F134/><W71/><G4/><T85/><D47/><U105/><E105/><V15/><F104/><W43/><G71/><T111/><D111/><U116/><E116/><V67/><F101/><W125/><REACH who="3" step="1"/><G65/><REACH who="3" ten="163,358,303,166" step="2"/><T42/><D85/><U78/><E50/><V103/><F103/><W91/><G91/><T27/><D84/><U102/><E66/><V83/><REACH who="2" step="1"/><F15/><REACH who="2" ten="163,358,293,166" step="2"/><W93/><G93/><T73/><D2/><U58/><E102/><V14/><F14/><W17/><G17/><T99/><D3/><U79/><E95/><V96/><F96/><W81/><G81/><T16/><D1/><U9/><E94/><V37/><F37/><W129/><G129/><T5/><D99/><U10/><E82/><V122/><F122/><W12/><G12/><T8/><D80/><U48/><E39/><V110/><F110/><W46/><G46/><T59/><D16/><U121/><E36/><V108/><F108/><W20/><G20/><T21/><D23/><U75/><E109/><V38/><F38/><W89/><G89/><T29/><D21/><U13/><E121/><V112/><F112/><W135/><G135/><T114/><D114/><RYUUKYOKU ba="0,2" sc="163,-15,358,-15,293,15,166,15" hai2="22,25,31,40,44,49,52,60,67,70,83,87,88" hai3="28,30,43,53,54,106,107,113,115,120,123,125,126" /><INIT seed="3,1,2,0,0,56" ten="148,343,308,181" oya="3" hai0="12,25,24,98,105,14,38,99,77,53,107,0,51" hai1="7,29,49,122,15,80,54,59,76,27,121,11,22" hai2="88,126,91,39,93,20,103,33,65,55,124,108,47" hai3="5,96,133,16,13,4,64,40,79,72,120,50,68"/><W129/><G120/><T131/><D0/><U135/><REACH who="1" step="1"/><E135/><REACH who="1" ten="148,333,308,181" step="2"/><V81/><F124/><W73/><G133/><T111/><D111/><U125/><E125/><V23/><F126/><W113/><G113/><T67/><D131/><U106/><E106/><V128/><F108/><W74/><G129/><T43/><D107/><U90/><E90/><V21/><F88/><W60/><G79/><T61/><D105/><U42/><E42/><V1/><F91/><W110/><G110/><T37/><D43/><U95/><E95/><V89/><F89/><W97/><G40/><T70/><D38/><U30/><E30/><V26/><F93/><W34/><G34/><T85/><D37/><U116/><E116/><V10/><F39/><W75/><N who="3" m="18432" /><DORA hai="32" /><W87/><G97/><T127/><D77/><U83/><E83/><V78/><F81/><W31/><G96/><T9/><D98/><U8/><E8/><V28/><F78/><W41/><G31/><T46/><D9/><U3/><E3/><V119/><F10/><W35/><G35/><T19/><D99/><U17/><E17/><V104/><F1/><W45/><REACH who="3" step="1"/><G87/><AGARI ba="1,3" hai="7,11,15,22,27,29,49,54,59,76,80,87,121,122" machi="87" ten="30,8000,1" yaku="21,2,7,1,53,2" doraHai="56,32" doraHaiUra="52,18" who="1" fromWho="3" sc="148,0,333,113,308,0,181,-83" /><INIT seed="4,0,0,0,2,1" ten="148,446,308,98" oya="0" hai0="19,27,29,58,61,86,24,121,78,50,34,13,100" hai1="72,135,81,60,96,75,103,10,123,11,7,71,115" hai2="99,110,17,125,70,42,124,20,39,30,52,132,126" hai3="92,91,33,14,111,101,128,76,68,117,120,16,129"/><T83/><D121/><U0/><E123/><V48/><F110/><W32/><G68/><T44/><D100/><U41/><E135/><V85/><F132/><W54/><G120/><T8/><D29/><U67/><E115/><V94/><F30/><W9/><G111/><T57/><D34/><U77/><E11/><V109/><F70/><W69/><G69/><T73/><D73/><U119/><E41/><V127/><F109/><W26/><G117/><T133/><D133/><U79/><E79/><V18/><N who="2" m="31744" /><DORA hai="114" /><V112/><F85/><W56/><G76/><T89/><D78/><U40/><E40/><V87/><F87/><W105/><G101/><T6/><D19/><U22/><E22/><V130/><F130/><W134/><G105/><T38/><D38/><U45/><E45/><N who="2" m="23775" /><F20/><W37/><G37/><T108/><D108/><U55/><E55/><V102/><F112/><W84/><G134/><T90/><D90/><U53/><E53/><V21/><F21/><W46/><G46/><AGARI ba="0,0" hai="17,18,46,48,52,94,99,102" m="23775,31744" machi="46" ten="60,3900,0" yaku="18,1,54,1" doraHai="1,114" who="2" fromWho="3" sc="148,0,446,0,308,39,98,-39" /><INIT seed="5,0,0,3,0,129" ten="148,446,347,59" oya="1" hai0="53,54,61,126,74,99,45,87,97,92,59,5,104" hai1="119,55,1,51,123,85,135,101,66,78,118,38,49" hai2="31,95,122,107,10,90,127,75,13,68,72,2,124" hai3="25,0,33,63,77,80,102,93,110,130,121,112,96"/><U108/><E38/><V29/><F122/><W57/><G0/><T35/><D74/><U120/><E1/><V76/><F107/><W16/><G110/><T69/><D35/><U125/><E101/><V103/><F103/><W26/><G121/><T82/><D69/><U6/><E6/><V24/><F68/><W91/><G112/><T98/><D104/><U100/><E100/><V9/><F2/><W23/><G130/><T114/><D114/><U28/><E28/><V44/><F44/><W20/><G33/><T34/><D34/><U22/><E22/><N who="2" m="15511" /><F31/><W7/><G7/><T39/><D5/><U106/><E106/><V42/><F42/><W115/><G115/><T109/><D109/><U19/><E108/><V111/><F111/><W62/><G102/><N who="0" m="60711" /><D39/><U41/><E78/><V84/><F76/><W56/><G56/><N who="0" m="34959" /><D45/><U47/><E120/><V60/><F60/><W30/><REACH who="3" step="1"/><G57/><REACH who="3" ten="148,446,347,49" step="2"/><T73/><D126/><U79/><E125/><V70/><F124/><W15/><G15/><T67/><D59/><U40/><E123/><V117/><F127/><W116/><G116/><T71/><D71/><U37/><E118/><V11/><F117/><W18/><G18/><T64/><D64/><U105/><E66/><V128/><F70/><W113/><G113/><T21/><D67/><U43/><E19/><N who="2" m="8623" /><F128/><W14/><G14/><T131/><D131/><U132/><E119/><V86/><F86/><AGARI ba="0,1" hai="16,20,23,25,26,30,62,63,77,80,86,91,93,96" machi="86" ten="30,8000,1" yaku="1,1,7,1,8,1,54,1,53,1" doraHai="129" doraHaiUra="94" who="3" fromWho="2" sc="148,0,446,0,347,-80,49,90" /><INIT seed="6,0,0,1,0,115" ten="148,446,267,139" oya="2" hai0="112,111,53,91,36,16,31,87,28,51,55,74,40" hai1="14,78,105,45,1,41,113,12,20,121,83,68,126" hai2="77,110,101,94,128,129,21,34,95,106,17,119,125" hai3="75,96,81,70,132,8,4,46,32,63,117,42,11"/><V88/><F119/><W92/><G32/><T116/><D74/><U134/><E1/><V100/><F34/><W44/><G132/><T30/><D111/><U131/><E68/><V82/><F110/><W48/><G117/><T35/><D35/><U76/><E105/><V61/><F61/><W0/><G11/><T84/><D112/><U114/><E131/><N who="2" m="50251" /><F106/><W133/><G133/><T120/><D120/><U19/><E126/><V2/><F2/><W47/><G70/><T124/><D124/><U3/><E121/><V37/><F37/><W123/><G63/><T29/><D116/><U60/><E3/><V33/><F33/><W54/><G123/><T10/><D36/><U93/><E134/><V72/><F94/><W85/><G75/><T89/><D40/><U39/><E93/><V71/><F71/><W59/><G92/><N who="0" m="54311" /><D51/><U6/><E60/><V62/><F62/><W9/><G96/><T52/><N who="0" m="7168" /><DORA hai="56" /><T23/><D10/><U122/><E122/><V79/><F79/><W5/><G42/><T109/><D109/><U66/><E78/><V38/><F38/><W50/><G50/><T49/><D49/><U67/><E114/><V18/><F125/><W107/><G107/><T104/><D104/><U25/><E113/><V58/><F21/><W98/><G98/><T135/><D135/><U90/><E76/><V7/><F77/><N who="3" m="46255" /><G0/><T127/><D127/><U118/><E118/><V15/><F72/><W57/><G57/><T24/><D55/><U27/><E67/><V80/><F58/><W64/><G64/><T69/><D69/><U97/><E66/><RYUUKYOKU ba="0,0" sc="148,15,446,-15,267,-15,139,15" hai0="16,23,24,52,53,87,91" hai3="4,5,8,9,44,46,47,48,54,59" /><INIT seed="7,1,0,3,2,127" ten="163,431,252,154" oya="3" hai0="86,41,100,99,48,83,11,108,101,46,111,88,71" hai1="58,98,75,33,35,106,89,15,124,21,52,12,61" hai2="59,23,38,39,125,36,132,16,56,45,81,123,54" hai3="68,135,66,6,0,73,26,114,93,116,50,8,131"/><W121/><G73/><T1/><D71/><U62/><E35/><V76/><F125/><W28/><G116/><T128/><D128/><U90/><E33/><V57/><F132/><W19/><G121/><T91/><D91/><U7/><E75/><V47/><F123/><W20/><G114/><T51/><D101/><U80/><E106/><V69/><F69/><W95/><G135/><T94/><REACH who="0" step="1"/><D51/><REACH who="0" ten="153,431,252,154" step="2"/><U27/><E124/><V110/><F110/><W70/><G50/><T40/><D40/><U119/><E21/><V85/><REACH who="2" step="1"/><F54/><REACH who="2" ten="153,431,242,154" step="2"/><W13/><G131/><T130/><D130/><U32/><E119/><V67/><F67/><W14/><G66/><T60/><D60/><U87/><E61/><V117/><F117/><W5/><G68/><T42/><D42/><U4/><E62/><V82/><F82/><W79/><G70/><T133/><D133/><U120/><E80/><V49/><F49/><W2/><G79/><T22/><D22/><U77/><E52/><V84/><F84/><W17/><G93/><T113/><D113/><U103/><E120/><V112/><F112/><W92/><G95/><T34/><D34/><U31/><E32/><V55/><F55/><W78/><G92/><T129/><D129/><U118/><E87/><V18/><F18/><N who="3" m="6667" /><G78/><T105/><D105/><U29/><E77/><V122/><F122/><W107/><G107/><T10/><D10/><AGARI ba="1,2" hai="0,2,5,6,8,10,13,14,20,26,28" m="6667" machi="10" ten="30,12000,1" yaku="35,5" doraHai="127" who="3" fromWho="0" sc="153,-123,431,0,242,0,154,143" /><INIT seed="7,2,0,0,1,98" ten="30,431,242,297" oya="3" hai0="122,134,130,97,93,89,111,126,113,8,95,48,118" hai1="133,54,128,92,59,67,17,55,121,71,39,1,132" hai2="43,129,115,96,18,32,25,117,30,37,131,65,35" hai3="58,77,52,83,116,2,9,123,60,31,28,16,127"/><W47/><G116/><T27/><D48/><U73/><E73/><V4/><F117/><W90/><G123/><T42/><D8/><U22/><E121/><V85/><F115/><W104/><G104/><T87/><D27/><U63/><E39/><V5/><F65/><W86/><G127/><T80/><D42/><U72/><E72/><V108/><F108/><W75/><G47/><T56/><D56/><U114/><E1/><V102/><F35/><W84/><G75/><T91/><D118/><U14/><E128/><V120/><F120/><W69/><G69/><T50/><D50/><U13/><E114/><V135/><F135/><N who="1" m="51785" /><E92/><V125/><F125/><W44/><G44/><T68/><D68/><U51/><E55/><V40/><F18/><W20/><G9/><T41/><D41/><U103/><E103/><V24/><F24/><AGARI ba="2,0" hai="13,14,17,22,24,51,54,59,63,67,71" m="51785" machi="24" ten="30,1000,0" yaku="20,1" doraHai="98" who="1" fromWho="2" sc="30,0,431,16,242,-16,297,0" owari="30,-47.0,447,54.0,226,-17.0,297,10.0" /></mjloggm>