<mjloggm ver="2.3"><GO type="169" lobby="0"/><UN n0="%E3%81%82%E3%81%84%E3%81%82%E3%81%8A%E3%81%84" n1="%70%70%61%61%6F%6F" n2="%E3%82%B4%E3%83%9F%E3%83%84%E3%83%A2" n3="%E7%9B%AE%E6%A8%99%EF%BC%B2%EF%BC%92%EF%BC%91%EF%BC%90%EF%BC%90%E2%99%AA" dan="19,16,17,16" rate="2211.07,2130.74,2161.64,2081.99" sx="M,M,M,M"/><TAIKYOKU oya="0"/><INIT seed="0,0,0,5,3,31" ten="250,250,250,250" oya="0" hai0="96,22,103,43,102,122,121,84,86,89,118,113,130" hai1="14,39,41,97,91,42,127,73,0,112,106,71,64" hai2="59,16,47,67,95,114,17,115,104,1,27,78,34" hai3="82,51,66,55,54,90,6,13,10,25,108,133,111"/><T65/><D65/><U123/><E0/><V132/><F104/><W23/><G133/><T116/><D43/><U129/><E73/><V62/><F132/><W57/><G66/><T125/><D22/><U119/><E119/><N who="0" m="45609" /><D113/><U83/><E14/><V40/><F1/><W93/><G55/><T28/><D28/><U85/><E64/><V38/><F78/><W58/><G58/><T53/><D53/><U105/><E71/><V29/><REACH who="2" step="1"/><F95/><REACH who="2" ten="250,250,240,250" step="2"/><W120/><G93/><N who="0" m="56367" /><D125/><U12/><E127/><V5/><F5/><W110/><G6/><T70/><D130/><U3/><E106/><V20/><F20/><W15/><G23/><T109/><D109/><U21/><E105/><V48/><F48/><W128/><G110/><T134/><D134/><U45/><E21/><V92/><F92/><W2/><G111/><T76/><D76/><U61/><E112/><AGARI ba="0,1" hai="16,17,27,29,34,38,40,47,59,62,67,112,114,115" machi="112" ten="40,8000,1" yaku="1,1,52,1,54,1,53,1" doraHai="31" doraHaiUra="30" who="2" fromWho="1" sc="250,0,250,-80,240,90,250,0" /><INIT seed="1,0,0,0,4,126" ten="250,170,330,250" oya="1" hai0="58,8,69,70,21,79,85,93,30,88,89,86,111" hai1="73,22,109,127,82,116,52,104,36,60,31,13,37" hai2="90,134,100,95,129,117,75,77,101,9,108,110,11" hai3="91,124,46,2,106,66,122,71,19,32,16,48,1"/><U97/><E116/><V81/><F117/><W7/><G122/><T51/><D79/><U35/><E127/><V59/><F134/><W5/><G106/><T17/><D30/><U33/><E109/><N who="2" m="42091" /><F59/><W63/><G32/><T43/><D111/><U24/><E35/><V113/><F113/><W72/><G124/><T92/><D8/><N who="2" m="3146" /><F129/><W56/><G72/><T132/><D132/><U28/><E37/><V102/><F102/><W38/><G38/><T131/><D131/><U3/><E3/><V67/><F67/><W64/><G1/><T74/><D74/><U14/><E36/><V120/><F120/><W105/><G2/><T18/><D58/><U135/><E135/><V54/><F54/><W12/><G66/><T25/><REACH who="0" step="1"/><D17/><REACH who="0" ten="240,170,330,250" step="2"/><U6/><E73/><V47/><F47/><AGARI ba="0,1" hai="18,21,25,43,47,51,69,70,85,86,88,89,92,93" machi="47" ten="40,8000,1" yaku="1,1,2,1,9,1,54,1,53,1" doraHai="126" doraHaiUra="15" who="0" fromWho="2" sc="240,90,170,0,330,-80,250,0" /><INIT seed="2,0,0,2,0,95" ten="330,170,250,250" oya="2" hai0="26,86,71,18,32,40,4,61,128,6,94,22,46" hai1="38,77,116,110,9,68,98,133,120,56,8,25,31" hai2="11,70,57,106,50,87,117,37,89,91,127,66,100" hai3="118,129,80,79,34,102,21,44,7,12,20,74,67"/><V63/><F117/><W109/><G34/><T49/><D128/><U72/><E68/><V108/><F37/><W5/><G118/><T96/><D32/><U27/><E116/><V47/><F127/><W122/><G122/><T76/><D71/><U119/><E119/><V134/><F134/><W78/><G129/><T19/><D61/><U10/><E120/><V33/><F33/><W45/><G109/><T3/><D3/><U41/><E110/><V30/><F30/><W1/><G1/><T103/><D19/><U62/><E133/><V54/><F108/><W115/><G115/><T51/><D49/><U99/><E72/><V92/><F106/><W14/><G67/><T83/><AGARI ba="0,0" hai="4,6,18,22,26,40,46,51,76,83,86,94,96,103" machi="83" ten="30,4000,0" yaku="0,1,8,1,52,1" doraHai="95" who="0" fromWho="0" sc="330,40,170,-10,250,-20,250,-10" /><INIT seed="3,0,0,4,5,21" ten="370,160,230,240" oya="3" hai0="49,23,80,40,10,9,121,47,0,98,126,44,129" hai1="81,100,22,113,94,11,127,70,72,112,37,27,48" hai2="55,123,68,133,30,93,58,53,103,135,54,96,5" hai3="82,16,99,63,19,57,111,31,67,104,79,95,64"/><W120/><G104/><T108/><D121/><U106/><E37/><V85/><F68/><W89/><G120/><T92/><D0/><U119/><E106/><V117/><F123/><W122/><G122/><T88/><D108/><U90/><E127/><V69/><F69/><W97/><G97/><BYE who="3" /><T46/><D126/><U6/><E70/><UN n3="%E7%9B%AE%E6%A8%99%EF%BC%B2%EF%BC%92%EF%BC%91%EF%BC%90%EF%BC%90%E2%99%AA" /><V32/><F117/><W115/><G115/><T124/><D124/><U125/><E119/><V87/><F5/><W29/><G111/><T4/><D129/><U134/><E134/><N who="2" m="51211" /><F58/><W50/><G64/><T71/><D71/><U24/><E125/><V18/><F18/><W20/><G50/><T56/><D56/><U59/><E100/><V75/><F75/><W2/><G2/><T84/><D23/><U60/><E48/><V77/><F77/><W102/><G102/><T38/><D4/><U76/><E112/><V52/><N who="2" m="13312" /><DORA hai="35" /><V13/><F13/><W39/><G39/><T34/><D38/><U17/><E113/><V51/><F51/><W132/><G132/><T36/><D36/><U110/><E110/><V41/><F41/><W118/><G118/><T65/><D65/><U107/><E59/><V15/><F15/><W73/><G19/><T43/><D49/><U26/><E60/><V128/><F128/><W7/><G7/><T86/><D43/><U114/><E114/><V131/><F131/><W8/><G8/><T61/><D9/><U1/><E107/><V101/><F101/><W45/><G45/><T66/><D46/><U3/><E3/><V33/><F33/><W74/><G73/><T28/><D40/><RYUUKYOKU ba="0,0" sc="370,-30,160,10,230,10,240,10" hai1="1,6,11,17,22,24,26,27,72,76,81,90,94" hai2="30,32,85,87,93,96,103" hai3="16,20,29,31,57,63,67,74,79,82,89,95,99" /><INIT seed="3,1,0,3,3,46" ten="340,170,240,250" oya="3" hai0="16,104,128,57,31,10,60,111,45,33,113,70,11" hai1="23,32,28,43,102,100,133,14,55,71,37,91,126" hai2="92,105,77,9,6,4,124,24,130,20,59,131,103" hai3="26,5,81,25,132,66,18,41,13,108,93,120,12"/><W118/><G120/><T63/><D104/><U123/><E123/><V42/><F105/><W109/><G118/><T112/><D111/><N who="3" m="42569" /><G132/><T67/><D128/><U29/><E71/><V34/><F34/><W73/><G66/><T84/><D45/><U115/><E115/><N who="0" m="44105" /><D31/><U27/><E133/><V79/><F124/><W94/><G41/><T78/><D33/><U98/><E126/><V106/><F4/><W36/><G36/><T51/><D51/><U30/><E43/><V122/><F106/><W82/><G5/><T44/><D44/><U39/><E37/><V65/><F122/><W107/><G107/><T89/><D78/><U21/><E39/><V83/><F42/><W2/><G2/><T40/><D40/><U85/><E32/><V54/><F65/><W127/><G127/><T0/><D16/><N who="1" m="10391" /><E55/><V125/><F125/><W8/><G13/><T50/><D0/><U129/><E129/><V121/><F130/><W86/><G73/><T19/><D19/><N who="1" m="12799" /><E98/><N who="2" m="59847" /><F131/><W95/><G82/><AGARI ba="1,0" hai="28,29,30,82,85,91,100,102" m="12799,10391" machi="82" ten="30,2000,0" yaku="8,1,54,1" doraHai="46" who="1" fromWho="3" sc="340,0,170,23,240,0,250,-23" /><INIT seed="4,0,0,2,3,20" ten="340,193,240,227" oya="0" hai0="62,68,13,21,7,83,37,106,127,46,115,12,17" hai1="135,73,38,77,101,82,76,117,50,39,4,15,72" hai2="58,75,42,116,133,110,128,59,118,79,111,61,98" hai3="54,29,67,11,107,134,91,47,90,65,74,27,28"/><T33/><D106/><U85/><E117/><N who="2" m="45163" /><F79/><W103/><G74/><T124/><D33/><U14/><E135/><V57/><F75/><W32/><G134/><T70/><D62/><U114/><E50/><V112/><F98/><W126/><G126/><N who="0" m="48171" /><D83/><U132/><E132/><V53/><F133/><W36/><G28/><T94/><D94/><U49/><E49/><V80/><F80/><W35/><G35/><T8/><D115/><U30/><E30/><V130/><F112/><W56/><G11/><T93/><D93/><U24/><E114/><V129/><F42/><AGARI ba="0,0" hai="7,8,12,13,17,21,37,42,46,68,70" m="48171" machi="42" ten="30,1500,0" yaku="18,1" doraHai="20" who="0" fromWho="2" sc="340,15,193,0,240,-15,227,0" /><INIT seed="4,1,0,3,1,120" ten="355,193,225,227" oya="0" hai0="69,80,131,127,93,96,19,54,1,29,129,81,115" hai1="76,132,98,30,110,50,45,43,8,56,63,46,100" hai2="82,119,91,111,3,67,17,124,79,33,20,74,35" hai3="0,26,47,36,89,101,135,73,71,22,125,133,126"/><T6/><D69/><U58/><E132/><N who="3" m="50762" /><G0/><T68/><D29/><U4/><E76/><V16/><F124/><N who="3" m="47723" /><G71/><T24/><D68/><U75/><E75/><V60/><F119/><W11/><G73/><T70/><D70/><U78/><E78/><V103/><F3/><W13/><G101/><T106/><D1/><U108/><E30/><V55/><F103/><W25/><G89/><T21/><D127/><U42/><E8/><V113/><F113/><W27/><G36/><T114/><D114/><U116/><E4/><V51/><F91/><W15/><G47/><T83/><D6/><U109/><E116/><V61/><F17/><N who="3" m="8383" /><G15/><T49/><D115/><U77/><E77/><V28/><F61/><W38/><G38/><T121/><D83/><U18/><E63/><V97/><F97/><W87/><G87/><T134/><D81/><U66/><E66/><V128/><F60/><W59/><G59/><T84/><D96/><U94/><REACH who="1" step="1"/><E18/><AGARI ba="1,0" hai="18,22,25,26,27" m="8383,47723,50762" machi="18" ten="30,7700,0" yaku="20,1,18,1,34,2" doraHai="120" who="3" fromWho="1" sc="355,0,193,-80,225,0,227,80" /><INIT seed="5,0,0,2,0,69" ten="355,113,225,307" oya="1" hai0="125,8,107,2,96,98,126,9,81,5,4,120,134" hai1="68,75,103,102,31,84,39,46,108,133,23,66,37" hai2="62,109,92,89,24,71,53,86,117,32,73,123,76" hai3="3,13,55,57,26,28,56,65,121,77,104,45,34"/><U25/><E75/><V20/><F123/><W87/><G3/><T116/><D116/><U83/><E133/><V85/><F117/><W97/><G121/><T72/><D120/><U22/><E108/><V119/><F109/><W29/><G29/><T101/><D98/><U128/><E128/><V35/><F119/><W135/><G135/><T82/><D134/><U47/><E22/><V79/><F73/><W0/><G0/><T30/><D30/><U91/><E47/><V50/><F32/><W115/><G115/><T95/><D95/><U113/><E113/><V93/><F35/><W43/><G65/><T106/><D106/><U12/><E12/><V94/><F62/><W110/><G110/><T114/><D114/><U36/><REACH who="1" step="1"/><E46/><REACH who="1" ten="355,103,225,307" step="2"/><V64/><F20/><W14/><G45/><T41/><D2/><U15/><E15/><V19/><F24/><W112/><G14/><T130/><D130/><U6/><E6/><V18/><F18/><W52/><G13/><T49/><D4/><U111/><E111/><V78/><F19/><W58/><G112/><T122/><D5/><U131/><E131/><V44/><F71/><W48/><G26/><T127/><D72/><U21/><E21/><V7/><F7/><W129/><G129/><T118/><D126/><U61/><AGARI ba="0,1" hai="23,25,31,36,37,39,61,66,68,83,84,91,102,103" machi="61" ten="40,18000,2" yaku="1,1,0,1,52,3,53,1" doraHai="69" doraHaiUra="67" who="1" fromWho="1" sc="355,-60,103,190,225,-60,307,-60" /><INIT seed="5,1,0,0,1,101" ten="295,293,165,247" oya="1" hai0="22,71,25,10,1,99,5,75,53,84,133,59,121" hai1="114,32,67,11,27,69,34,90,30,78,105,125,61" hai2="60,13,96,92,55,33,58,103,72,68,82,12,89" hai3="113,87,88,56,135,134,122,24,29,94,16,26,45"/><U23/><E114/><V7/><F33/><W15/><G113/><T40/><D75/><U49/><E125/><V38/><F38/><W85/><G122/><T80/><D121/><U110/><E110/><V100/><F100/><W39/><G56/><T31/><D71/><U66/><E78/><V4/><F68/><W43/><G85/><T117/><D133/><N who="3" m="50697" /><G29/><T112/><D112/><U51/><E11/><AGARI ba="1,0" hai="11,15,16,24,26,39,43,45,87,88,94" m="50697" machi="11" ten="30,3900,0" yaku="20,1,54,2" doraHai="101" who="3" fromWho="1" sc="295,0,293,-42,165,0,247,42" /><INIT seed="6,0,0,5,2,92" ten="295,251,165,289" oya="2" hai0="104,57,132,93,0,115,46,124,1,50,107,36,32" hai1="37,9,38,5,43,82,22,72,125,131,55,133,88" hai2="47,103,20,111,19,130,84,61,73,27,99,49,65" hai3="102,13,14,42,6,110,25,51,69,100,77,89,63"/><V67/><F73/><W97/><G110/><T40/><D32/><U87/><E125/><V68/><F130/><W8/><G69/><T39/><D124/><U31/><E131/><V24/><F111/><W2/><G63/><T23/><D132/><U134/><E55/><V15/><F67/><W64/><G64/><T127/><D127/><U60/><E60/><V81/><F81/><W4/><G77/><T101/><D93/><U18/><E31/><V52/><REACH who="2" step="1"/><F84/><REACH who="2" ten="295,251,155,289" step="2"/><W54/><G2/><T105/><D0/><U59/><E72/><V95/><AGARI ba="0,1" hai="15,19,20,24,27,47,49,52,61,65,68,95,99,103" machi="95" ten="20,18000,2" yaku="1,1,2,1,0,1,7,1,52,1,54,1,53,0" doraHai="92" doraHaiUra="106" who="2" fromWho="2" sc="295,-60,251,-60,155,190,289,-60" /><INIT seed="6,1,0,1,5,118" ten="235,191,345,229" oya="2" hai0="52,58,111,86,80,75,39,83,135,17,122,97,45" hai1="92,90,54,32,59,84,117,23,101,44,69,53,126" hai2="81,125,127,62,114,109,56,11,112,15,99,85,16" hai3="82,108,89,25,22,20,0,130,113,102,129,63,10"/><V96/><F109/><W71/><G108/><T55/><D111/><U33/><E117/><V27/><F27/><W78/><G113/><N who="2" m="43625" /><F81/><W116/><G116/><T131/><D135/><U57/><E69/><V18/><F85/><W132/><G132/><T36/><D131/><U3/><E3/><V4/><F4/><W110/><G102/><T76/><D122/><U103/><E126/><N who="2" m="48139" /><F18/><W67/><G110/><T88/><D97/><U133/><E133/><V28/><F28/><W120/><G0/><T2/><D2/><U93/><E23/><V51/><F51/><W14/><G22/><T95/><D83/><U9/><E84/><V64/><AGARI ba="1,0" hai="11,15,16,56,62,64,96,99" m="48139,43625" machi="64" ten="30,6000,0" yaku="15,1,18,1,54,1" doraHai="118" who="2" fromWho="2" sc="235,-21,191,-21,345,63,229,-21" /><INIT seed="6,2,0,3,4,123" ten="214,170,408,208" oya="2" hai0="121,125,24,35,25,135,100,48,52,55,92,41,120" hai1="67,8,61,64,104,122,103,0,97,66,110,31,21" hai2="131,78,34,108,118,6,26,82,105,99,50,7,81" hai3="53,60,72,80,20,129,58,77,23,1,93,10,73"/><V44/><F118/><W79/><G129/><T14/><D135/><U9/><E122/><V30/><F131/><W102/><G1/><T94/><D125/><U42/><E42/><V46/><F108/><W116/><G116/><T63/><D41/><U43/><E43/><V76/><F46/><W16/><G10/><T96/><D14/><U88/><E110/><V12/><F12/><W127/><G127/><T98/><D63/><U87/><E61/><V70/><F70/><W83/><G16/><T54/><D48/><U126/><E126/><V2/><F2/><W29/><G29/><T15/><D15/><U36/><E36/><V19/><F19/><W119/><G119/><T132/><D132/><U130/><E130/><V11/><F11/><W37/><G37/><T86/><D86/><U91/><E91/><V13/><F13/><W117/><G117/><T47/><D47/><U71/><E71/><V90/><F105/><W112/><G112/><T59/><D59/><U133/><E133/><V68/><F68/><W56/><G56/><T107/><D107/><U22/><E0/><V95/><F82/><W124/><G124/><T39/><D39/><U62/><E62/><V49/><F49/><W106/><G106/><T57/><D57/><U111/><E111/><V101/><F101/><W40/><G40/><T5/><D5/><U28/><E9/><V38/><F38/><W27/><G27/><N who="0" m="10315" /><D35/><U69/><E69/><V134/><F134/><W74/><G73/><T18/><D18/><U33/><E8/><V128/><F128/><W85/><G74/><T114/><D114/><RYUUKYOKU ba="2,0" sc="214,15,170,-15,408,-15,208,15" hai0="52,54,55,92,94,96,98,100,120,121" hai3="20,23,53,58,60,72,77,79,80,83,85,93,102" /><INIT seed="7,3,0,1,4,69" ten="229,155,393,223" oya="3" hai0="3,22,75,41,35,57,27,63,131,7,96,48,40" hai1="39,99,104,101,129,60,85,12,37,105,95,134,44" hai2="112,93,106,118,49,113,68,6,56,24,67,87,100" hai3="108,127,114,14,109,26,11,79,51,42,33,20,74"/><W123/><G123/><T83/><D35/><U71/><E134/><V13/><F118/><W82/><G114/><N who="2" m="44137" /><F68/><W25/><G127/><T124/><D124/><U117/><E117/><V76/><F106/><W86/><G33/><T15/><D3/><U102/><E129/><V43/><F24/><W111/><G74/><T120/><D120/><U54/><E44/><N who="2" m="25759" /><F100/><W32/><G32/><T2/><D2/><U97/><E12/><V70/><F70/><W52/><G42/><T125/><D27/><U84/><E54/><V66/><F56/><N who="3" m="32799" /><G20/><T119/><D22/><U128/><E128/><V78/><F93/><W110/><N who="3" m="28160" /><DORA hai="1" /><W21/><G21/><T121/><D41/><U90/><E85/><V46/><F46/><W122/><G122/><T58/><D40/><U98/><E84/><V55/><F55/><W28/><G28/><T133/><D75/><U64/><AGARI ba="3,0" hai="37,39,60,64,71,90,95,97,98,99,101,102,104,105" machi="64" ten="30,7900,0" yaku="0,1,9,1,52,2" doraHai="69,1" who="1" fromWho="1" sc="229,-23,155,88,393,-23,223,-42" owari="206,-19.0,243,4.0,370,47.0,181,-32.0" /></mjloggm>