<mjloggm ver="2.3"><GO type="169" lobby="0"/><UN n0="%E5%89%AF%E5%AF%AE%E9%95%B7" n1="%6E%61%6E%6E%61%6E%79%61" n2="%EF%BC%A3%EF%BC%93%E9%BE%8D%E9%96%80" n3="%6D%69%6C%6C%72%65%65%66" dan="16,16,16,17" rate="2088.88,2057.27,2075.80,2194.09" sx="M,M,M,M"/><TAIKYOKU oya="0"/><INIT seed="0,0,0,4,4,85" ten="250,250,250,250" oya="0" hai0="84,117,76,3,120,9,4,21,27,56,16,14,58" hai1="96,112,33,25,124,42,102,37,20,105,109,128,118" hai2="70,134,87,54,64,7,40,61,66,104,103,1,12" hai3="122,55,127,34,45,46,69,29,74,65,5,108,111"/><T24/><D120/><U53/><E118/><V68/><F1/><W52/><G74/><T82/><D117/><U101/><E33/><V72/><F72/><W17/><G5/><T91/><D27/><U89/><E128/><V99/><F134/><W22/><G122/><T8/><REACH who="0" step="1"/><D76/><REACH who="0" ten="240,250,250,250" step="2"/><U115/><E115/><V26/><F26/><W67/><G111/><T6/><AGARI ba="0,1" hai="3,4,6,8,9,14,16,21,24,56,58,82,84,91" machi="6" ten="20,18000,2" yaku="1,1,2,1,0,1,7,1,52,1,54,1,53,0" doraHai="85" doraHaiUra="47" who="0" fromWho="0" sc="240,190,250,-60,250,-60,250,-60" /><INIT seed="0,1,0,2,5,0" ten="430,190,190,190" oya="0" hai0="129,103,65,1,45,42,116,107,30,123,86,126,66" hai1="28,20,125,23,104,72,89,69,47,71,100,46,120" hai2="37,57,122,56,64,133,33,36,115,85,112,109,98" hai3="54,87,39,95,49,59,51,35,18,84,78,121,130"/><T6/><D123/><U62/><E120/><V111/><F33/><W108/><G39/><N who="2" m="14921" /><F98/><W5/><G121/><T29/><D129/><U90/><E72/><V48/><F85/><W34/><G130/><T15/><D1/><U9/><E100/><V22/><F22/><W16/><G108/><N who="2" m="41545" /><F122/><W75/><G75/><T14/><D86/><N who="3" m="32809" /><G34/><T97/><D15/><U114/><E9/><V77/><F77/><W82/><G35/><T135/><D29/><U131/><E28/><V24/><F24/><W113/><G113/><N who="2" m="43593" /><F133/><W101/><G78/><T21/><D135/><U61/><E114/><V93/><F93/><W134/><G134/><T74/><D21/><U19/><E131/><V26/><F26/><W106/><G106/><T99/><D107/><U38/><E38/><V3/><F3/><W119/><G95/><T70/><D99/><U31/><E31/><V52/><F64/><W32/><G32/><T81/><D66/><U13/><E104/><V53/><F48/><N who="3" m="31175" /><G101/><T2/><D65/><U124/><E13/><V127/><F127/><W79/><G79/><T128/><D14/><U88/><E89/><V41/><F41/><W7/><G82/><T110/><D2/><U11/><E11/><V63/><F63/><W73/><G73/><T91/><D74/><U55/><E19/><N who="3" m="7210" /><G119/><T50/><D116/><U8/><E8/><V92/><F92/><W102/><G102/><T44/><D103/><U68/><E68/><V76/><F76/><W118/><G118/><T94/><D70/><U83/><E83/><V25/><F25/><W27/><G27/><T117/><D110/><RYUUKYOKU ba="1,0" sc="430,-30,190,10,190,10,190,10" hai1="20,23,46,47,55,61,62,69,71,88,90,124,125" hai2="52,53,56,57" hai3="5,7,49,51" /><INIT seed="1,2,0,2,3,89" ten="400,200,200,200" oya="1" hai0="131,48,41,95,120,9,77,19,8,33,45,125,32" hai1="4,133,38,129,82,10,15,27,29,76,75,20,118" hai2="12,47,135,14,102,28,25,43,68,69,98,16,66" hai3="117,134,71,37,126,51,5,34,101,11,72,128,24"/><U61/><E118/><V35/><F12/><W113/><RYUUKYOKU type="yao9" ba="2,0" sc="400,0,200,0,200,0,200,0" hai3="5,11,24,34,37,51,71,72,101,113,117,126,128,134" /><INIT seed="1,3,0,2,0,109" ten="400,200,200,200" oya="1" hai0="31,105,115,66,102,39,128,88,20,52,77,69,33" hai1="56,103,6,26,34,113,75,16,114,97,85,79,36" hai2="70,15,67,106,93,68,125,80,51,81,25,7,30" hai3="10,101,3,46,4,112,35,38,83,82,84,135,59"/><U17/><E36/><V19/><F106/><W99/><G35/><T57/><D39/><U28/><E75/><V100/><F125/><W63/><G135/><T130/><D77/><U111/><E111/><V91/><F7/><W107/><G112/><T18/><D33/><U27/><E6/><V47/><F100/><W64/><REACH who="3" step="1"/><G84/><REACH who="3" ten="400,200,200,190" step="2"/><T78/><D128/><U48/><E114/><V62/><F70/><W76/><G76/><T42/><D115/><U60/><E113/><V95/><F68/><W120/><G120/><T132/><D78/><U121/><E121/><V5/><F80/><W123/><G123/><T45/><D130/><U22/><E79/><V21/><F81/><W117/><G117/><T41/><D132/><U65/><E85/><V40/><F95/><W133/><G133/><T13/><D69/><U127/><E127/><V49/><F93/><W129/><G129/><T71/><D71/><U72/><E72/><V29/><F91/><W32/><G32/><T50/><D88/><U104/><REACH who="1" step="1"/><E48/><REACH who="1" ten="400,190,200,190" step="2"/><V131/><F51/><W9/><G9/><T43/><D50/><U134/><E134/><V119/><F131/><W12/><G12/><T86/><D13/><U1/><E1/><V24/><F119/><W108/><G108/><T98/><D86/><U126/><E126/><V124/><F124/><W14/><G14/><T53/><D98/><U110/><E110/><V23/><F15/><W61/><G61/><T87/><D87/><U8/><E8/><V2/><F62/><W118/><G118/><T92/><D105/><U44/><E44/><V73/><F49/><RYUUKYOKU ba="3,2" sc="400,-15,190,15,200,-15,190,15" hai1="16,17,22,26,27,28,34,56,60,65,97,103,104" hai3="3,4,10,38,46,59,63,64,82,83,99,101,107" /><INIT seed="1,4,2,2,3,41" ten="385,205,185,205" oya="1" hai0="113,80,46,10,131,92,12,22,39,104,20,1,7" hai1="85,6,69,13,121,97,109,118,66,115,3,107,40" hai2="110,70,88,54,94,132,103,31,135,112,114,50,24" hai3="134,87,93,49,27,23,73,8,120,32,4,101,72"/><U74/><E115/><N who="2" m="44075" /><F103/><W81/><G32/><T126/><D104/><U58/><E74/><V108/><F70/><W43/><G120/><T45/><D113/><U60/><E3/><V122/><F122/><W106/><G106/><T62/><D39/><U127/><E121/><V84/><F54/><W99/><G134/><N who="2" m="51241" /><F50/><W42/><G72/><T130/><D1/><U91/><E118/><V30/><F30/><N who="3" m="17791" /><G73/><T124/><D92/><U26/><E26/><V35/><AGARI ba="4,2" hai="24,31,35,84,88,94,108,110" m="51241,44075" machi="35" ten="40,5200,0" yaku="11,1,20,1,54,1" doraHai="41" who="2" fromWho="2" sc="385,-17,205,-30,185,84,205,-17" /><INIT seed="2,0,0,3,3,67" ten="368,175,269,188" oya="2" hai0="94,18,33,104,40,90,54,98,11,57,127,100,14" hai1="74,79,120,135,24,31,82,0,61,26,1,76,83" hai2="34,6,55,9,62,48,121,27,37,66,23,81,89" hai3="25,70,73,8,87,29,45,101,77,12,117,43,115"/><V126/><F37/><W119/><G73/><T123/><D127/><U52/><E135/><V86/><F34/><W116/><G101/><T3/><D123/><U113/><E113/><V118/><F118/><W109/><G109/><T124/><D124/><U75/><E120/><V38/><F38/><W47/><G115/><T88/><D33/><U108/><E108/><V60/><F66/><W122/><G122/><T22/><D40/><U69/><E26/><V105/><F105/><W80/><G70/><T130/><D130/><U111/><E111/><V15/><F126/><W85/><G85/><T4/><REACH who="0" step="1"/><D104/><REACH who="0" ten="358,175,269,188" step="2"/><U59/><E69/><V21/><F121/><W133/><G43/><T112/><D112/><U95/><REACH who="1" step="1"/><E95/><REACH who="1" ten="358,165,269,188" step="2"/><V28/><REACH who="2" step="1"/><F23/><AGARI ba="0,2" hai="0,1,23,24,31,52,59,61,74,75,76,79,82,83" machi="23" ten="30,12000,2" yaku="1,1,2,1,7,1,9,1,54,1,53,1" doraHai="67" doraHaiUra="56" who="1" fromWho="2" sc="358,0,165,140,269,-120,188,0" /><INIT seed="3,0,0,2,1,22" ten="358,305,149,188" oya="3" hai0="58,35,70,104,30,95,94,57,46,72,60,120,9" hai1="51,74,85,125,109,61,100,28,105,3,86,63,90" hai2="41,96,19,82,135,118,34,122,79,62,128,45,54" hai3="71,119,133,17,23,39,101,33,15,40,69,106,127"/><W99/><G119/><T84/><D104/><U123/><E74/><V55/><F34/><W53/><G133/><T16/><D72/><U97/><E3/><V38/><F135/><W93/><G127/><T48/><D120/><U0/><E0/><V103/><F122/><W5/><G33/><T2/><D70/><U12/><E125/><V49/><F128/><W1/><G53/><T31/><D2/><U27/><E123/><V107/><F118/><W80/><G106/><T77/><D77/><U36/><E36/><V66/><F38/><W87/><G40/><T76/><D76/><U7/><E51/><V110/><F110/><W78/><REACH who="3" step="1"/><G39/><REACH who="3" ten="358,305,149,178" step="2"/><T18/><D35/><U132/><E132/><V68/><REACH who="2" step="1"/><F19/><REACH who="2" ten="358,305,139,178" step="2"/><W117/><G117/><T20/><D18/><U130/><E130/><V91/><F91/><W50/><G50/><T52/><D48/><U129/><E129/><V25/><F25/><W134/><G134/><T13/><D16/><U112/><E90/><V21/><F21/><W32/><G32/><T116/><D20/><U121/><E27/><V124/><F124/><W26/><G26/><T88/><D116/><U56/><E121/><V98/><F98/><W43/><G43/><T131/><D131/><U29/><E97/><V126/><F126/><W6/><G6/><T37/><D37/><U11/><E7/><V111/><F111/><W8/><AGARI ba="0,2" hai="1,5,8,15,17,23,69,71,78,80,87,93,99,101" machi="8" ten="30,3000,0" yaku="1,1,0,1,53,0" doraHai="22" doraHaiUra="44" who="3" fromWho="3" sc="358,-10,305,-10,139,-10,178,50" /><INIT seed="3,1,0,4,1,89" ten="348,295,129,228" oya="3" hai0="86,87,91,95,44,114,37,99,42,43,3,107,46" hai1="48,18,33,0,80,96,31,97,105,119,128,38,62" hai2="56,78,57,126,17,129,14,58,51,110,106,54,7" hai3="118,104,36,90,121,6,72,40,81,112,124,34,52"/><W134/><RYUUKYOKU type="yao9" ba="1,0" sc="348,0,295,0,129,0,228,0" hai3="6,34,36,40,52,72,81,90,104,112,118,121,124,134" /><INIT seed="3,2,0,4,3,59" ten="348,295,129,228" oya="3" hai0="104,33,103,76,12,81,17,94,18,34,1,109,116" hai1="100,23,16,101,69,0,14,11,77,26,41,58,96" hai2="120,128,10,113,4,51,92,89,39,24,99,74,27" hai3="112,80,60,9,130,78,126,87,127,122,90,5,31"/><W134/><G122/><T110/><D1/><U44/><E69/><V7/><F120/><W123/><G123/><T36/><D104/><U97/><E0/><V70/><F113/><W107/><G112/><T49/><D36/><U57/><E77/><V108/><F128/><W47/><G107/><T83/><D116/><U65/><E97/><V117/><F117/><W50/><G130/><T133/><D133/><U82/><E82/><V129/><F39/><W21/><G134/><T32/><D83/><U135/><E135/><V22/><F129/><W3/><G31/><T35/><D49/><N who="1" m="26767" /><E96/><V79/><F108/><W124/><G21/><T88/><D103/><N who="1" m="39499" /><E65/><V118/><F70/><W38/><G38/><T86/><D18/><AGARI ba="2,0" hai="11,14,16,18,23,26,57,58" m="39499,26767" machi="18" ten="30,2000,0" yaku="8,1,54,1" doraHai="59" who="1" fromWho="0" sc="348,-26,295,26,129,0,228,0" /><INIT seed="4,0,0,0,5,1" ten="322,321,129,228" oya="0" hai0="77,17,21,73,121,20,52,24,45,102,46,95,43" hai1="67,128,29,28,113,41,26,98,53,114,80,60,72" hai2="54,57,59,75,107,122,33,133,84,132,22,4,44" hai3="38,117,96,49,58,127,27,42,31,124,35,36,56"/><T3/><D121/><U32/><E41/><V103/><F33/><W82/><G117/><T106/><D106/><U86/><E72/><V81/><F75/><W14/><G82/><T101/><D3/><U134/><E53/><V129/><F122/><W70/><G70/><T13/><D73/><U25/><E98/><V90/><F129/><W63/><G96/><T68/><D68/><U15/><E15/><V83/><F107/><W8/><G49/><N who="0" m="28727" /><D77/><U19/><E19/><V116/><F116/><W61/><G61/><T110/><D110/><U34/><E128/><V5/><F103/><W120/><G120/><T64/><D64/><U130/><E134/><N who="2" m="51819" /><F44/><N who="3" m="23623" /><G63/><T104/><D104/><U91/><E130/><V30/><F83/><W11/><G38/><T112/><D112/><U10/><E10/><N who="3" m="3626" /><G14/><T87/><D45/><U66/><E60/><N who="2" m="35895" /><F59/><W39/><G39/><T51/><D51/><U123/><E123/><V89/><F89/><W0/><G0/><T55/><D55/><U125/><E114/><V62/><F62/><W74/><G74/><T118/><D43/><U97/><E113/><V18/><F30/><W93/><G93/><T111/><D111/><U7/><E67/><V92/><F81/><W16/><G58/><T94/><D118/><U100/><E66/><V23/><F22/><N who="3" m="13767" /><G56/><T37/><D37/><U131/><E131/><V126/><F126/><N who="3" m="48171" /><G31/><N who="0" m="17799" /><D95/><U47/><E125/><V109/><F109/><W88/><G35/><T105/><D105/><U99/><E47/><V40/><F40/><W65/><G65/><T2/><D2/><U69/><E69/><V119/><F119/><RYUUKYOKU ba="0,0" sc="322,10,321,-30,129,10,228,10" hai0="13,17,21,87,94,101,102" hai2="4,5,18,23,84,90,92" hai3="88" /><INIT seed="4,1,0,3,4,7" ten="332,291,139,238" oya="0" hai0="57,46,49,105,72,103,95,0,13,18,63,48,78" hai1="24,42,17,93,52,80,3,90,73,121,54,43,36" hai2="126,55,94,40,109,91,127,75,11,71,12,97,64" hai3="4,89,70,114,34,134,102,39,112,79,113,8,67"/><T110/><D105/><U65/><E3/><V58/><F75/><W100/><G34/><T76/><D0/><U35/><E121/><V22/><F109/><W96/><G39/><T33/><D33/><U2/><E2/><V9/><F40/><W129/><G79/><T68/><D68/><U130/><E130/><V29/><F64/><W31/><G31/><T101/><D110/><U32/><E65/><V118/><F71/><W98/><G129/><T51/><D46/><U85/><E35/><V133/><F118/><W1/><G134/><T23/><D72/><U61/><E36/><V20/><F133/><W41/><G41/><T6/><D6/><U56/><E54/><V69/><F69/><W66/><G89/><T10/><D23/><N who="2" m="8746" /><F12/><W131/><G131/><T25/><D25/><U135/><E17/><V26/><F26/><W83/><G83/><T124/><D124/><N who="2" m="47658" /><F29/><W16/><G16/><T74/><D74/><U28/><E135/><V77/><F77/><N who="0" m="29802" /><D95/><U21/><E32/><V47/><F47/><W128/><G128/><T99/><D99/><N who="3" m="37929" /><G67/><AGARI ba="1,0" hai="10,13,18,48,49,51,57,63,67,101,103" m="29802" machi="67" ten="30,2900,0" yaku="8,1,52,1" doraHai="7" who="0" fromWho="3" sc="332,32,291,0,139,0,238,-32" /><INIT seed="4,2,0,3,3,37" ten="364,291,139,206" oya="0" hai0="31,113,26,36,57,99,86,39,14,68,38,7,19" hai1="62,91,103,45,54,40,72,97,118,2,85,12,134" hai2="65,3,109,133,42,51,102,11,104,117,105,53,124" hai3="80,121,24,41,21,13,23,107,28,112,88,126,18"/><T27/><D68/><U96/><E2/><V127/><F117/><W44/><G107/><T122/><D7/><U125/><E72/><V81/><F109/><W78/><G126/><N who="2" m="48169" /><F102/><W35/><G112/><T10/><D122/><U22/><E125/><V75/><F65/><W89/><G121/><T92/><D113/><U60/><E118/><V115/><F133/><W100/><G100/><T98/><D57/><U76/><E76/><N who="2" m="44191" /><F115/><W84/><REACH who="3" step="1"/><G35/><REACH who="3" ten="364,291,139,196" step="2"/><T73/><D73/><U120/><E120/><V114/><F114/><W119/><G119/><T59/><D31/><U116/><E116/><V43/><F105/><W16/><G16/><T29/><D29/><U49/><E103/><V87/><F104/><W46/><G46/><T70/><D19/><U94/><E134/><V77/><F77/><W123/><G123/><T5/><D70/><U110/><E110/><V106/><F106/><W74/><G74/><T131/><D59/><U66/><E45/><N who="2" m="27887" /><F87/><W82/><G82/><T50/><D86/><U17/><E85/><V6/><AGARI ba="2,1" hai="3,6,11,42,43" m="27887,44191,48169" machi="6" ten="30,4000,0" yaku="18,1,52,2" doraHai="37" who="2" fromWho="2" sc="364,-22,291,-12,139,56,196,-12" /><INIT seed="5,0,0,0,3,10" ten="342,279,195,184" oya="1" hai0="73,2,50,22,82,111,18,99,88,98,0,89,94" hai1="42,131,124,45,26,40,79,31,27,122,113,95,62" hai2="109,14,5,70,83,59,74,68,105,39,65,13,64" hai3="34,76,126,21,67,66,6,43,125,87,127,17,46"/><U90/><E122/><V104/><F59/><W132/><G34/><T103/><D111/><U118/><E118/><V81/><F5/><W134/><G6/><T24/><D89/><U49/><E113/><V32/><F32/><W121/><G76/><T41/><D73/><U19/><E79/><V129/><F39/><N who="3" m="21887" /><G87/><T133/><D133/><N who="3" m="51305" /><G121/><T130/><D130/><U116/><E42/><V48/><F48/><W119/><G119/><T15/><D24/><AGARI ba="0,0" hai="17,21,24,66,67,125,126,127" m="51305,21887" machi="24" ten="40,2600,0" yaku="18,1,20,1" doraHai="10" who="3" fromWho="0" sc="342,-26,279,0,195,0,184,26" /><INIT seed="6,0,0,3,5,98" ten="316,279,195,210" oya="2" hai0="134,78,86,92,79,20,57,125,101,112,116,29,44" hai1="33,52,97,132,32,16,54,82,120,123,59,9,48" hai2="49,110,21,47,113,68,23,45,83,90,31,109,41" hai3="88,94,25,70,30,122,51,80,119,12,67,84,50"/><V34/><F68/><W63/><G119/><T10/><D112/><U64/><E64/><V46/><F113/><W0/><G122/><N who="1" m="46634" /><E132/><V6/><F6/><W43/><G0/><T4/><D134/><U126/><E126/><V39/><F34/><W7/><G43/><T72/><D125/><U135/><E135/><V65/><F65/><W89/><G12/><T28/><D72/><U24/><E82/><V5/><F5/><W38/><G7/><T127/><D127/><U105/><E54/><V11/><F11/><W36/><G38/><T133/><D133/><U124/><E124/><V114/><F114/><W100/><G36/><T3/><D116/><U104/><E104/><V17/><F31/><W108/><G108/><N who="2" m="41577" /><F17/><W102/><G51/><T60/><D44/><N who="2" m="17002" /><F39/><W8/><G50/><T26/><D29/><U35/><E9/><V66/><F66/><W106/><G8/><T76/><D86/><AGARI ba="0,0" hai="21,23,41,47,49,83,86,90" m="17002,41577" machi="86" ten="30,1500,0" yaku="10,1" doraHai="98" who="2" fromWho="0" sc="316,-15,279,0,195,15,210,0" /><INIT seed="6,1,0,5,4,53" ten="301,279,210,210" oya="2" hai0="120,61,32,66,48,107,65,46,14,129,33,56,5" hai1="114,80,55,100,68,101,39,73,45,115,128,13,20" hai2="127,28,91,99,6,79,89,134,63,0,50,110,24" hai3="59,77,70,23,108,51,62,117,12,135,9,133,92"/><V37/><F37/><W47/><G108/><T3/><D120/><U57/><E68/><V113/><F110/><W49/><G117/><T29/><D3/><U26/><E13/><V75/><F75/><W93/><G77/><T123/><D123/><U16/><E128/><V82/><F113/><N who="1" m="43017" /><E45/><V25/><F127/><W81/><G81/><T8/><D129/><U27/><E39/><V118/><F134/><N who="3" m="51211" /><G23/><T42/><D107/><U112/><E27/><V69/><F24/><W85/><G70/><T15/><D29/><U58/><N who="1" m="43025" /><U21/><DORA hai="121" /><E21/><V116/><F25/><W10/><G10/><T98/><D98/><U78/><E58/><V19/><F69/><W43/><G85/><T1/><REACH who="0" step="1"/><D66/><REACH who="0" ten="291,279,210,210" step="2"/><U83/><E83/><V122/><F122/><W124/><G124/><T54/><D54/><U106/><E106/><V119/><F82/><W130/><G130/><T7/><D7/><U105/><E105/><V132/><F6/><N who="3" m="3127" /><G51/><AGARI ba="1,1" hai="16,20,26,51,55,57,73,78,80,100,101" m="43025" machi="51" ten="40,5200,0" yaku="15,1,52,1,54,1" doraHai="53,121" who="1" fromWho="3" sc="291,0,279,65,210,0,210,-55" /><INIT seed="7,0,0,1,2,52" ten="291,344,210,155" oya="3" hai0="77,69,121,82,85,101,14,45,9,15,93,108,13" hai1="81,22,133,111,38,50,53,78,117,8,42,90,98" hai2="2,132,79,134,96,76,127,62,106,55,103,59,46" hai3="10,135,56,71,27,24,131,124,122,64,49,99,87"/><W54/><G122/><T29/><D121/><U88/><E111/><V6/><F127/><W37/><G124/><T114/><D108/><U72/><E133/><V33/><F33/><W34/><G37/><T41/><D69/><U48/><E48/><V109/><F109/><W83/><G131/><T5/><D29/><U119/><E98/><V25/><F2/><W39/><G39/><T73/><D114/><U26/><E8/><V128/><F6/><W94/><G135/><N who="2" m="51753" /><F128/><W68/><G10/><T113/><D113/><U51/><E51/><N who="2" m="29175" /><F25/><W74/><G74/><T112/><D112/><U89/><E42/><V60/><F60/><N who="3" m="37895" /><G68/><T21/><D21/><U65/><E22/><V97/><F97/><W66/><G71/><T44/><D73/><U104/><E72/><V36/><F36/><W116/><G116/><T107/><D107/><U28/><E104/><V92/><F106/><W125/><G66/><AGARI ba="0,0" hai="59,62,66,76,79,92,96,103" m="29175,51753" machi="66" ten="30,2000,0" yaku="20,1,52,1" doraHai="52" who="2" fromWho="3" sc="291,0,344,0,210,20,155,-20" owari="291,9.0,344,44.0,230,-17.0,135,-36.0" /></mjloggm>