<mjloggm ver="2.3"><GO type="169" lobby="0"/><UN n0="%EF%BC%88%2A%C2%B4%E3%83%BC%EF%BD%80%2A%EF%BC%89" n1="%23%37%34%E5%A4%A7%E6%B2%BB%E9%83%8E" n2="%E3%83%AD%E3%83%83%E3%83%86%E9%9B%80%EF%BC%84%E6%94%B9" n3="%50%61%65%6C%6C%61" dan="17,16,16,16" rate="2175.94,2106.33,2145.92,2097.13" sx="M,M,M,M"/><TAIKYOKU oya="0"/><INIT seed="0,0,0,1,1,41" ten="250,250,250,250" oya="0" hai0="130,113,40,89,70,115,90,101,75,133,125,35,24" hai1="127,132,80,72,6,1,57,32,114,74,104,44,9" hai2="37,39,108,86,111,103,128,63,36,61,126,58,82" hai3="54,14,105,81,88,2,131,31,65,71,121,118,69"/><T97/><BYE who="2" /><D75/><U19/><E104/><V38/><F38/><W4/><G118/><T45/><D125/><U92/><E127/><V110/><F110/><W34/><G131/><T15/><D130/><U91/><E32/><V68/><F68/><W47/><G121/><UN n2="%E3%83%AD%E3%83%83%E3%83%86%E9%9B%80%EF%BC%84%E6%94%B9" /><T5/><D133/><U18/><E132/><V0/><F0/><W7/><G105/><T17/><D5/><U109/><E109/><N who="2" m="42059" /><F126/><W112/><G112/><T135/><D135/><U62/><E114/><V26/><F103/><W107/><G107/><T84/><D70/><U23/><E80/><V123/><F123/><W116/><G116/><T73/><D73/><U124/><E124/><V48/><F26/><W42/><G31/><T106/><D24/><U93/><E93/><V3/><F3/><W120/><G34/><T12/><D89/><U76/><E76/><N who="2" m="46407" /><F128/><W16/><G120/><T129/><D35/><U64/><E19/><V134/><F134/><W94/><G81/><T53/><D129/><U83/><E83/><V25/><F25/><W21/><G69/><T55/><D15/><U52/><E18/><V27/><F27/><W98/><G2/><T99/><D115/><U119/><E119/><V67/><F63/><W8/><G71/><T117/><D113/><U87/><REACH who="1" step="1"/><E23/><REACH who="1" ten="250,240,250,250" step="2"/><V95/><F95/><W10/><G21/><N who="0" m="11431" /><D117/><U96/><E96/><V28/><F28/><W78/><G94/><N who="0" m="54599" /><D97/><U102/><E102/><V59/><F36/><W49/><G98/><T85/><D85/><U33/><E33/><V22/><F22/><W20/><G20/><T56/><D56/><U11/><E11/><RYUUKYOKU ba="0,1" sc="250,10,240,10,250,10,250,-30" hai0="40,45,53,55,99,101,106" hai1="1,6,9,44,52,57,62,64,72,74,87,91,92" hai2="37,39,48,58,59,61,67" /><INIT seed="0,1,1,2,0,16" ten="260,250,260,220" oya="0" hai0="92,135,34,22,84,28,13,4,21,15,18,108,100" hai1="30,93,103,69,73,63,123,119,75,132,85,126,133" hai2="113,25,42,66,59,24,65,95,26,79,122,43,55" hai3="89,99,6,121,7,106,58,67,91,107,77,97,46"/><T27/><D100/><U51/><E123/><V116/><F113/><W23/><G58/><T94/><D94/><U83/><E119/><V82/><F122/><W61/><G46/><T54/><D54/><U78/><E126/><V110/><F110/><W3/><G67/><N who="2" m="25609" /><F116/><W80/><G61/><T29/><D92/><U47/><E63/><N who="2" m="36351" /><F95/><W70/><G80/><T36/><D84/><AGARI ba="1,1" hai="24,25,26,42,43,79,82,84" m="36351,25609" machi="84" ten="30,1000,0" yaku="8,1" doraHai="16" who="2" fromWho="0" sc="260,-13,250,0,260,23,220,0" /><INIT seed="1,0,0,4,4,124" ten="247,250,283,220" oya="1" hai0="132,105,118,66,72,85,18,116,20,7,14,38,22" hai1="52,104,37,134,119,57,61,28,79,84,0,82,96" hai2="48,90,5,55,45,103,74,25,75,77,36,65,64" hai3="59,123,131,41,11,13,17,73,8,91,102,6,106"/><U113/><E119/><V92/><F103/><W97/><G123/><T129/><D72/><U114/><E37/><V93/><F36/><W1/><G73/><T107/><D38/><U3/><E28/><V16/><F5/><W67/><G41/><T133/><D66/><U2/><REACH who="1" step="1"/><E134/><REACH who="1" ten="247,240,283,220" step="2"/><V53/><F75/><W51/><G91/><T71/><D116/><U88/><E88/><V42/><F74/><W49/><REACH who="3" step="1"/><G131/><REACH who="3" ten="247,240,283,210" step="2"/><T29/><D129/><U21/><E21/><V87/><F90/><W126/><G126/><T121/><D118/><U120/><E120/><V98/><F77/><W33/><G33/><T35/><D22/><U81/><E81/><V130/><F130/><W46/><G46/><T50/><D35/><U19/><E19/><V54/><F16/><W99/><G99/><T83/><D18/><U110/><E110/><V24/><F98/><W68/><G68/><T128/><D71/><U115/><E115/><V127/><F127/><W43/><G43/><T135/><D121/><U60/><E60/><AGARI ba="0,2" hai="1,6,8,11,13,17,49,51,59,60,67,97,102,106" machi="60" ten="40,1300,0" yaku="1,1,53,0" doraHai="124" doraHaiUra="78" who="3" fromWho="1" sc="247,0,240,-13,283,0,210,33" /><INIT seed="2,0,0,2,5,45" ten="247,227,283,243" oya="2" hai0="90,104,16,48,28,110,57,112,87,130,129,54,93" hai1="128,66,53,115,101,73,68,38,67,41,111,14,37" hai2="131,120,74,76,42,47,105,36,31,62,30,106,122" hai3="119,49,127,96,118,134,44,78,29,10,27,72,58"/><V12/><F131/><N who="0" m="50186" /><D104/><U60/><E73/><V32/><F62/><W0/><G127/><T11/><D28/><U3/><E3/><V97/><F12/><W81/><G134/><T43/><D110/><U13/><E115/><V33/><F31/><W113/><G113/><T109/><D112/><U89/><E111/><V133/><F133/><W5/><G58/><T19/><D109/><U132/><E132/><V46/><F46/><W123/><G96/><T117/><D117/><U77/><E128/><V94/><F94/><W39/><G123/><N who="2" m="47145" /><F30/><W59/><G59/><T55/><D43/><U2/><E2/><V23/><F23/><W17/><G17/><N who="0" m="6731" /><D55/><U92/><E41/><V82/><F97/><W103/><G103/><T88/><D90/><U80/><E101/><V20/><F20/><W71/><G71/><T1/><D1/><U8/><E53/><V95/><F95/><W70/><G70/><T15/><D15/><U83/><E14/><V98/><F98/><W124/><G124/><T65/><D11/><U79/><E13/><V50/><F50/><W84/><G49/><T18/><N who="0" m="6739" /><T69/><DORA hai="100" /><D69/><U107/><E107/><AGARI ba="0,0" hai="32,33,36,42,47,74,76,82,105,106,107" m="47145" machi="107" ten="30,11600,0" yaku="23,1,52,3" doraHai="45,100" who="2" fromWho="1" sc="247,0,227,-116,283,116,243,0" /><INIT seed="2,1,0,2,4,60" ten="247,111,399,243" oya="2" hai0="77,61,54,48,110,21,90,63,114,93,104,109,103" hai1="80,100,125,7,23,72,35,133,29,5,129,24,74" hai2="116,82,16,57,49,58,3,76,83,37,70,56,71" hai3="95,20,84,67,78,28,6,101,99,87,123,127,62"/><V4/><F116/><W12/><G123/><T11/><D114/><U102/><E125/><V98/><F37/><W19/><G127/><T2/><D77/><U97/><E133/><V89/><F3/><W0/><G78/><T120/><D120/><U79/><E74/><V81/><F4/><W64/><G0/><T32/><D32/><U53/><E129/><V88/><F76/><W10/><G6/><N who="0" m="1495" /><D21/><U14/><E102/><V36/><F36/><W55/><G55/><T113/><D103/><U128/><E128/><V112/><F112/><W106/><G106/><T59/><D104/><U22/><E53/><V115/><F115/><W121/><G121/><T126/><D113/><U131/><E131/><V66/><F49/><W73/><G73/><T85/><D126/><U17/><REACH who="1" step="1"/><E35/><REACH who="1" ten="247,101,399,243" step="2"/><V8/><F81/><W43/><G43/><T119/><D119/><U30/><E30/><V40/><F83/><W33/><G33/><T135/><D135/><U42/><E42/><V25/><F82/><W46/><G28/><T105/><D105/><AGARI ba="1,1" hai="5,7,14,17,22,23,24,29,72,79,80,97,100,105" machi="105" ten="30,2000,0" yaku="1,1,7,1,53,0" doraHai="60" doraHaiUra="122" who="1" fromWho="0" sc="247,-23,101,33,399,0,243,0" /><INIT seed="3,0,0,1,0,15" ten="224,134,399,243" oya="3" hai0="127,6,110,7,113,87,54,65,22,75,13,124,67" hai1="57,91,45,89,100,84,132,92,61,97,106,16,88" hai2="53,130,133,116,112,21,119,12,120,36,71,108,117" hai3="27,46,86,103,5,3,4,107,32,64,68,104,2"/><W41/><G86/><T28/><D75/><U77/><E132/><V48/><F21/><W102/><G27/><N who="0" m="16503" /><D113/><U14/><E45/><N who="2" m="27791" /><F12/><W96/><G32/><T101/><D101/><U31/><E31/><V114/><F133/><W1/><G103/><T33/><D33/><U109/><E109/><V60/><F108/><W10/><G5/><T73/><D73/><U63/><E77/><V19/><F19/><W49/><REACH who="3" step="1"/><G107/><REACH who="3" ten="224,134,399,233" step="2"/><T78/><D7/><U135/><E135/><V134/><F134/><W111/><G111/><T59/><D110/><U95/><E106/><V25/><F114/><W118/><G118/><T76/><D87/><U35/><E35/><V52/><F112/><W39/><G39/><T24/><D24/><U79/><E79/><V9/><F36/><W72/><G72/><T37/><D37/><U131/><E131/><V85/><F25/><W55/><G55/><T43/><D76/><U42/><E42/><V80/><F52/><W126/><G126/><N who="0" m="48171" /><D43/><U11/><E63/><AGARI ba="0,1" hai="1,2,3,4,10,41,46,49,63,64,68,96,102,104" machi="63" ten="40,2000,0" yaku="1,1,53,0" doraHai="15" doraHaiUra="74" who="3" fromWho="1" sc="224,0,134,-20,399,0,233,30" /><INIT seed="3,1,0,0,2,37" ten="224,114,399,263" oya="3" hai0="10,134,62,79,4,43,125,3,101,14,116,89,17" hai1="131,6,123,33,66,94,129,96,105,78,50,38,107" hai2="27,106,29,21,82,77,60,126,80,74,133,111,15" hai3="61,55,97,72,45,91,9,118,25,8,122,114,20"/><W32/><G114/><T69/><D116/><U41/><E33/><V12/><F111/><W24/><G118/><T87/><D101/><U99/><E123/><V128/><F106/><W109/><G122/><T112/><D112/><U70/><E38/><V36/><F128/><N who="1" m="49225" /><E78/><V110/><F110/><W104/><G72/><T103/><D103/><N who="1" m="60823" /><E99/><V46/><F126/><W13/><G109/><T0/><D79/><U117/><E117/><V68/><F82/><W81/><G104/><N who="1" m="40010" /><E6/><V90/><F133/><W73/><G73/><T5/><D134/><U65/><E70/><V93/><F60/><W113/><G113/><T92/><D125/><U7/><E7/><V75/><F68/><W120/><G120/><T135/><D5/><U84/><E84/><V2/><F2/><W44/><G32/><T59/><D69/><U57/><E57/><V54/><F75/><W40/><G97/><T34/><D34/><U31/><E31/><V26/><F26/><W76/><G24/><T71/><D71/><U64/><E50/><V49/><F36/><W83/><G25/><T1/><D135/><U53/><E53/><V119/><F119/><W100/><G76/><T51/><D4/><U28/><E28/><V58/><F58/><W86/><G55/><T18/><D18/><U67/><N who="1" m="16384" /><DORA hai="22" /><U23/><E23/><V115/><F115/><W48/><G20/><T19/><D19/><U56/><E56/><V16/><REACH who="2" step="1"/><F29/><REACH who="2" ten="224,114,389,263" step="2"/><W121/><G121/><T63/><REACH who="0" step="1"/><D59/><REACH who="0" ten="214,114,389,263" step="2"/><U124/><E124/><V130/><F130/><W35/><G61/><T52/><D52/><U30/><E30/><RYUUKYOKU ba="1,2" sc="214,10,114,10,389,10,263,-30" hai0="0,1,3,10,14,17,43,51,62,63,87,89,92" hai1="41" hai2="12,15,16,21,27,46,49,54,74,77,80,90,93" /><INIT seed="4,2,2,5,4,109" ten="224,124,399,233" oya="0" hai0="116,39,54,51,29,91,78,62,92,30,52,12,18" hai1="81,110,89,25,131,35,57,37,47,34,127,44,60" hai2="107,40,83,98,58,112,20,66,105,72,87,95,93" hai3="7,38,101,130,125,85,23,8,111,48,99,100,55"/><T10/><D116/><U90/><E110/><V31/><F72/><W19/><G111/><T15/><D39/><U94/><E127/><V84/><F40/><W115/><G130/><T1/><D1/><U45/><E37/><V80/><F66/><W88/><G125/><T126/><D78/><U135/><E131/><V132/><F58/><W43/><G115/><T106/><D106/><N who="2" m="40458" /><F31/><N who="0" m="11786" /><D126/><U41/><E41/><V70/><F20/><W128/><G128/><T56/><D18/><U67/><E135/><V24/><F24/><W96/><G43/><T82/><D82/><N who="2" m="31274" /><F70/><W103/><G38/><T11/><D11/><U76/><E25/><V26/><F26/><N who="3" m="14719" /><G8/><T75/><D75/><U0/><E0/><V3/><F3/><W28/><G28/><T65/><D10/><U49/><E49/><V2/><F2/><W122/><G122/><T113/><D113/><U59/><E59/><V32/><F32/><W64/><G64/><T16/><D16/><U123/><E123/><V36/><F36/><W6/><G6/><T63/><D65/><U27/><E27/><V134/><F112/><W73/><G73/><T102/><D102/><U118/><E118/><V133/><F95/><N who="3" m="54671" /><G7/><T108/><D108/><U53/><E67/><V71/><F71/><W50/><G50/><T104/><D104/><U79/><E94/><V68/><F68/><W114/><G114/><T46/><D62/><U129/><E129/><V21/><F21/><W117/><G117/><T124/><D124/><U86/><REACH who="1" step="1"/><E76/><REACH who="1" ten="224,114,399,233" step="2"/><V77/><F77/><W97/><G48/><N who="0" m="28951" /><D63/><U69/><E69/><V22/><F134/><RYUUKYOKU ba="2,3" sc="224,10,114,10,399,-30,233,10" hai0="12,15,51,52,56,91,92" hai1="34,35,44,45,47,53,57,60,79,81,86,89,90" hai3="55,96,97,99,100,101,103" /><INIT seed="4,3,3,5,3,120" ten="234,124,369,243" oya="0" hai0="108,132,52,67,104,102,48,11,47,42,124,27,133" hai1="113,19,76,23,6,86,68,112,91,65,109,37,88" hai2="130,29,70,107,7,103,84,87,116,1,10,110,81" hai3="17,118,69,134,46,125,96,12,114,9,72,20,43"/><T126/><D67/><U82/><E37/><V55/><F110/><W106/><G118/><T31/><D108/><U49/><E6/><V14/><F116/><W105/><G114/><N who="1" m="44138" /><E109/><V74/><F130/><W36/><G125/><N who="0" m="48235" /><D11/><U3/><E3/><V24/><F70/><W13/><G134/><N who="0" m="51819" /><D104/><U40/><E40/><V28/><F74/><W30/><G69/><T78/><D78/><U61/><E49/><V25/><F55/><W73/><G30/><T39/><D102/><U63/><E61/><V41/><F41/><W79/><G96/><T117/><D117/><U80/><E82/><V59/><F59/><W100/><G100/><T77/><D77/><U83/><E83/><V129/><F103/><W2/><G2/><T32/><D39/><U123/><E123/><V115/><F107/><W111/><G111/><T33/><D42/><U8/><E8/><V94/><F1/><W15/><G79/><T26/><D26/><AGARI ba="3,3" hai="19,23,26,63,65,68,76,80,86,88,91" m="44138" machi="26" ten="30,3900,0" yaku="15,1,11,1,54,1" doraHai="120" who="1" fromWho="0" sc="234,-48,124,78,369,0,243,0" /><INIT seed="5,0,0,4,3,89" ten="186,202,369,243" oya="1" hai0="98,70,92,115,55,45,122,33,56,23,107,97,62" hai1="130,32,111,126,129,50,69,30,77,15,42,87,106" hai2="8,4,84,76,101,18,134,86,99,36,14,61,58" hai3="53,83,5,124,27,75,113,48,93,16,112,24,128"/><U85/><E106/><V35/><F134/><W116/><G124/><T135/><D33/><U57/><E69/><V78/><F36/><W29/><G128/><N who="1" m="49258" /><E126/><V67/><F35/><W88/><G116/><T103/><D135/><U118/><E118/><V25/><F78/><N who="3" m="44511" /><G5/><T82/><D122/><U11/><E111/><V59/><F59/><N who="3" m="33191" /><G16/><T96/><D70/><U1/><E1/><V105/><F76/><W3/><G29/><T13/><D115/><N who="3" m="44105" /><G3/><T37/><D82/><U65/><E77/><V125/><F125/><W90/><G90/><T31/><D107/><U79/><E79/><V123/><F123/><W120/><G120/><T10/><D45/><N who="1" m="25911" /><E30/><V68/><F68/><W131/><G131/><T100/><D37/><U0/><E32/><V12/><F25/><W109/><G109/><T95/><D100/><U94/><E0/><V110/><F110/><W43/><G43/><T2/><D103/><U64/><E57/><V49/><F49/><W74/><G74/><T20/><D2/><U133/><E133/><V46/><F46/><W21/><G21/><AGARI ba="0,0" hai="4,8,12,14,18,21,58,61,67,84,86,99,101,105" machi="21" ten="30,1000,0" yaku="7,1" doraHai="89" who="2" fromWho="3" sc="186,0,202,0,369,10,243,-10" /><INIT seed="6,0,0,2,3,67" ten="186,202,379,233" oya="2" hai0="62,23,4,43,113,57,8,103,9,88,15,59,51" hai1="69,54,48,13,12,102,70,131,83,49,108,125,53" hai2="127,99,37,7,91,97,111,94,68,20,39,52,50" hai3="65,117,33,121,40,96,42,109,34,76,89,19,123"/><V112/><F112/><W2/><G109/><T25/><D113/><U75/><E108/><V118/><F127/><W100/><G117/><T0/><D103/><U16/><E125/><V27/><F68/><N who="1" m="26217" /><E102/><V6/><F118/><W64/><G89/><T71/><D71/><U82/><E75/><V104/><F111/><W124/><G100/><T132/><D132/><U22/><E22/><V28/><F104/><W115/><G96/><T21/><D21/><U84/><E84/><V128/><F99/><W86/><G86/><T120/><D120/><U18/><E131/><V135/><F135/><W24/><G19/><N who="1" m="7210" /><E49/><V116/><F128/><W105/><G65/><T46/><D62/><U60/><E60/><V66/><F66/><W29/><G64/><T30/><D88/><U81/><E48/><V77/><F116/><W95/><G124/><T73/><D73/><U79/><E79/><V55/><F77/><W41/><G76/><T35/><D35/><U3/><E3/><V110/><F110/><W107/><G33/><T74/><D74/><U63/><E63/><V56/><F50/><W87/><G2/><T114/><D114/><U106/><E106/><N who="3" m="40458" /><G115/><T126/><D126/><U122/><E122/><V130/><F20/><W119/><G119/><T92/><D92/><U133/><E133/><V32/><F130/><W134/><G134/><T38/><D51/><U78/><E78/><V72/><F32/><W85/><G95/><T5/><AGARI ba="0,0" hai="0,4,5,8,9,15,23,25,30,38,43,46,57,59" machi="5" ten="20,1500,0" yaku="0,1,7,1" doraHai="67" who="0" fromWho="0" sc="186,15,202,-4,379,-7,233,-4" /><INIT seed="7,0,0,0,2,68" ten="201,198,372,229" oya="3" hai0="53,106,7,84,52,46,37,57,21,44,77,128,122" hai1="48,45,34,62,97,118,111,131,112,23,86,29,96" hai2="107,71,56,95,66,49,120,125,16,102,18,98,119" hai3="129,117,47,32,0,75,105,126,12,10,123,13,100"/><W14/><G117/><T64/><D106/><U74/><E111/><V121/><F119/><W50/><G123/><N who="2" m="47177" /><F125/><W22/><G126/><T133/><D122/><U60/><E118/><V90/><F71/><W26/><G75/><T39/><D7/><U8/><E74/><V58/><F49/><W11/><G32/><T89/><D77/><U72/><E72/><V25/><F25/><W113/><G113/><T9/><D9/><U5/><E34/><V76/><F76/><W28/><G129/><T124/><D128/><U114/><E131/><V51/><F51/><W36/><G0/><T19/><D124/><U80/><E23/><V88/><F90/><W132/><G132/><T43/><D133/><U135/><E29/><V110/><F110/><W31/><G31/><T15/><D64/><U104/><E135/><V6/><F6/><W82/><G82/><T93/><D57/><N who="2" m="22122" /><F66/><W27/><G27/><T4/><D4/><U91/><E8/><V38/><F38/><W127/><G36/><T61/><D61/><N who="1" m="23659" /><E5/><V101/><F101/><W69/><G69/><T70/><D70/><U134/><E134/><V54/><F54/><W65/><G65/><T30/><D30/><U87/><E87/><AGARI ba="0,0" hai="16,18,87,88,95,98,102,107" m="22122,47177" machi="87" ten="30,3900,0" yaku="13,1,54,2" doraHai="68" who="2" fromWho="1" sc="201,0,198,-39,372,39,229,0" owari="201,-20.0,159,-34.0,411,51.0,229,3.0" /></mjloggm>