<mjloggm ver="2.3"><GO type="169" lobby="0"/><UN n0="%E3%81%94%E3%82%8D%E3%81%AB%E3%82%83%E3%83%BC" n1="%72%75%69%63%65" n2="%E7%81%B0%E5%8E%9F%E5%93%80" n3="%77%61%74%65%72%40%73%72" dan="16,17,16,16" rate="2135.82,2207.18,2073.86,2161.16" sx="M,M,F,M"/><TAIKYOKU oya="0"/><INIT seed="0,0,0,1,1,82" ten="250,250,250,250" oya="0" hai0="122,117,81,64,123,18,31,72,121,110,124,118,38" hai1="114,41,14,11,94,130,86,74,104,46,61,9,95" hai2="66,59,83,22,19,69,42,113,27,78,34,16,107" hai3="36,49,25,33,17,50,70,71,115,120,6,132,52"/><T112/><D38/><U7/><E104/><V63/><F113/><W88/><G36/><T24/><D64/><U1/><E74/><V134/><F134/><W5/><G115/><T35/><D112/><U79/><E114/><V15/><F42/><W75/><G75/><T60/><D60/><U4/><E130/><V96/><F69/><W135/><G33/><T84/><D72/><U67/><E61/><V128/><F128/><W3/><G25/><T80/><D124/><U57/><E57/><V126/><F126/><W30/><G30/><T43/><D43/><U28/><E28/><V12/><F34/><W8/><G17/><T99/><D80/><N who="1" m="47391" /><E67/><V93/><F19/><W68/><G120/><T65/><D65/><U103/><E103/><V91/><REACH who="2" step="1"/><F107/><REACH who="2" ten="250,250,240,250" step="2"/><W125/><G125/><T105/><D18/><U133/><E133/><V127/><F127/><W89/><G135/><T23/><D35/><U73/><E73/><AGARI ba="0,1" hai="12,15,16,22,27,59,63,66,73,78,83,91,93,96" machi="73" ten="30,3900,0" yaku="1,1,7,1,54,1,53,0" doraHai="82" doraHaiUra="32" who="2" fromWho="1" sc="250,0,250,-39,240,49,250,0" /><INIT seed="1,0,0,1,5,70" ten="250,211,289,250" oya="1" hai0="123,86,66,50,33,125,58,20,52,47,77,24,3" hai1="60,69,88,4,57,127,84,6,120,36,82,42,108" hai2="34,98,115,76,97,18,7,73,53,63,121,46,131" hai3="80,2,71,90,117,100,106,22,93,85,95,101,48"/><U13/><E120/><V12/><F34/><W37/><G2/><T92/><D3/><U75/><E69/><V124/><F121/><W87/><G71/><T126/><D33/><U68/><E68/><V134/><F115/><W10/><G10/><T112/><D112/><U30/><E75/><V19/><F124/><W9/><G9/><T45/><D123/><U31/><E127/><N who="0" m="48649" /><D66/><U99/><E108/><V14/><F7/><W135/><G48/><T23/><D23/><U132/><E132/><V56/><F134/><W128/><G22/><T55/><D55/><U64/><E99/><V16/><F131/><W114/><G37/><T54/><D54/><U38/><E42/><V107/><F46/><W29/><G29/><T79/><D92/><U61/><E61/><V78/><F107/><W43/><G43/><N who="0" m="24959" /><D86/><U104/><E104/><V15/><REACH who="2" step="1"/><F73/><REACH who="2" ten="250,211,279,250" step="2"/><W51/><G114/><T96/><D45/><U21/><E6/><V65/><F65/><W39/><G128/><T25/><D96/><AGARI ba="0,1" hai="12,14,15,16,18,19,53,56,63,76,78,96,97,98" machi="96" ten="40,8000,1" yaku="1,1,8,1,54,1,53,2" doraHai="70" doraHaiUra="72" who="2" fromWho="0" sc="250,-80,211,0,279,90,250,0" /><INIT seed="2,0,0,2,2,33" ten="170,211,369,250" oya="2" hai0="7,18,11,67,42,116,108,96,28,110,2,12,132" hai1="135,90,115,129,26,93,56,8,101,29,36,44,15" hai2="60,35,121,94,41,22,20,13,14,4,30,91,9" hai3="34,65,102,111,24,82,27,31,89,120,51,80,53"/><V131/><F121/><W3/><G120/><T124/><D124/><U83/><E115/><V134/><F134/><W68/><G111/><N who="0" m="42539" /><D67/><U74/><E135/><V114/><F114/><W87/><G102/><T79/><D42/><U109/><E109/><V16/><F41/><W88/><G24/><T37/><D37/><U57/><E129/><V62/><F35/><W55/><G3/><N who="0" m="511" /><D132/><U6/><E101/><V50/><F131/><W63/><REACH who="3" step="1"/><G51/><REACH who="3" ten="170,211,369,240" step="2"/><T130/><D130/><U70/><E36/><V105/><F50/><W0/><G0/><T81/><D116/><U21/><E44/><V25/><REACH who="2" step="1"/><F105/><REACH who="2" ten="170,211,359,240" step="2"/><W106/><G106/><T49/><D49/><U100/><E6/><V107/><F107/><W23/><G23/><N who="0" m="11719" /><D28/><U48/><E21/><V58/><F58/><W1/><G1/><T47/><D2/><U52/><E29/><V123/><F123/><W40/><G40/><T98/><D47/><U54/><E57/><V122/><F122/><W125/><G125/><T19/><D19/><U113/><E56/><V92/><F92/><W5/><G5/><T119/><D119/><U103/><E93/><V118/><F118/><W77/><G77/><T45/><D45/><U43/><E48/><V84/><AGARI ba="0,2" hai="4,9,13,14,16,20,22,25,30,60,62,84,91,94" machi="84" ten="20,18000,2" yaku="1,1,0,1,7,1,8,1,54,1,53,2" doraHai="33" doraHaiUra="10" who="2" fromWho="2" sc="170,-60,211,-60,359,200,240,-60" /><INIT seed="2,1,0,5,2,120" ten="110,151,559,180" oya="2" hai0="114,112,87,44,74,71,63,73,34,61,2,58,27" hai1="83,125,76,94,89,75,132,131,91,16,69,70,43" hai2="106,28,8,82,21,31,7,29,49,107,134,100,130" hai3="17,45,14,128,62,108,118,4,52,59,3,50,102"/><V32/><F32/><W79/><G118/><T84/><D2/><U22/><E43/><V46/><F134/><W127/><G127/><T110/><D44/><U126/><E132/><V117/><F117/><W80/><G128/><T72/><D71/><U51/><E131/><V47/><F130/><W53/><G102/><T119/><D119/><U55/><E89/><V9/><F106/><W103/><G103/><T88/><D84/><U18/><E18/><V99/><F82/><W12/><G3/><T54/><D63/><U86/><E126/><V11/><F21/><W115/><G115/><T93/><D110/><U95/><E95/><V121/><F121/><W25/><G108/><T92/><REACH who="0" step="1"/><D93/><REACH who="0" ten="100,151,559,180" step="2"/><U111/><E111/><V6/><REACH who="2" step="1"/><F47/><REACH who="2" ten="100,151,549,180" step="2"/><W42/><G45/><T38/><D38/><U123/><E125/><V81/><F81/><W36/><G80/><T35/><D35/><U13/><E123/><V19/><F19/><W122/><G17/><T97/><D97/><U26/><REACH who="1" step="1"/><E26/><REACH who="1" ten="100,141,549,180" step="2"/><V67/><F67/><W60/><G25/><T23/><D23/><U135/><E135/><V105/><F105/><W77/><G122/><T57/><D57/><AGARI ba="1,3" hai="13,16,22,51,55,57,69,70,75,76,83,86,91,94" machi="57" ten="30,8000,1" yaku="1,1,7,1,25,2,54,1,53,0" doraHai="120" doraHaiUra="33" who="1" fromWho="0" sc="100,-83,141,113,549,0,180,0" /><INIT seed="3,0,0,3,4,23" ten="17,254,549,180" oya="3" hai0="24,11,36,76,50,1,5,98,113,58,131,94,46" hai1="63,41,16,6,86,132,28,122,116,114,37,34,79" hai2="26,92,134,57,103,25,35,90,9,75,44,110,59" hai3="19,126,70,17,30,62,55,118,73,33,129,99,83"/><W78/><G118/><T13/><D131/><U39/><E122/><V49/><F75/><W72/><G129/><T124/><D124/><U2/><E114/><V7/><F103/><W88/><G126/><T29/><D113/><U95/><E116/><V121/><F121/><W125/><G125/><T8/><D36/><U48/><E132/><V66/><F35/><W127/><G72/><T45/><D76/><U14/><E63/><N who="2" m="38255" /><F59/><W71/><G127/><T15/><D58/><U105/><E105/><V21/><F21/><W74/><G74/><T96/><D1/><U77/><E77/><V20/><F20/><W123/><G123/><T128/><D128/><U97/><E28/><V93/><F93/><W130/><G130/><T32/><D50/><U18/><E34/><V112/><F110/><W135/><G135/><T133/><D133/><U69/><E69/><V22/><F22/><W80/><G70/><T104/><D104/><U61/><E61/><V89/><F89/><W3/><G3/><T64/><D64/><U117/><E117/><V56/><F56/><W43/><G71/><T68/><D68/><U101/><E39/><V47/><F112/><W120/><G62/><T60/><D60/><U85/><E37/><V38/><F38/><W65/><G65/><T107/><D107/><U12/><E2/><N who="2" m="247" /><F134/><W100/><G33/><T53/><D53/><U119/><E119/><V51/><F51/><W52/><G55/><T109/><D109/><U87/><E48/><V81/><F49/><W84/><G120/><T4/><D96/><U115/><E115/><V27/><F81/><RYUUKYOKU ba="0,0" sc="17,15,254,-15,549,15,180,-15" hai0="4,5,8,11,13,15,24,29,32,45,46,94,98" hai2="25,26,27,44,47,90,92" /><INIT seed="4,1,0,2,2,66" ten="32,239,564,165" oya="0" hai0="122,18,112,24,25,43,128,59,90,22,9,127,106" hai1="51,14,27,76,12,82,23,63,94,125,85,6,73" hai2="39,99,120,42,40,95,107,135,98,131,16,115,26" hai3="84,54,67,4,134,96,93,46,80,129,114,117,2"/><T28/><D106/><U20/><E125/><V10/><F120/><W34/><G34/><T133/><D122/><U32/><E32/><V101/><F131/><W48/><G117/><T86/><D43/><U83/><E94/><V65/><F65/><W119/><G119/><T0/><D128/><U47/><E63/><V89/><F39/><W71/><G129/><T78/><D127/><U8/><E14/><V116/><F116/><W105/><G105/><T55/><D78/><U38/><E27/><V132/><F115/><W1/><G114/><T5/><D112/><U50/><E38/><V104/><F104/><W87/><G134/><N who="2" m="51241" /><F10/><W75/><G75/><T88/><D133/><U11/><E11/><V61/><F61/><W108/><G108/><T15/><D86/><U74/><E74/><V109/><F109/><W92/><G84/><T103/><D103/><U17/><E17/><V77/><F77/><W41/><G4/><T3/><D3/><U13/><E13/><V49/><F49/><W7/><G7/><T19/><D19/><U111/><E51/><V97/><F97/><W124/><G2/><T126/><D126/><U79/><E111/><V70/><F70/><W100/><G1/><T31/><D31/><U52/><AGARI ba="1,0" hai="6,8,12,20,23,47,50,52,73,76,79,82,83,85" machi="52" ten="20,2700,0" yaku="0,1,7,1,54,1" doraHai="66" who="1" fromWho="1" sc="32,-14,239,30,564,-8,165,-8" /><INIT seed="5,0,0,4,2,79" ten="18,269,556,157" oya="1" hai0="56,131,107,66,90,34,128,55,122,75,25,26,125" hai1="81,89,132,48,42,133,93,62,37,91,82,65,123" hai2="43,94,117,99,32,54,109,3,22,83,20,126,101" hai3="4,24,29,96,74,84,60,59,108,135,73,102,98"/><U127/><E123/><V85/><F32/><W63/><G108/><T11/><D107/><U41/><E37/><V40/><F3/><W92/><G135/><N who="1" m="51786" /><E127/><V18/><F126/><W2/><G84/><T28/><D125/><U76/><E76/><V86/><F86/><W120/><G120/><T13/><D75/><U97/><E91/><V17/><F117/><W70/><G70/><T119/><D119/><U116/><E116/><V61/><F109/><W52/><G63/><T77/><D77/><U44/><E41/><V36/><F36/><W110/><G110/><T95/><D66/><U115/><E115/><V68/><F68/><AGARI ba="0,0" hai="42,44,48,62,65,68,81,82,89,93,97" m="51786" machi="68" ten="30,5800,0" yaku="20,1,52,2" doraHai="79" who="1" fromWho="2" sc="18,0,269,58,556,-58,157,0" /><INIT seed="5,1,0,5,2,75" ten="18,327,498,157" oya="1" hai0="18,133,87,119,39,24,103,42,38,89,43,98,128" hai1="67,70,66,22,77,107,95,34,33,116,57,80,53" hai2="127,132,46,108,58,123,62,100,50,0,118,129,41" hai3="19,110,130,125,31,113,52,9,23,124,27,26,4"/><U93/><E116/><V60/><F0/><N who="3" m="135" /><G52/><T10/><D119/><U82/><E107/><V64/><F132/><W63/><G63/><T11/><D133/><U51/><E70/><N who="2" m="42247" /><F100/><W44/><G44/><T32/><D128/><U91/><E34/><V21/><F21/><N who="3" m="15855" /><G110/><T1/><D39/><U12/><E33/><V106/><F106/><W65/><G65/><T40/><D38/><U15/><E15/><V37/><F108/><W2/><G2/><T28/><D1/><U90/><E90/><V29/><F37/><W73/><G73/><T68/><D68/><U114/><E114/><V6/><F129/><W111/><G111/><T5/><D5/><U25/><E12/><V7/><F6/><W79/><G79/><T120/><D18/><N who="1" m="12503" /><E77/><V99/><F7/><W101/><G101/><T55/><D120/><U97/><E95/><V115/><F123/><W30/><G130/><T49/><D103/><U59/><E66/><V83/><F118/><W72/><G72/><T126/><D98/><U96/><E96/><V121/><F99/><W45/><G113/><T112/><D112/><U36/><E36/><V92/><F115/><W117/><G117/><T74/><D74/><U122/><E122/><V109/><F121/><W47/><G30/><T48/><D126/><U105/><E105/><V20/><F127/><W88/><G88/><T13/><D55/><N who="1" m="31999" /><E67/><N who="2" m="39383" /><F109/><W14/><G124/><T54/><D54/><U131/><E131/><V71/><F71/><W134/><G125/><T16/><REACH who="0" step="1"/><D10/><REACH who="0" ten="8,327,498,157" step="2"/><U81/><E53/><V56/><F41/><W35/><G134/><T104/><D104/><RYUUKYOKU ba="1,1" sc="8,10,327,10,498,-30,157,10" hai0="11,13,16,24,28,32,40,42,43,48,49,87,89" hai1="59,80,81,82,91,93,97" hai3="14,19,23,26,35,45,47" /><INIT seed="5,2,1,1,0,104" ten="18,337,468,167" oya="1" hai0="21,101,115,117,59,97,42,121,66,133,70,48,128" hai1="102,38,120,93,7,74,36,96,71,27,53,107,63" hai2="127,106,12,10,114,88,82,100,4,135,46,91,34" hai3="72,17,5,124,20,32,86,75,16,52,31,13,14"/><U19/><E120/><V134/><F34/><W79/><G124/><T105/><D117/><U47/><E7/><V0/><F114/><W73/><G5/><T39/><D115/><U1/><E1/><V49/><F127/><W22/><G32/><T131/><D121/><U43/><E74/><V116/><F0/><W83/><G31/><T110/><D110/><U78/><E78/><V85/><F116/><W84/><G84/><T3/><D3/><U26/><E26/><V35/><F35/><W41/><G41/><T111/><D111/><U103/><E103/><V65/><F65/><W129/><G129/><T57/><D21/><U51/><E107/><V126/><F126/><W45/><G86/><T94/><D105/><U68/><E38/><V18/><F91/><W132/><G132/><N who="2" m="50729" /><F4/><W11/><G11/><T2/><D2/><U33/><E33/><V40/><F106/><W37/><G37/><T58/><D133/><U123/><E123/><V89/><F89/><W77/><G77/><T6/><D6/><U125/><E125/><V29/><F29/><W69/><G69/><T50/><D39/><U8/><E63/><V25/><F25/><W87/><G87/><T76/><D76/><U113/><E113/><V90/><F90/><W23/><G23/><T28/><D28/><U64/><E64/><V118/><F118/><W62/><G62/><N who="0" m="40279" /><D42/><U81/><E81/><V15/><F100/><W9/><G9/><T130/><AGARI ba="2,1" hai="48,50,57,58,59,94,97,101,128,130,131" m="40279" machi="130" ten="40,1500,0" yaku="19,1" doraHai="104" who="0" fromWho="0" sc="18,31,337,-9,468,-6,167,-6" /><INIT seed="6,0,0,0,0,97" ten="49,328,462,161" oya="2" hai0="86,48,61,123,81,135,89,101,28,47,4,93,19" hai1="51,31,129,15,55,102,109,73,26,96,132,95,42" hai2="78,68,94,106,77,64,119,122,118,70,41,131,6" hai3="30,18,54,71,53,92,22,116,104,36,44,133,10"/><V9/><F106/><W88/><G71/><T87/><D123/><U124/><E109/><V20/><F20/><W134/><G116/><T27/><D135/><N who="3" m="51721" /><G104/><T112/><D112/><U91/><E132/><V120/><F41/><N who="3" m="22567" /><G30/><T45/><D4/><U43/><E73/><V3/><F131/><W37/><G37/><T40/><D19/><U79/><E124/><V67/><F94/><W59/><G10/><T62/><D45/><U52/><E79/><V127/><F9/><W7/><G7/><T105/><D105/><U69/><E69/><V85/><F85/><N who="3" m="52239" /><G59/><T76/><REACH who="0" step="1"/><D101/><REACH who="0" ten="39,328,462,161" step="2"/><U56/><E129/><V21/><F6/><W32/><G32/><AGARI ba="0,1" hai="27,28,32,40,47,48,61,62,76,81,86,87,89,93" machi="32" ten="30,8000,1" yaku="1,1,2,1,7,1,53,2" doraHai="97" doraHaiUra="80" who="0" fromWho="3" sc="39,90,328,0,462,0,161,-80" /><INIT seed="7,0,0,4,0,32" ten="129,328,462,81" oya="3" hai0="98,120,34,63,118,72,37,107,127,73,135,35,31" hai1="116,76,101,51,105,103,22,123,62,42,109,54,70" hai2="4,68,61,44,91,114,23,93,87,28,43,79,122" hai3="89,21,96,67,48,58,132,133,30,24,11,52,0"/><W112/><G67/><T92/><D37/><U80/><E109/><V50/><F4/><W9/><G112/><T88/><D118/><U77/><E116/><V49/><F114/><W25/><G25/><T78/><D120/><U71/><E123/><V90/><F79/><W10/><REACH who="3" step="1"/><G0/><REACH who="3" ten="129,328,462,71" step="2"/><T15/><D127/><U104/><E71/><V86/><F68/><W126/><G126/><T84/><D135/><U74/><E70/><V131/><F122/><W83/><G83/><N who="0" m="45519" /><D31/><U60/><E80/><V130/><F131/><W95/><AGARI ba="0,1" hai="9,10,11,21,24,30,48,52,58,89,95,96,132,133" machi="95" ten="30,6000,0" yaku="1,1,0,1,54,1,53,0" doraHai="32" doraHaiUra="125" who="3" fromWho="3" sc="129,-20,328,-20,462,-20,71,70" /><INIT seed="7,1,0,3,0,31" ten="109,308,442,141" oya="3" hai0="11,126,68,109,33,3,56,102,112,130,80,128,4" hai1="46,10,34,0,66,20,73,114,60,134,83,25,37" hai2="71,14,61,45,91,116,96,119,103,17,42,18,82" hai3="16,110,75,127,76,49,29,117,132,79,57,47,41"/><W100/><G117/><T64/><D109/><U19/><E134/><V27/><F27/><W121/><G121/><T94/><D68/><U113/><E83/><V40/><F40/><W32/><G132/><T21/><D21/><U50/><E73/><V90/><F17/><W62/><G100/><T84/><D126/><U26/><E37/><V111/><F71/><W72/><G110/><T129/><D112/><N who="1" m="43115" /><E10/><V99/><F61/><W54/><G127/><T5/><D5/><U101/><E101/><V24/><F111/><W124/><G124/><T133/><D133/><U38/><E38/><V35/><F103/><W7/><G7/><T81/><D102/><U44/><E50/><V6/><F116/><W77/><REACH who="3" step="1"/><G16/><REACH who="3" ten="109,308,442,131" step="2"/><T48/><D33/><U8/><E0/><V70/><F119/><W93/><G93/><T105/><D105/><U13/><E8/><V1/><F1/><W53/><G53/><N who="0" m="31783" /><D64/><U67/><E67/><V95/><F6/><W65/><G65/><T120/><D120/><U2/><E2/><V122/><F122/><W86/><G86/><T28/><D28/><N who="1" m="19735" /><E13/><V108/><F108/><W123/><G123/><T59/><D59/><AGARI ba="1,1" hai="19,20,25,44,46,59,60,66" m="19735,43115" machi="59" ten="30,2000,0" yaku="15,1,52,1" doraHai="31" who="1" fromWho="0" sc="109,-23,308,33,442,0,131,0" owari="86,-41.0,341,14.0,442,54.0,131,-27.0" /></mjloggm>