<mjloggm ver="2.3"><GO type="169" lobby="0"/><UN n0="%E3%82%8A%E3%81%A8%E3%82%8B%E3%80%82%E3%80%82" n1="%E3%83%94%E3%83%A7%E3%83%B3%E5%90%89" n2="%73%61%77%6C%79" n3="%E8%92%BC%E9%B4%89" dan="16,17,17,16" rate="2102.53,2140.97,2211.01,2111.18" sx="M,F,M,M"/><TAIKYOKU oya="0"/><INIT seed="0,0,0,5,3,61" ten="250,250,250,250" oya="0" hai0="53,70,50,131,132,87,11,95,71,27,86,94,122" hai1="100,84,30,63,65,23,17,43,12,19,56,74,76" hai2="3,117,49,0,120,80,25,46,68,18,79,13,72" hai3="135,119,78,10,7,109,113,20,31,42,77,127,47"/><T29/><D122/><U67/><E74/><V48/><F120/><W38/><G119/><T32/><D131/><U58/><E43/><V21/><F68/><W44/><G113/><T66/><D132/><U5/><E100/><V28/><F117/><W41/><G135/><T124/><D124/><U24/><E5/><V73/><F73/><W45/><G127/><T75/><D75/><U36/><E36/><V104/><F104/><W89/><G109/><T52/><D11/><N who="1" m="6303" /><E19/><V55/><REACH who="2" step="1"/><F48/><REACH who="2" ten="250,250,240,250" step="2"/><W92/><G38/><T97/><D71/><U125/><E125/><V82/><F82/><W83/><G83/><T35/><D95/><U129/><E129/><V102/><F102/><W2/><G92/><T85/><D50/><U59/><E63/><V128/><F128/><W1/><G42/><T134/><D134/><U115/><E115/><V15/><F15/><W126/><G41/><T40/><D40/><U99/><E99/><V98/><F98/><W62/><G126/><T103/><D35/><AGARI ba="0,1" hai="0,3,13,18,21,25,28,35,46,49,55,72,79,80" machi="35" ten="30,2000,0" yaku="1,1,7,1,53,0" doraHai="61" doraHaiUra="60" who="2" fromWho="0" sc="250,-20,250,0,240,30,250,0" /><INIT seed="1,0,0,3,3,8" ten="230,250,270,250" oya="1" hai0="0,39,120,58,60,107,23,1,109,37,6,91,125" hai1="66,110,124,54,67,132,34,118,29,97,7,84,16" hai2="56,21,94,28,4,42,53,14,3,116,96,114,19" hai3="49,73,31,77,98,45,90,55,48,64,15,112,130"/><U11/><E118/><V36/><F116/><W65/><G112/><T86/><D107/><U57/><E124/><V128/><F114/><W106/><G130/><T5/><D120/><U2/><E132/><V93/><F128/><W95/><G106/><T75/><D75/><U126/><E126/><V111/><F111/><W115/><G115/><T82/><D125/><U68/><E68/><V123/><F123/><W44/><G31/><T121/><D121/><U122/><E122/><V70/><F70/><W76/><G15/><T129/><D129/><U69/><E69/><V63/><F36/><W47/><G47/><T108/><D23/><U41/><E41/><V43/><F94/><W52/><REACH who="3" step="1"/><G73/><REACH who="3" ten="230,250,270,240" step="2"/><T117/><D117/><U101/><E29/><V10/><REACH who="2" step="1"/><F28/><REACH who="2" ten="230,250,260,240" step="2"/><W26/><G26/><T113/><D113/><U74/><E110/><V103/><AGARI ba="0,2" hai="3,4,10,14,19,21,42,43,53,56,63,93,96,103" machi="103" ten="20,8000,1" yaku="1,1,2,1,0,1,7,1,52,1,53,0" doraHai="8" doraHaiUra="79" who="2" fromWho="2" sc="230,-20,250,-40,260,100,240,-20" /><INIT seed="2,0,0,1,5,114" ten="210,210,360,220" oya="2" hai0="15,78,98,52,57,132,127,71,58,80,46,110,106" hai1="73,69,72,134,27,50,13,79,51,111,25,123,41" hai2="35,126,66,63,43,83,81,88,1,65,33,86,56" hai3="90,48,121,122,36,42,28,107,75,60,117,68,101"/><V74/><F126/><W64/><G75/><T31/><D71/><U95/><E69/><V0/><F0/><W30/><G48/><T26/><D127/><U131/><E111/><V92/><F1/><W119/><G90/><T99/><D110/><U18/><E131/><V14/><F33/><W22/><G22/><T62/><D132/><U55/><E123/><N who="3" m="47114" /><G28/><T93/><D106/><U39/><E39/><V23/><F35/><W29/><G29/><T19/><D46/><U38/><E38/><V87/><F74/><W129/><G30/><T34/><D58/><U5/><E79/><V11/><F43/><W133/><G129/><T12/><D93/><U116/><E95/><V84/><F23/><W70/><G70/><T115/><D115/><U89/><E41/><V4/><REACH who="2" step="1"/><F66/><REACH who="2" ten="210,210,350,220" step="2"/><W16/><G64/><T124/><D124/><U32/><E32/><V44/><F44/><W8/><G42/><T49/><D12/><U100/><E13/><V113/><F113/><W104/><G133/><T3/><D3/><U109/><E134/><V103/><F103/><W17/><G101/><T45/><D15/><U24/><E100/><V40/><F40/><W2/><G2/><T108/><D108/><U54/><E109/><V128/><F128/><W85/><G8/><T118/><D118/><U59/><E116/><V96/><AGARI ba="0,1" hai="4,11,14,56,63,65,81,83,84,86,87,88,92,96" machi="96" ten="30,12000,1" yaku="1,1,0,1,8,1,54,1,53,1" doraHai="114" doraHaiUra="61" who="2" fromWho="2" sc="210,-40,210,-40,350,130,220,-40" /><INIT seed="2,1,0,4,5,125" ten="170,170,480,180" oya="2" hai0="19,95,16,37,67,45,41,59,90,85,21,92,116" hai1="62,49,84,94,15,104,46,126,82,3,25,61,0" hai2="97,103,11,131,28,83,128,14,35,60,18,1,134" hai3="51,93,13,38,110,89,7,71,101,63,9,107,64"/><V70/><F134/><W10/><G110/><T26/><D116/><U96/><E104/><V111/><F111/><W52/><G38/><T30/><D67/><U73/><E73/><V5/><F83/><W31/><G31/><T2/><D2/><U114/><E126/><V76/><F76/><W57/><G107/><T81/><D59/><U68/><E114/><V115/><F115/><W77/><G77/><T43/><D43/><U20/><E15/><V56/><F70/><W4/><G101/><T66/><D66/><U105/><E105/><V122/><F122/><W86/><REACH who="3" step="1"/><G10/><REACH who="3" ten="170,170,480,170" step="2"/><T91/><REACH who="0" step="1"/><D81/><REACH who="0" ten="160,170,480,170" step="2"/><U39/><E82/><V121/><F121/><W23/><G23/><T102/><D102/><U78/><E20/><V88/><F103/><W112/><G112/><T17/><D17/><AGARI ba="1,2" hai="4,7,9,13,17,51,52,57,63,64,71,86,89,93" machi="17" ten="30,3900,0" yaku="1,1,7,1,54,1,53,0" doraHai="125" doraHaiUra="24" who="3" fromWho="0" sc="160,-42,170,0,480,0,170,62" /><INIT seed="3,0,0,3,0,53" ten="118,170,480,232" oya="3" hai0="131,85,8,102,69,14,11,71,117,76,101,118,37" hai1="5,119,59,1,4,105,103,2,47,92,51,20,21" hai2="89,0,27,67,109,26,113,82,88,134,93,31,32" hai3="17,24,35,98,49,115,40,18,43,19,70,61,125"/><W122/><G122/><T112/><D37/><U121/><E105/><V94/><F113/><W91/><G115/><T83/><D112/><U130/><E121/><V39/><F134/><W50/><G125/><T107/><D131/><U64/><E130/><V114/><F114/><W99/><G35/><T55/><D107/><U128/><E1/><V25/><F109/><W66/><G24/><T65/><D65/><U62/><E128/><V108/><F108/><W120/><G120/><T95/><D95/><U42/><E119/><V34/><F0/><W36/><G36/><T80/><D55/><U44/><E44/><V58/><F39/><W77/><G77/><T124/><D14/><U28/><E2/><V129/><F129/><W86/><G43/><T72/><D85/><U73/><E73/><V9/><F34/><W13/><G13/><T7/><D76/><U16/><E28/><V6/><F32/><W106/><G106/><T74/><REACH who="0" step="1"/><D7/><REACH who="0" ten="108,170,480,232" step="2"/><U81/><E4/><V96/><F67/><W100/><G86/><T75/><D75/><U68/><E5/><V60/><F6/><W110/><G110/><T22/><D22/><U23/><E68/><V79/><F79/><W104/><G40/><T135/><D135/><U57/><E81/><V78/><F78/><W3/><G3/><T63/><D63/><N who="1" m="37999" /><E16/><V48/><F82/><W133/><G133/><T12/><D12/><U126/><E92/><V97/><F60/><W29/><G29/><T90/><D90/><U56/><E62/><V111/><F111/><W41/><G41/><T84/><D84/><U123/><E123/><RYUUKYOKU ba="0,1" sc="108,15,170,-15,480,-15,232,15" hai0="8,11,69,71,72,74,80,83,101,102,117,118,124" hai3="17,18,19,49,50,61,66,70,91,98,99,100,104" /><INIT seed="3,1,1,0,0,81" ten="123,155,465,247" oya="3" hai0="83,53,66,92,98,69,45,52,112,114,106,133,70" hai1="131,55,14,4,134,63,79,21,91,123,116,94,126" hai2="56,128,82,105,97,110,35,127,20,75,0,42,113" hai3="51,90,130,49,61,11,59,78,26,15,25,1,3"/><W72/><G130/><T2/><D106/><U29/><E123/><V95/><F113/><N who="0" m="43626" /><D2/><U87/><E116/><V16/><F35/><W132/><G3/><T65/><D133/><U58/><E131/><V12/><F105/><W64/><G1/><T24/><D24/><N who="1" m="16527" /><E134/><V120/><F0/><W46/><G25/><T30/><D30/><U22/><E126/><V88/><F128/><W111/><G26/><T8/><D8/><N who="1" m="4359" /><E22/><V43/><F127/><W122/><G11/><T40/><D83/><U74/><E74/><V5/><F120/><W60/><G122/><T129/><D129/><U117/><E117/><V44/><F110/><W101/><G111/><T118/><D118/><U7/><E7/><V37/><F43/><W73/><G73/><T86/><D98/><U27/><E27/><V119/><F119/><W31/><G72/><T38/><D92/><U41/><E41/><V32/><F32/><W103/><G31/><T85/><D66/><U54/><E79/><V80/><F75/><W10/><G64/><AGARI ba="1,1" hai="54,55,58,63,64,87,91,94" m="4359,16527" machi="64" ten="30,2000,0" yaku="8,1,52,1" doraHai="81" who="1" fromWho="3" sc="123,0,155,33,465,0,247,-23" /><INIT seed="4,0,0,1,2,43" ten="123,188,465,224" oya="0" hai0="131,111,6,63,5,25,10,105,53,130,33,88,97" hai1="117,2,40,79,0,78,61,44,20,62,46,132,70" hai2="66,27,18,96,54,133,122,135,87,49,38,98,129" hai3="102,45,58,106,23,48,12,14,1,8,37,127,74"/><T82/><D111/><U123/><E117/><V7/><F122/><W116/><G74/><T85/><D63/><N who="1" m="24075" /><E123/><V109/><F109/><W84/><G127/><T29/><D53/><U100/><E70/><V35/><F129/><N who="0" m="49162" /><D10/><U103/><E40/><V55/><F38/><W22/><G1/><N who="1" m="618" /><E20/><N who="2" m="13719" /><F35/><W108/><G22/><T104/><D97/><U99/><E99/><V42/><F66/><W90/><G23/><T91/><D91/><U77/><E132/><N who="2" m="50763" /><F7/><AGARI ba="0,0" hai="5,6,7,25,29,33,82,85,88,104,105" m="49162" machi="7" ten="30,2900,0" yaku="19,1,54,1" doraHai="43" who="0" fromWho="2" sc="123,29,188,0,465,-29,224,0" /><INIT seed="4,1,0,3,3,104" ten="152,188,436,224" oya="0" hai0="87,59,107,88,118,127,116,48,89,19,124,26,82" hai1="68,6,2,98,86,42,24,13,3,12,16,33,102" hai2="93,111,36,64,72,123,47,70,84,43,78,14,100" hai3="126,115,44,99,45,57,49,34,125,103,114,105,112"/><T29/><D19/><U10/><E68/><V92/><F123/><W71/><G71/><T55/><D107/><U67/><E67/><V54/><F111/><W120/><G120/><T60/><D89/><U53/><E42/><V52/><F72/><W8/><G34/><T4/><D4/><U96/><E86/><V128/><F128/><W30/><G30/><T46/><D127/><N who="3" m="48649" /><G8/><T95/><D95/><U117/><E117/><V7/><F70/><W75/><G75/><T28/><D124/><U129/><E129/><V73/><F64/><W119/><G119/><T56/><D56/><U109/><E109/><V97/><F92/><W17/><G17/><T20/><REACH who="0" step="1"/><D29/><REACH who="0" ten="142,188,436,224" step="2"/><U22/><E16/><V0/><F7/><W27/><G57/><T32/><D32/><U25/><E33/><V113/><F93/><W130/><G130/><T58/><D58/><U131/><E6/><V18/><F18/><W66/><G105/><T83/><D83/><U31/><E31/><V40/><F113/><W90/><G115/><T62/><D62/><U50/><E131/><V132/><F132/><W11/><G114/><T76/><D76/><U1/><E10/><V110/><F78/><W23/><G90/><T65/><AGARI ba="1,1" hai="20,26,28,46,48,55,59,60,65,82,87,88,116,118" machi="65" ten="20,7800,0" yaku="1,1,0,1,7,1,54,1,53,0" doraHai="104" doraHaiUra="35" who="0" fromWho="0" sc="142,91,188,-27,436,-27,224,-27" /><INIT seed="4,2,0,0,0,1" ten="233,161,409,197" oya="0" hai0="8,70,69,40,44,25,79,111,120,54,87,88,97" hai1="58,121,55,131,52,73,32,126,59,46,68,116,77" hai2="98,125,100,82,20,86,48,66,71,84,45,99,101" hai3="33,135,11,6,124,80,13,94,56,129,91,17,130"/><T65/><D120/><U10/><E32/><V95/><F125/><W134/><G33/><T21/><D111/><U41/><E121/><V112/><F112/><W23/><G80/><T53/><D79/><U107/><E107/><V127/><F127/><W30/><G30/><T113/><D97/><U31/><E126/><V118/><F118/><W16/><G124/><T36/><D113/><U24/><E116/><V37/><F37/><W15/><G56/><T92/><D8/><U64/><E24/><V85/><F71/><W81/><G81/><T61/><REACH who="0" step="1"/><D70/><REACH who="0" ten="223,161,409,197" step="2"/><U42/><E77/><V39/><F99/><N who="3" m="57823" /><G17/><AGARI ba="2,1" hai="17,21,25,36,40,44,53,54,61,65,69,87,88,92" machi="17" ten="30,5800,0" yaku="1,1,7,1,54,1,53,0" doraHai="1" doraHaiUra="123" who="0" fromWho="3" sc="223,74,161,0,409,0,197,-64" /><INIT seed="4,3,0,3,5,58" ten="297,161,409,133" oya="0" hai0="62,54,124,53,109,69,67,7,36,15,31,117,112" hai1="89,8,33,42,91,87,120,24,73,116,85,57,61" hai2="135,56,90,108,5,1,115,55,2,121,60,21,94" hai3="101,131,32,128,12,19,40,22,49,38,93,52,95"/><T75/><D117/><U83/><E120/><V80/><F108/><W126/><G32/><T97/><D75/><U111/><E111/><V98/><F121/><W100/><G40/><T59/><D109/><U104/><E73/><V64/><F135/><W43/><G43/><T66/><D124/><U71/><E104/><V37/><F115/><W114/><G114/><T9/><D36/><U48/><E71/><V88/><F37/><W6/><G6/><T127/><D112/><U29/><E116/><V134/><F134/><W46/><G38/><T3/><D127/><U103/><E103/><N who="3" m="39498" /><G126/><T11/><D31/><U118/><E8/><V132/><F132/><W28/><G28/><T44/><D97/><U79/><E118/><V23/><F1/><W84/><G84/><T18/><REACH who="0" step="1"/><D44/><REACH who="0" ten="287,161,409,133" step="2"/><U113/><E113/><V106/><F98/><W74/><G74/><T99/><D99/><U25/><E29/><V122/><F122/><W63/><G131/><T130/><D130/><U45/><E33/><V20/><F106/><W105/><G105/><T34/><D34/><U4/><E45/><V133/><F133/><W72/><G72/><T65/><D65/><U10/><E87/><V76/><F64/><W86/><G128/><T110/><D110/><U92/><E85/><V129/><F129/><W68/><G86/><T27/><D27/><U82/><E24/><V16/><F2/><W119/><G119/><T47/><D47/><U78/><E25/><V107/><F107/><W41/><G41/><T77/><D77/><U102/><E79/><V96/><F76/><W125/><G125/><RYUUKYOKU ba="3,1" sc="287,15,161,-15,409,-15,133,15" hai0="3,7,9,11,15,18,53,54,59,62,66,67,69" hai3="12,19,22,46,49,52,63,68,93,95" /><INIT seed="4,4,1,5,3,106" ten="302,146,394,148" oya="0" hai0="83,82,80,24,120,48,113,60,75,10,39,65,129" hai1="41,102,63,68,62,66,14,20,5,133,30,118,44" hai2="35,116,12,128,46,132,127,94,28,71,108,0,36" hai3="123,13,23,88,26,72,70,55,53,37,135,111,18"/><T21/><D39/><U1/><E118/><V114/><F12/><W15/><G123/><T67/><D120/><U107/><E133/><V91/><F28/><W31/><G111/><T19/><D113/><U27/><E1/><V134/><F46/><W98/><G70/><T42/><D129/><U121/><E121/><V25/><F25/><W56/><G37/><T49/><D75/><U29/><E29/><V99/><F91/><W76/><G135/><T95/><D42/><U6/><E14/><N who="3" m="5130" /><G76/><T4/><D95/><U45/><E62/><V90/><F94/><N who="3" m="56647" /><G72/><T33/><D33/><U92/><E107/><V11/><F90/><W97/><G97/><T8/><D67/><U47/><E41/><V89/><F99/><W85/><G85/><T22/><D22/><U38/><E38/><V32/><F89/><W125/><G125/><T74/><D74/><U69/><E69/><V3/><F3/><W96/><G96/><T16/><D19/><U43/><E43/><V104/><F32/><W122/><G122/><T7/><D10/><U110/><E110/><V9/><F134/><W93/><G93/><T2/><REACH who="0" step="1"/><D4/><REACH who="0" ten="292,146,394,148" step="2"/><N who="1" m="1643" /><E92/><V61/><F114/><W81/><G18/><T131/><D131/><U130/><E130/><V109/><F128/><W54/><G81/><T58/><AGARI ba="4,2" hai="2,7,8,16,21,24,48,49,58,60,65,80,82,83" machi="58" ten="30,11700,0" yaku="1,1,0,1,54,1,53,1" doraHai="106" doraHaiUra="59" who="0" fromWho="0" sc="292,149,146,-43,394,-43,148,-43" /><INIT seed="4,5,0,5,4,57" ten="441,103,351,105" oya="0" hai0="39,71,90,45,108,97,135,113,72,36,119,11,91" hai1="61,12,88,43,50,53,63,109,100,46,67,17,60" hai2="70,52,19,75,29,128,93,56,86,54,124,104,105" hai3="9,18,102,110,35,34,103,15,117,131,134,85,4"/><T111/><D119/><U31/><E109/><V8/><F70/><W82/><G117/><T62/><D72/><U23/><E100/><V3/><F75/><W16/><G131/><T80/><D80/><U74/><E74/><V38/><F38/><W13/><G110/><N who="0" m="42027" /><D97/><U33/><E67/><V42/><F128/><W14/><G134/><T5/><D135/><U99/><E33/><V98/><F124/><W114/><G114/><T76/><D76/><U133/><E133/><V84/><F29/><W116/><G116/><T2/><D113/><U78/><E78/><V20/><F42/><W55/><G34/><T48/><D39/><U26/><E43/><V41/><F41/><W89/><G35/><T1/><D1/><U24/><E31/><V132/><F132/><W81/><G81/><T21/><D21/><U59/><E46/><V79/><F79/><W30/><G30/><T127/><D36/><U25/><E25/><V66/><F3/><W125/><G125/><T94/><D94/><AGARI ba="5,0" hai="12,17,23,24,26,50,53,59,60,61,63,88,94,99" machi="94" ten="40,8000,1" yaku="8,1,52,3,54,1" doraHai="57" who="1" fromWho="0" sc="441,-95,103,95,351,0,105,0" /><INIT seed="5,0,0,5,0,72" ten="346,198,351,105" oya="1" hai0="77,73,108,88,62,7,120,69,33,92,124,1,75" hai1="90,20,67,97,116,65,105,29,112,32,22,36,11" hai2="79,27,60,89,106,17,55,93,103,130,129,37,13" hai3="82,83,100,121,81,68,78,34,50,48,107,47,4"/><U123/><E116/><V6/><F37/><W23/><G121/><T9/><D108/><U38/><E32/><V85/><F6/><W43/><G34/><T3/><D3/><U126/><E123/><V102/><F27/><W40/><G68/><T113/><D120/><U19/><E112/><V109/><F109/><W46/><G4/><T12/><D33/><U30/><E105/><V51/><F60/><W0/><G0/><T135/><D113/><U111/><E111/><V132/><F132/><W61/><G61/><T35/><D35/><U24/><E38/><V57/><F79/><W54/><G54/><T8/><D135/><U16/><E36/><V56/><F56/><W86/><REACH who="3" step="1"/><G23/><REACH who="3" ten="346,198,351,95" step="2"/><T101/><D62/><U114/><E114/><V70/><F70/><W87/><G87/><T25/><D69/><U66/><E11/><V134/><F134/><W118/><G118/><T95/><D9/><U53/><E53/><V98/><F103/><W94/><G94/><T99/><D95/><N who="1" m="56567" /><E126/><V71/><F71/><W115/><G115/><T45/><D1/><U49/><E65/><V131/><F131/><W133/><G133/><T125/><D125/><U128/><E128/><V76/><F129/><W2/><G2/><T41/><D124/><U104/><E67/><V122/><F130/><W28/><G28/><T58/><D8/><U110/><E66/><V119/><F122/><W74/><G74/><T18/><D73/><U31/><E110/><V64/><F64/><W5/><G5/><T59/><D75/><U15/><E104/><V10/><F119/><W127/><G127/><RYUUKYOKU ba="0,1" sc="346,-30,198,10,351,10,95,10" hai1="15,16,19,20,22,24,29,30,31,49" hai2="10,13,17,51,55,57,76,85,89,93,98,102,106" hai3="40,43,46,47,48,50,78,81,82,83,86,100,107" /><INIT seed="5,1,1,2,3,0" ten="316,208,361,105" oya="1" hai0="128,92,57,107,20,114,87,63,112,134,39,58,44" hai1="4,113,91,78,119,25,94,79,31,29,93,47,37" hai2="61,104,116,126,99,66,33,38,108,82,109,97,52" hai3="117,14,5,106,118,54,74,55,120,10,73,24,110"/><U70/><E119/><N who="3" m="45578" /><G120/><T69/><D107/><U121/><E70/><V12/><F38/><W80/><G110/><T100/><D128/><U28/><E121/><V122/><F116/><W130/><G130/><T90/><D134/><U13/><E113/><N who="0" m="43625" /><D100/><U103/><E25/><V41/><F122/><W115/><G115/><T22/><D69/><U105/><E105/><V84/><F33/><W2/><G106/><T27/><D58/><U8/><E37/><V102/><F126/><W85/><G24/><T129/><D129/><U95/><E103/><V32/><F32/><W111/><G111/><T65/><D27/><U49/><REACH who="1" step="1"/><E91/><REACH who="1" ten="316,198,361,105" step="2"/><V123/><F123/><W26/><G26/><T43/><AGARI ba="1,2" hai="20,22,39,43,44,57,63,65,87,90,92" m="43625" machi="43" ten="30,1100,0" yaku="15,1" doraHai="0" who="0" fromWho="0" sc="316,34,198,-6,361,-4,105,-4" /><INIT seed="6,0,0,3,1,51" ten="350,192,357,101" oya="2" hai0="47,49,123,70,35,74,65,127,39,80,14,87,112" hai1="5,108,4,24,135,97,83,52,116,72,77,132,103" hai2="41,34,67,31,2,27,126,11,91,62,128,54,113" hai3="19,118,124,96,20,60,48,28,73,40,3,68,25"/><V81/><F113/><W17/><G118/><T98/><D74/><U111/><E24/><V8/><F128/><W26/><G124/><T99/><D123/><U115/><E115/><V76/><F126/><W125/><G125/><T44/><D112/><U102/><E116/><V85/><F41/><W129/><G73/><T57/><D35/><U95/><E4/><V117/><F117/><W1/><G129/><T94/><D70/><U106/><E5/><V89/><F54/><W86/><G96/><T121/><D39/><U82/><E52/><V71/><F2/><W23/><G86/><T13/><D44/><U43/><E43/><V50/><F50/><W104/><G104/><T110/><D110/><N who="1" m="42027" /><E83/><V66/><F66/><W69/><G28/><T101/><D121/><U79/><E79/><V134/><F134/><N who="1" m="51241" /><E102/><V37/><F37/><W63/><G48/><T45/><D45/><U38/><E38/><V6/><F6/><W18/><G18/><T0/><D0/><U56/><E56/><V42/><F42/><AGARI ba="0,0" hai="1,3,17,19,20,23,25,26,40,42,60,63,68,69" machi="42" ten="25,1600,0" yaku="22,2" doraHai="51" who="3" fromWho="2" sc="350,0,192,0,357,-16,101,16" /><INIT seed="7,0,0,5,1,117" ten="350,192,341,117" oya="3" hai0="56,106,62,133,34,70,78,60,33,8,18,1,37" hai1="119,126,131,35,12,108,30,39,69,123,36,81,32" hai2="79,10,74,109,51,111,25,45,44,67,28,3,92" hai3="24,118,27,98,101,58,49,40,63,113,112,41,21"/><W103/><G118/><T26/><D37/><U5/><E81/><V64/><F109/><W19/><G27/><T4/><D106/><U95/><E95/><V110/><F110/><W75/><G75/><T16/><D133/><U52/><E52/><N who="2" m="29799" /><F111/><W135/><G135/><T91/><D78/><U76/><E12/><V129/><F3/><W134/><G134/><T102/><D102/><U132/><E5/><V7/><F74/><W29/><G19/><T17/><D26/><U114/><E76/><V115/><F115/><N who="3" m="44107" /><G49/><T127/><D127/><U88/><E88/><V107/><F107/><N who="3" m="63927" /><G103/><T105/><D105/><U9/><E9/><V0/><F129/><W42/><G42/><T23/><D23/><U93/><E30/><V85/><F0/><W14/><G14/><T6/><D6/><U53/><E53/><AGARI ba="0,0" hai="21,24,29,40,41,53,58,63" m="63927,44107" machi="53" ten="30,1500,0" yaku="15,1" doraHai="117" who="3" fromWho="1" sc="350,0,192,-15,341,0,117,15" /><INIT seed="7,1,0,5,2,77" ten="350,177,341,132" oya="3" hai0="96,36,85,121,107,57,56,80,22,81,102,41,12" hai1="120,63,118,20,65,122,35,70,40,1,38,86,75" hai2="46,111,19,54,47,124,44,61,116,15,27,104,52" hai3="33,14,18,134,60,55,95,115,45,119,37,34,50"/><W94/><G119/><T91/><D121/><U133/><E75/><V101/><F111/><W89/><G115/><T105/><D105/><U23/><E35/><V127/><F116/><W73/><G134/><T51/><D36/><U10/><E118/><V48/><F104/><W72/><G95/><T99/><D99/><U58/><E133/><V110/><F110/><W13/><G13/><T125/><D125/><N who="2" m="48202" /><F101/><W87/><G37/><T128/><D128/><U11/><E20/><N who="2" m="11391" /><F27/><W29/><G60/><T92/><D57/><AGARI ba="1,0" hai="44,46,47,48,52,54,57,61" m="11391,48202" machi="57" ten="30,2000,0" yaku="18,1,54,1" doraHai="77" who="2" fromWho="0" sc="350,-23,177,0,341,23,132,0" owari="327,13.0,177,-22.0,364,46.0,132,-37.0" /></mjloggm>