<mjloggm ver="2.3"><GO type="169" lobby="0"/><UN n0="%E9%BA%A6%E5%AD%90%74%7A" n1="%E5%BF%83%E5%A4%9C" n2="%77%61%74%65%72%40%73%72" n3="%41%79%6F%75%46" dan="16,16,16,17" rate="2151.38,2104.82,2149.51,2180.43" sx="M,M,M,M"/><TAIKYOKU oya="0"/><INIT seed="0,0,0,4,1,99" ten="250,250,250,250" oya="0" hai0="67,45,119,123,57,69,78,9,63,107,124,71,38" hai1="76,34,83,60,97,79,134,88,16,23,2,51,73" hai2="64,42,115,19,129,113,108,133,118,109,82,1,116" hai3="54,74,106,6,22,122,130,111,59,85,36,0,89"/><T39/><D78/><U49/><E34/><V68/><F1/><W55/><G74/><T84/><D84/><U135/><E2/><V103/><F19/><W112/><G112/><N who="2" m="43081" /><F82/><W65/><G36/><T3/><D123/><U17/><E79/><V132/><F103/><W100/><G111/><N who="2" m="42569" /><F42/><W104/><G106/><T105/><D9/><U62/><E17/><V37/><F37/><W81/><G122/><T66/><D3/><U18/><E18/><V95/><F95/><W110/><G110/><T126/><D57/><U96/><E96/><V52/><F52/><W131/><G6/><T128/><D63/><U93/><E62/><N who="2" m="39959" /><F129/><W102/><G104/><T101/><D128/><N who="3" m="49193" /><G0/><T15/><D15/><N who="1" m="9631" /><E60/><V72/><F72/><W10/><G10/><T13/><D13/><U120/><E120/><V47/><F47/><W32/><G32/><T46/><REACH who="0" step="1"/><D101/><REACH who="0" ten="240,250,250,250" step="2"/><N who="3" m="39017" /><G22/><T87/><D87/><U50/><E73/><V33/><F33/><W86/><G85/><T53/><D53/><N who="3" m="19977" /><G59/><T91/><D91/><U48/><E88/><V25/><F25/><W14/><G14/><T92/><D92/><U98/><E93/><V80/><F80/><W26/><G26/><T41/><D41/><U117/><E83/><V90/><F90/><W8/><G8/><T29/><D29/><U75/><E75/><V7/><F7/><W35/><G35/><T77/><D77/><U40/><E76/><V58/><F58/><W94/><G94/><T121/><D121/><U31/><E40/><V114/><F114/><W44/><G44/><T24/><D24/><U28/><E98/><V56/><F56/><RYUUKYOKU ba="0,1" sc="240,10,250,-30,250,10,250,10" hai0="38,39,45,46,66,67,69,71,105,107,119,124,126" hai2="116,118,132,133" hai3="65,81,86,89" /><INIT seed="0,1,1,1,0,37" ten="250,220,260,260" oya="0" hai0="73,11,70,75,135,86,127,31,63,126,79,27,68" hai1="112,120,74,38,59,19,132,28,35,96,95,53,50" hai2="110,107,93,105,111,118,123,15,65,51,98,91,82" hai3="92,32,25,130,5,72,60,2,97,44,13,103,80"/><T34/><D11/><U67/><E120/><V14/><F65/><W48/><G2/><T54/><D135/><U131/><E132/><V85/><F51/><W40/><G130/><T10/><D10/><U87/><E74/><N who="0" m="28169" /><D54/><U33/><E131/><V47/><F47/><W62/><G5/><T78/><D63/><U115/><E87/><V52/><F52/><W26/><G13/><T83/><D79/><U121/><E121/><V0/><F0/><W109/><G109/><N who="2" m="41481" /><F123/><W117/><G117/><T84/><D84/><U17/><E67/><V125/><F15/><W18/><G18/><N who="1" m="6666" /><E38/><V89/><F14/><W124/><G25/><T122/><D122/><U108/><E108/><V43/><F43/><W88/><G32/><T30/><D30/><U133/><E133/><V69/><F69/><W20/><G72/><T23/><D34/><U49/><E49/><V42/><F42/><W7/><G7/><T6/><D6/><U81/><E28/><V100/><F118/><W64/><G60/><T77/><D77/><U4/><E4/><V104/><F125/><AGARI ba="1,1" hai="23,27,31,68,70,78,83,86,125,126,127" m="28169" machi="125" ten="30,1500,0" yaku="18,1" doraHai="37" who="0" fromWho="2" sc="250,28,220,0,260,-18,260,0" /><INIT seed="0,2,0,1,5,76" ten="278,220,242,260" oya="0" hai0="58,62,135,79,27,118,21,95,67,25,127,105,26" hai1="102,98,77,120,14,68,65,107,12,134,57,89,69" hai2="42,13,53,82,106,28,36,41,9,10,29,61,87" hai3="55,48,39,60,109,71,86,94,54,63,73,44,103"/><T3/><D105/><U35/><E120/><V115/><F106/><W37/><G73/><T30/><D118/><U8/><E134/><V31/><F115/><W5/><G5/><T125/><D135/><U81/><E35/><V91/><F36/><N who="3" m="13899" /><G86/><T92/><D3/><U59/><E89/><V128/><F128/><W97/><G94/><N who="0" m="35883" /><D79/><U122/><E122/><V6/><REACH who="2" step="1"/><F10/><REACH who="2" ten="278,220,232,260" step="2"/><W88/><G109/><T131/><D131/><U93/><E107/><V123/><F123/><W117/><G117/><T64/><D125/><U111/><E8/><V126/><F126/><W83/><G103/><T22/><D127/><U0/><E111/><V15/><F15/><W85/><G97/><T96/><D96/><U130/><E130/><V133/><F133/><W50/><G71/><T52/><D27/><U113/><E69/><V11/><F11/><W124/><G124/><T114/><D114/><U34/><E113/><V16/><F16/><AGARI ba="2,1" hai="16,21,22,25,26,30,52,58,62,64,67" m="35883" machi="16" ten="30,5800,0" yaku="8,1,54,2" doraHai="76" who="0" fromWho="2" sc="278,74,220,0,232,-64,260,0" /><INIT seed="0,3,0,5,0,119" ten="352,220,168,260" oya="0" hai0="63,25,72,99,108,93,19,77,66,55,68,58,29" hai1="56,112,70,74,27,28,111,97,54,33,14,31,118" hai2="69,59,129,16,103,37,15,135,52,38,89,44,115" hai3="23,24,102,22,80,117,1,62,42,84,100,0,82"/><T10/><D77/><U121/><E70/><V41/><F69/><W32/><G42/><T79/><D79/><U91/><E118/><V34/><F34/><W113/><G117/><T13/><D72/><U20/><E74/><V130/><F115/><W87/><G32/><T95/><D108/><U2/><E112/><V101/><F37/><W60/><G113/><T26/><D29/><U88/><E2/><V104/><F89/><W4/><G24/><T133/><D133/><U126/><E111/><V30/><F30/><W86/><G84/><T18/><D95/><U43/><E43/><V67/><F67/><W71/><G71/><T98/><D19/><U132/><E132/><V83/><F83/><W65/><G4/><T11/><D11/><U36/><E36/><V81/><F81/><W9/><G9/><T17/><D17/><U7/><E126/><V127/><F127/><W120/><G65/><T94/><D94/><N who="1" m="56519" /><E33/><V61/><F135/><W50/><G50/><T6/><D6/><U21/><E91/><V12/><F12/><W107/><G107/><T105/><D105/><U53/><E56/><V3/><F3/><W122/><AGARI ba="3,0" hai="0,1,22,23,60,62,80,82,86,87,100,102,120,122" machi="122" ten="25,8000,1" yaku="0,1,22,2,52,2" doraHai="119" who="3" fromWho="3" sc="352,-43,220,-23,168,-23,260,89" /><INIT seed="1,0,0,4,1,67" ten="309,197,145,349" oya="1" hai0="0,85,20,57,42,75,29,93,110,105,87,1,123" hai1="125,107,96,37,36,124,28,130,41,23,108,82,21" hai2="49,18,131,111,22,81,80,132,117,38,25,106,40" hai3="5,134,114,53,71,44,4,78,90,61,31,15,88"/><U91/><E108/><V43/><F106/><W103/><G114/><T120/><D105/><U79/><E130/><V101/><F101/><W84/><G103/><T58/><D75/><U126/><E41/><V26/><F117/><W10/><G31/><T50/><D110/><U97/><E107/><V55/><F132/><W119/><G134/><T30/><D20/><N who="1" m="7755" /><E28/><N who="0" m="10857" /><D50/><U17/><E17/><V60/><F25/><W35/><G35/><T46/><D42/><U32/><E32/><V102/><F102/><W116/><G78/><T62/><D46/><U133/><E133/><V112/><F112/><W70/><G5/><T48/><D48/><U95/><E97/><V66/><F38/><W52/><G44/><T77/><D62/><U68/><E68/><N who="3" m="26154" /><G61/><T94/><D77/><U8/><E8/><V24/><F24/><W65/><G65/><T27/><D27/><U9/><E9/><V14/><F26/><W51/><G51/><T59/><D93/><U92/><E95/><V135/><F135/><W47/><G47/><T89/><D94/><U113/><E113/><V11/><F40/><W2/><G2/><N who="0" m="1131" /><D89/><N who="3" m="34409" /><G84/><AGARI ba="0,0" hai="57,58,59,84,85,87,120,123" m="1131,10857" machi="84" ten="40,2600,0" yaku="28,2" doraHai="67" who="0" fromWho="3" sc="309,26,197,0,145,0,349,-26" /><AGARI ba="0,0" hai="36,37,79,82,84,91,92,96,124,125,126" m="7755" machi="84" ten="30,1500,0" yaku="18,1" doraHai="67" who="1" fromWho="3" sc="335,0,197,15,145,0,323,-15" /><INIT seed="1,1,0,3,1,116" ten="335,212,145,308" oya="1" hai0="118,47,67,29,24,127,107,85,129,88,100,124,71" hai1="91,132,108,134,121,60,1,112,81,110,79,3,63" hai2="39,54,84,15,4,113,20,23,45,34,57,62,2" hai3="106,9,75,18,35,50,8,114,101,59,38,22,56"/><U115/><E91/><V117/><F34/><W83/><G35/><N who="0" m="20903" /><D47/><U52/><E81/><V128/><F2/><N who="1" m="521" /><E79/><V87/><F117/><W58/><G38/><T13/><D13/><U44/><E121/><V10/><F113/><N who="1" m="43593" /><E44/><V97/><F97/><W61/><G114/><T70/><D129/><U96/><E96/><V76/><F128/><W131/><G131/><T99/><D118/><U80/><E52/><V78/><F78/><W5/><G5/><T135/><D135/><N who="1" m="51755" /><E80/><V104/><F104/><W36/><G106/><T126/><D67/><U89/><E89/><V122/><F122/><W11/><G83/><AGARI ba="1,0" hai="70,71,83,85,88,99,100,107,124,126,127" m="20903" machi="83" ten="30,2000,0" yaku="18,1,54,1" doraHai="116" who="0" fromWho="3" sc="335,23,212,0,145,0,308,-23" /><INIT seed="2,0,0,3,3,8" ten="358,212,145,285" oya="2" hai0="133,5,9,6,92,56,66,73,117,44,12,4,46" hai1="34,2,97,17,28,98,42,22,132,29,45,135,108" hai2="77,82,37,71,25,16,84,86,74,70,11,119,61" hai3="14,124,50,18,111,54,95,123,104,94,59,83,120"/><V43/><F119/><W48/><G104/><T79/><D117/><U134/><E2/><V39/><F84/><W72/><G111/><T32/><D32/><U105/><E108/><V47/><F39/><W127/><G48/><T51/><D73/><U109/><E109/><V24/><F74/><W52/><G54/><N who="0" m="31839" /><D79/><U90/><E105/><V85/><F85/><W91/><G83/><T100/><D66/><U88/><E98/><V69/><REACH who="2" step="1"/><F61/><REACH who="2" ten="358,212,135,285" step="2"/><W80/><G72/><T81/><D81/><U27/><E97/><V58/><F58/><W55/><G80/><T60/><D60/><U53/><E53/><V129/><F129/><W101/><G55/><T96/><D133/><U62/><E62/><V107/><F107/><W112/><G120/><T121/><D121/><U33/><E45/><AGARI ba="0,1" hai="4,5,6,9,12,44,45,46,92,96,100" m="31839" machi="45" ten="30,2000,0" yaku="8,1,52,1" doraHai="8" who="0" fromWho="1" sc="358,30,212,-20,135,0,285,0" /><INIT seed="3,0,0,1,1,134" ten="388,192,135,285" oya="3" hai0="95,35,89,20,101,6,79,70,129,127,15,66,40" hai1="43,32,94,49,65,114,87,108,31,19,52,71,84" hai2="21,102,38,111,88,53,13,61,28,122,90,44,68" hai3="76,3,0,109,80,9,100,93,25,69,55,64,132"/><W10/><G69/><T104/><D40/><U54/><E114/><V78/><F111/><W7/><G64/><T63/><D35/><U99/><E108/><V11/><F122/><W5/><G109/><T113/><D113/><U112/><E112/><V18/><F102/><W23/><G132/><T118/><D79/><U57/><E43/><V50/><F78/><W128/><G128/><T131/><D118/><U51/><E71/><V81/><F38/><W56/><G100/><T107/><D101/><U4/><E65/><V67/><REACH who="2" step="1"/><F81/><REACH who="2" ten="388,192,125,285" step="2"/><W47/><G93/><T48/><D95/><U75/><E75/><V130/><F130/><W36/><G36/><T92/><D92/><U119/><E119/><V103/><F103/><W39/><G39/><T1/><D104/><U58/><E4/><V121/><F121/><W98/><G80/><T135/><D6/><U37/><E37/><V120/><F120/><W97/><G76/><T42/><D107/><U77/><E77/><V85/><F85/><W46/><G98/><T105/><D105/><U17/><E87/><V123/><F123/><W72/><G97/><T30/><D131/><U34/><E84/><V115/><F115/><W59/><G72/><T29/><D129/><U14/><E94/><V86/><F86/><W26/><G7/><T41/><D135/><U22/><E99/><V133/><F133/><W125/><G5/><T124/><D89/><U8/><REACH who="1" step="1"/><E31/><REACH who="1" ten="388,182,125,285" step="2"/><V117/><F117/><W82/><G82/><T33/><D29/><U12/><AGARI ba="0,2" hai="8,12,14,17,19,22,32,34,49,51,52,54,57,58" machi="12" ten="20,12000,2" yaku="1,1,2,1,0,1,7,1,9,1,54,1,53,0" doraHai="134" doraHaiUra="96" who="1" fromWho="1" sc="388,-30,182,140,125,-30,285,-60" /><INIT seed="4,0,0,3,0,126" ten="358,322,95,225" oya="0" hai0="129,48,37,83,31,9,120,109,25,4,21,114,12" hai1="106,14,45,20,10,132,90,128,62,96,110,121,135" hai2="52,38,24,89,47,36,101,29,63,69,8,13,99" hai3="32,107,40,130,102,16,51,103,73,119,76,44,1"/><T35/><D37/><U70/><E110/><V33/><F89/><W0/><G32/><T80/><D109/><U18/><E121/><V97/><F97/><W65/><G119/><T77/><D120/><U134/><E45/><V87/><F87/><W49/><G65/><T131/><D48/><U133/><E133/><V74/><F74/><W112/><G112/><T118/><D118/><U105/><E128/><N who="0" m="49225" /><D114/><U81/><E81/><N who="0" m="31305" /><D77/><U94/><E10/><V88/><F88/><W55/><G130/><T78/><D78/><U30/><E30/><V66/><F52/><W91/><G91/><T26/><D26/><U2/><E2/><V85/><F85/><W39/><G76/><T71/><D71/><U23/><E132/><V104/><REACH who="2" step="1"/><F47/><REACH who="2" ten="358,322,85,225" step="2"/><N who="3" m="28159" /><G73/><T42/><D42/><U61/><E135/><V124/><F124/><W100/><G39/><T93/><D93/><U17/><E134/><V111/><F111/><W28/><G44/><T68/><D68/><U46/><E70/><V84/><F84/><W75/><G75/><T5/><D5/><AGARI ba="0,1" hai="5,8,13,24,29,33,36,38,63,66,69,99,101,104" machi="5" ten="30,8000,1" yaku="1,1,7,1,25,2,53,1" doraHai="126" doraHaiUra="3" who="2" fromWho="0" sc="358,-80,322,0,85,90,225,0" /><INIT seed="5,0,0,0,2,7" ten="278,322,175,225" oya="1" hai0="112,38,87,73,40,43,45,4,50,2,105,97,74" hai1="128,11,81,116,130,104,75,65,90,117,39,126,110" hai2="32,93,44,133,57,19,89,124,41,127,69,77,0" hai3="86,62,107,85,132,10,98,15,46,42,79,72,121"/><U63/><E39/><V84/><F69/><W58/><G121/><T125/><D112/><U114/><E11/><V100/><F32/><W30/><G30/><T61/><D87/><N who="1" m="50543" /><E63/><V96/><F77/><W67/><G132/><T95/><D125/><N who="2" m="48202" /><F0/><W102/><G72/><T55/><D61/><U83/><E126/><V78/><F78/><W23/><G23/><T94/><D94/><U76/><E65/><V103/><F133/><W31/><G31/><T53/><D105/><U129/><E114/><V12/><F57/><W134/><G79/><T48/><D73/><U17/><E17/><V22/><F84/><W1/><G1/><T111/><D74/><U36/><E36/><AGARI ba="0,0" hai="12,19,22,36,41,44,89,93,96,100,103" m="48202" machi="36" ten="30,1000,0" yaku="18,1" doraHai="7" who="2" fromWho="1" sc="278,0,322,-10,175,10,225,0" /><INIT seed="6,0,0,4,3,23" ten="278,312,185,225" oya="2" hai0="27,82,11,103,76,124,25,15,134,52,1,13,4" hai1="57,131,44,26,38,24,67,117,109,46,85,49,51" hai2="97,74,92,41,84,55,90,108,17,61,129,114,70" hai3="32,112,40,50,73,133,9,19,113,80,83,93,36"/><V99/><F74/><W127/><G36/><T21/><D103/><U5/><E117/><V104/><F114/><N who="3" m="44139" /><G32/><T77/><D134/><U63/><E109/><V66/><F108/><W12/><G133/><T35/><D124/><U107/><E107/><V8/><F129/><W42/><G127/><T45/><D1/><U30/><E38/><V69/><F41/><N who="3" m="15979" /><G73/><T72/><D35/><U125/><E131/><V37/><F37/><W20/><G50/><N who="0" m="28751" /><D72/><U47/><E5/><V10/><F70/><W2/><G93/><T28/><D82/><U56/><E125/><V62/><F104/><W29/><G29/><T91/><D91/><U135/><E30/><V60/><F69/><W115/><G115/><T130/><D130/><U101/><E101/><V34/><F34/><W98/><G98/><N who="2" m="37385" /><F66/><W128/><G128/><T39/><D39/><U132/><E46/><V119/><F119/><W100/><G100/><T0/><D0/><U48/><E48/><V126/><F126/><W78/><G78/><N who="0" m="30315" /><D28/><U118/><E118/><V116/><F116/><W86/><G86/><T81/><D81/><U53/><E85/><V122/><F122/><W102/><G102/><T31/><D31/><U64/><E63/><V7/><F60/><W68/><G68/><T14/><D21/><U75/><E75/><V43/><F62/><W71/><G71/><T6/><D11/><U121/><E121/><V89/><F61/><W88/><G88/><T16/><D16/><U59/><E135/><V3/><F90/><W106/><G106/><T22/><D22/><U54/><E57/><V87/><F89/><RYUUKYOKU ba="0,0" sc="278,10,312,10,185,-30,225,10" hai0="4,6,13,14,15,25,27" hai1="24,26,44,47,49,51,53,54,56,59,64,67,132" hai3="2,9,12,19,20,80,83" /><INIT seed="7,1,0,3,0,6" ten="288,322,155,235" oya="3" hai0="114,76,101,109,7,0,49,47,16,14,86,121,83" hai1="41,78,37,40,36,9,13,92,81,87,117,15,46" hai2="51,60,43,54,4,1,61,110,132,129,127,71,75" hai3="8,59,20,56,26,30,5,111,70,39,123,128,63"/><W65/><G123/><T85/><D121/><U88/><E117/><V84/><F75/><W134/><G39/><T29/><D109/><U23/><E23/><V33/><F33/><W79/><G111/><T103/><D29/><U28/><E28/><V50/><F110/><W107/><G107/><T130/><D130/><U12/><E41/><V99/><F129/><W22/><G128/><T42/><D114/><U93/><E37/><V77/><F127/><W19/><G79/><T74/><D74/><U64/><E64/><V35/><F35/><W80/><G80/><N who="0" m="47239" /><D7/><U135/><E135/><V100/><F132/><W48/><G134/><T31/><D31/><U68/><E68/><V57/><F43/><W118/><G118/><T126/><D0/><U17/><E93/><V124/><F124/><W96/><G96/><AGARI ba="1,0" hai="9,12,13,15,17,36,40,46,78,81,87,88,92,96" machi="96" ten="30,3900,0" yaku="7,1,52,1,54,1" doraHai="6" who="1" fromWho="3" sc="288,0,322,42,155,0,235,-42" owari="288,9.0,364,46.0,155,-34.0,193,-21.0" /></mjloggm>