<mjloggm ver="2.3"><GO type="169" lobby="0"/><UN n0="%E5%B2%A1%E6%9D%91%E9%9D%96%E5%B9%B8" n1="%E3%81%97%E3%81%A9%E3%83%BC" n2="%E3%82%AB%E3%83%A9%E3%82%B9%E3%81%AE%E5%AD%90" n3="%E3%82%86%E3%80%82%E3%80%82" dan="16,16,16,17" rate="2174.21,2074.97,2092.62,2171.80" sx="M,M,M,M"/><TAIKYOKU oya="0"/><INIT seed="0,0,0,1,4,17" ten="250,250,250,250" oya="0" hai0="16,79,34,101,76,114,129,82,120,86,13,119,90" hai1="28,15,78,40,113,74,24,97,55,135,94,66,117" hai2="62,26,58,106,124,8,88,29,133,63,31,50,112" hai3="70,11,14,51,48,61,35,22,1,130,102,37,126"/><T10/><D120/><U121/><E117/><V45/><F112/><W98/><G37/><T21/><D119/><U75/><E121/><V27/><F133/><W59/><G35/><T91/><D114/><U71/><E78/><V53/><F124/><W56/><G130/><T110/><D34/><U0/><E0/><V123/><F123/><W44/><G70/><T39/><D39/><U41/><E135/><V25/><F106/><W96/><G1/><T3/><D129/><U125/><E125/><V68/><F68/><W60/><G11/><T2/><D110/><U116/><E116/><V103/><F103/><W4/><G4/><T107/><D79/><U104/><E104/><V84/><F8/><W18/><G102/><T30/><D30/><U69/><E15/><V49/><F63/><N who="3" m="24139" /><G51/><T36/><D36/><U99/><E71/><V132/><F132/><W73/><G73/><T32/><D32/><U118/><E118/><V43/><REACH who="2" step="1"/><F62/><REACH who="2" ten="250,250,240,250" step="2"/><W85/><G126/><T131/><D131/><U12/><E69/><V77/><F77/><W19/><G59/><T109/><D109/><U20/><E113/><V9/><F9/><N who="3" m="6479" /><G56/><T92/><D107/><U83/><E66/><V46/><F46/><W127/><G127/><T105/><D105/><U87/><E75/><V108/><F108/><W65/><G65/><T134/><D134/><U93/><E74/><V100/><F100/><W38/><G44/><T23/><D2/><U57/><E41/><V33/><F33/><W128/><G128/><T47/><D3/><U95/><E40/><V67/><F67/><W122/><G122/><RYUUKYOKU ba="0,1" sc="250,-10,250,-10,240,30,250,-10" hai2="25,26,27,29,31,43,45,49,50,53,58,84,88" /><INIT seed="1,1,1,0,3,27" ten="240,240,270,240" oya="1" hai0="87,121,106,69,74,1,102,116,112,66,103,58,72" hai1="105,2,50,6,126,73,91,56,42,14,7,76,59" hai2="70,54,113,115,51,52,132,55,75,47,83,89,17" hai3="16,81,53,33,44,21,36,57,49,128,0,46,31"/><U9/><E105/><V37/><F70/><W79/><G0/><T111/><D58/><U119/><E119/><V61/><F132/><W82/><G128/><T118/><D66/><U68/><E68/><V131/><F131/><W127/><G127/><T130/><D87/><U100/><E100/><V114/><F61/><W15/><G82/><T98/><D103/><U29/><E126/><V108/><F108/><W12/><G12/><T10/><D10/><U135/><E135/><V28/><F37/><W86/><REACH who="3" step="1"/><G36/><REACH who="3" ten="240,240,270,230" step="2"/><T19/><D118/><U96/><E2/><V97/><F83/><W22/><G22/><T30/><D116/><U39/><E14/><V77/><F115/><W62/><G62/><T110/><D1/><U40/><E39/><V48/><F114/><W109/><G109/><T67/><D112/><U23/><E9/><V5/><F113/><W133/><G133/><T92/><D111/><U104/><E23/><V123/><F48/><W122/><G122/><T60/><D110/><U34/><E50/><V88/><F51/><W38/><G38/><T32/><D121/><U41/><E34/><V124/><F123/><W13/><G13/><T120/><D130/><U18/><E73/><V71/><F75/><W35/><G35/><T125/><D125/><U80/><E80/><V94/><F124/><W93/><G93/><T85/><D120/><U65/><E104/><V84/><F94/><W43/><G43/><T20/><D72/><U26/><E40/><V107/><F107/><W25/><AGARI ba="1,2" hai="15,16,21,25,31,33,44,46,49,53,57,79,81,86" machi="25" ten="30,7900,0" yaku="1,1,0,1,52,1,54,1,53,0" doraHai="27" doraHaiUra="95" who="3" fromWho="3" sc="240,-21,240,-40,270,-21,230,102" /><INIT seed="2,0,0,4,1,39" ten="219,200,249,332" oya="2" hai0="6,111,51,81,32,121,64,5,74,21,61,54,53" hai1="129,40,114,65,58,44,86,123,62,119,30,14,110" hai2="134,104,41,52,96,132,113,8,10,130,82,25,76" hai3="67,115,63,100,97,95,126,85,17,79,107,3,116"/><V4/><F113/><W103/><G116/><T12/><D32/><U38/><E119/><V102/><F130/><W48/><G3/><T75/><D121/><U77/><E114/><V9/><F4/><W109/><G109/><T2/><D2/><U27/><E129/><V80/><F25/><W112/><G126/><T7/><D111/><U47/><E110/><V11/><N who="2" m="2048" /><DORA hai="15" /><V120/><F120/><W37/><G37/><T93/><D93/><U60/><E123/><V131/><F131/><W94/><G107/><T118/><D118/><U125/><E125/><V55/><F41/><W28/><G103/><T69/><D81/><U29/><E14/><V105/><F104/><W31/><G100/><T16/><REACH who="0" step="1"/><D54/><REACH who="0" ten="209,200,249,332" step="2"/><U92/><E92/><V19/><F82/><N who="3" m="47327" /><G94/><T35/><D35/><U78/><E40/><V24/><F80/><W117/><G95/><T73/><D73/><U135/><E65/><V22/><F76/><W84/><G67/><T106/><D106/><U1/><E78/><V122/><F122/><W133/><G117/><T70/><D70/><U91/><E77/><V98/><F96/><W23/><G97/><T49/><D49/><U50/><E50/><V18/><REACH who="2" step="1"/><F19/><REACH who="2" ten="209,200,239,332" step="2"/><W83/><G17/><T124/><D124/><U88/><E38/><V101/><F101/><W89/><G115/><T72/><D72/><U34/><E34/><V33/><F33/><W108/><G112/><T87/><D87/><U71/><E86/><V46/><F46/><AGARI ba="0,2" hai="5,6,7,12,16,21,46,51,53,61,64,69,74,75" machi="46" ten="40,5200,0" yaku="1,1,52,1,54,1,53,0" doraHai="39,15" doraHaiUra="99,36" who="0" fromWho="2" sc="209,72,200,0,239,-52,332,0" /><INIT seed="3,0,0,0,0,79" ten="281,200,187,332" oya="3" hai0="102,58,68,43,113,117,101,94,130,64,49,3,54" hai1="125,133,132,108,29,124,63,116,25,61,26,60,81" hai2="2,65,74,33,70,27,40,24,52,84,83,96,75" hai3="36,119,104,14,89,87,18,85,106,135,110,121,28"/><W99/><G119/><T128/><D117/><U129/><E108/><V1/><F40/><W19/><G36/><T9/><D43/><U92/><E116/><V80/><F65/><W13/><G135/><N who="1" m="51786" /><E92/><V77/><F70/><W103/><G28/><T51/><D113/><U41/><E41/><V16/><F33/><W72/><G72/><T73/><D73/><U107/><E107/><V111/><F111/><W105/><G121/><T37/><D37/><U56/><E26/><V10/><F96/><W8/><G85/><T109/><D64/><N who="1" m="38919" /><E81/><V17/><F10/><W71/><G71/><T91/><D68/><U90/><E90/><V39/><F39/><W86/><G86/><T123/><D109/><U0/><E0/><V120/><F84/><W118/><G118/><T30/><D123/><U97/><E97/><V7/><F120/><W88/><G89/><T114/><D114/><U21/><E129/><V35/><F35/><W82/><REACH who="3" step="1"/><G110/><REACH who="3" ten="281,200,187,322" step="2"/><T127/><D130/><U20/><E124/><V47/><F74/><W23/><AGARI ba="0,1" hai="8,13,14,18,19,23,82,87,88,99,103,104,105,106" machi="23" ten="20,24000,3" yaku="1,1,2,1,0,1,7,1,52,1,54,1,53,2" doraHai="79" doraHaiUra="12" who="3" fromWho="3" sc="281,-80,200,-80,187,-80,322,250" /><INIT seed="3,1,0,2,5,20" ten="201,120,107,572" oya="3" hai0="24,124,117,120,92,76,82,56,91,37,41,34,88" hai1="108,69,25,12,113,10,89,60,14,100,90,79,5" hai2="102,63,29,54,125,9,126,74,98,119,72,104,103" hai3="59,0,81,65,47,32,105,17,83,66,30,22,18"/><W67/><G105/><T118/><D120/><U86/><E113/><V129/><F119/><W115/><G0/><T27/><D124/><N who="2" m="47722" /><F103/><W70/><G70/><T4/><D4/><U130/><E108/><V46/><F129/><W11/><G32/><T121/><D121/><U109/><E109/><V68/><F29/><W61/><G115/><T99/><D91/><U84/><E130/><V114/><F114/><W45/><G30/><T50/><D37/><U62/><E100/><V51/><F9/><W23/><G11/><T16/><D34/><U15/><E69/><V112/><F112/><W78/><G78/><T135/><D135/><U93/><E79/><V116/><F116/><W101/><G101/><T111/><D111/><U110/><E110/><V43/><F43/><W1/><G1/><T123/><D123/><U31/><E62/><V39/><F39/><W122/><G122/><T53/><D41/><U134/><E60/><V2/><F2/><W94/><G94/><T35/><D35/><U96/><E134/><V40/><F40/><W19/><G61/><T73/><REACH who="0" step="1"/><D16/><REACH who="0" ten="191,120,107,572" step="2"/><U7/><E7/><V38/><F38/><W64/><N who="3" m="16384" /><DORA hai="127" /><W13/><G59/><T28/><D28/><U52/><E31/><V48/><F68/><W26/><REACH who="3" step="1"/><G19/><REACH who="3" ten="191,120,107,562" step="2"/><T75/><D75/><U3/><E3/><V42/><F63/><W77/><G77/><T133/><D133/><U95/><E89/><V80/><F74/><W6/><G6/><T49/><D49/><U97/><E5/><V8/><F72/><W128/><G128/><T33/><D33/><U85/><E90/><RYUUKYOKU ba="1,2" sc="191,15,120,-15,107,-15,562,15" hai0="24,27,50,53,56,73,76,82,88,92,99,117,118" hai3="13,17,18,22,23,26,45,47,81,83" /><INIT seed="3,2,2,1,2,95" ten="206,105,92,577" oya="3" hai0="21,128,122,112,76,63,116,23,39,11,29,48,6" hai1="113,2,86,22,130,31,0,35,121,117,84,55,114" hai2="19,74,123,3,79,119,135,127,57,99,43,73,16" hai3="125,103,34,71,5,50,1,30,38,98,9,13,101"/><W126/><G71/><T97/><D122/><U77/><E121/><V70/><F123/><W10/><G38/><T89/><D39/><U52/><E35/><V15/><F119/><W91/><G30/><T12/><D116/><U18/><E117/><V90/><F3/><W60/><G34/><T61/><D112/><U92/><E31/><V64/><F70/><W44/><G60/><N who="0" m="23115" /><D29/><U104/><E104/><V85/><F127/><N who="3" m="48651" /><G91/><T47/><D76/><U54/><E130/><V109/><F109/><W88/><G10/><T132/><D128/><U102/><E77/><V68/><F68/><W36/><G1/><T49/><D132/><U45/><E45/><V56/><F135/><W46/><G36/><T115/><D115/><U72/><E72/><V42/><F64/><W107/><G46/><T106/><D106/><U69/><E69/><V33/><F79/><W131/><G131/><T26/><D47/><U129/><E129/><V27/><F33/><W96/><G88/><T28/><D23/><U62/><E2/><V105/><F90/><W75/><G75/><T111/><D111/><U118/><E118/><V17/><F74/><W81/><G81/><T82/><D82/><U93/><E62/><V67/><F73/><W110/><G110/><T53/><D53/><U134/><E134/><V7/><F67/><W83/><G83/><T41/><D41/><U8/><E0/><V40/><F43/><N who="3" m="24863" /><G107/><T133/><D133/><U66/><E113/><V4/><F105/><W59/><G59/><T58/><D58/><U108/><E114/><V25/><F57/><W65/><G65/><RYUUKYOKU ba="2,2" sc="206,15,105,-15,92,-15,577,15" hai0="6,11,12,21,26,28,48,49,89,97" hai3="5,9,13,96,98,101,103" /><INIT seed="3,3,2,4,2,47" ten="221,90,77,592" oya="3" hai0="27,72,92,99,3,122,2,112,62,33,60,85,13" hai1="24,130,132,97,93,74,16,14,7,89,68,101,4" hai2="58,73,95,52,12,9,61,134,102,53,18,64,75" hai3="66,111,118,23,28,91,115,45,44,35,49,123,65"/><W69/><G115/><T121/><D72/><U79/><E68/><V37/><F37/><W131/><G35/><T117/><D112/><U114/><E114/><V128/><F134/><W103/><G118/><T120/><D117/><U39/><E39/><V113/><F113/><W63/><G123/><T110/><D110/><U86/><E132/><V70/><F128/><W42/><G131/><T67/><D85/><U108/><E108/><V34/><F34/><W19/><G103/><T87/><D87/><U15/><E130/><V56/><F102/><W127/><G28/><T55/><D55/><U96/><E96/><V5/><F95/><W0/><G0/><T48/><D62/><U59/><E14/><V88/><F88/><W54/><G127/><T81/><D81/><U31/><E59/><V6/><F6/><W26/><G111/><T80/><D80/><U10/><E79/><V100/><F100/><W109/><G109/><T8/><D92/><U82/><REACH who="1" step="1"/><E74/><REACH who="1" ten="221,80,77,592" step="2"/><V20/><F70/><W11/><G69/><T106/><D99/><U129/><E129/><V17/><F64/><W90/><G66/><T43/><D2/><U94/><E94/><V1/><REACH who="2" step="1"/><F17/><REACH who="2" ten="221,80,67,592" step="2"/><N who="3" m="12655" /><G65/><T83/><D122/><U36/><E36/><V46/><F46/><W40/><G44/><T125/><D121/><U84/><E84/><V107/><F107/><W57/><G42/><T76/><D120/><U98/><E98/><V77/><F77/><W119/><G119/><T50/><D76/><U124/><E124/><V126/><F126/><W32/><G32/><AGARI ba="3,4" hai="4,7,10,15,16,24,31,32,82,86,89,93,97,101" machi="32" ten="30,3900,0" yaku="1,1,7,1,54,1,53,0" doraHai="47" doraHaiUra="105" who="1" fromWho="3" sc="221,0,80,88,67,0,592,-48" /><INIT seed="4,0,0,5,1,53" ten="221,168,67,544" oya="0" hai0="103,27,3,9,120,31,50,12,8,91,83,59,46" hai1="102,16,37,45,22,41,55,52,56,18,116,98,128" hai2="68,115,124,54,36,85,4,72,11,90,51,73,113" hai3="87,75,93,35,60,114,38,5,92,135,28,118,80"/><T15/><D120/><U117/><E128/><V99/><F124/><W133/><G114/><T107/><D103/><U70/><E70/><V25/><F68/><W76/><G38/><T127/><D107/><U49/><E55/><V82/><F36/><W42/><G118/><T123/><D123/><U2/><E2/><V89/><F25/><W101/><G42/><T29/><D3/><U0/><E0/><V74/><F99/><W130/><G5/><T58/><D127/><U100/><E100/><V110/><F110/><W105/><G130/><T21/><D31/><U69/><E69/><V40/><F40/><W26/><G75/><T39/><D39/><U96/><E96/><V7/><F90/><W71/><G105/><T43/><D12/><U108/><E18/><V34/><F34/><W1/><G101/><T10/><REACH who="0" step="1"/><D15/><REACH who="0" ten="211,168,67,544" step="2"/><U79/><E108/><V88/><F115/><W131/><G1/><T20/><D20/><U122/><E122/><V97/><F113/><W6/><G131/><T94/><D94/><U81/><E102/><V47/><F11/><W17/><G93/><T104/><D104/><U132/><E132/><V63/><F82/><W129/><G92/><T61/><D61/><U14/><REACH who="1" step="1"/><E98/><REACH who="1" ten="211,158,67,544" step="2"/><V119/><F97/><W125/><G133/><T19/><D19/><U67/><E67/><V84/><F4/><W86/><G6/><T121/><D121/><U106/><E106/><V32/><F7/><W111/><G135/><T65/><D65/><U57/><E57/><V77/><F47/><W134/><G134/><T33/><D33/><U78/><E78/><RYUUKYOKU ba="0,2" sc="211,15,158,15,67,-15,544,-15" hai0="8,9,10,21,27,29,43,46,50,58,59,83,91" hai1="14,16,22,37,41,45,49,52,56,79,81,116,117" /><INIT seed="4,1,2,0,3,69" ten="226,173,52,529" oya="0" hai0="59,107,17,104,47,83,15,126,115,54,8,131,128" hai1="25,45,26,14,1,43,39,36,89,56,35,30,116" hai2="91,121,94,3,77,127,67,95,23,109,63,86,13" hai3="21,2,129,101,103,27,37,49,98,42,125,80,0"/><T28/><D115/><U96/><E1/><V75/><F121/><W19/><G37/><T88/><D126/><U24/><E116/><V53/><F109/><W70/><G103/><T135/><D28/><U132/><E36/><V57/><F127/><W123/><G70/><T65/><D65/><U48/><E132/><V133/><F133/><W33/><G33/><T114/><D114/><U16/><E96/><V90/><F3/><W50/><G129/><N who="0" m="49739" /><D135/><U62/><E89/><V12/><F77/><W134/><G123/><T97/><D47/><U44/><E48/><V7/><F75/><W78/><G134/><T119/><D119/><U32/><E45/><V61/><F7/><W82/><G125/><T74/><D74/><U117/><E35/><V29/><F29/><W5/><G0/><T11/><D11/><U100/><E100/><V71/><REACH who="2" step="1"/><F23/><REACH who="2" ten="226,173,42,529" step="2"/><W111/><G21/><T102/><D17/><U34/><E34/><V79/><F79/><W51/><G19/><T92/><D8/><U46/><E117/><V72/><F72/><W110/><G78/><T66/><D104/><U55/><REACH who="1" step="1"/><E46/><REACH who="1" ten="226,163,42,529" step="2"/><V108/><F108/><W120/><G111/><T93/><D107/><U113/><E113/><V81/><F81/><W105/><G82/><T6/><D83/><U73/><E73/><V76/><F76/><W52/><G80/><T22/><D93/><U122/><E122/><V85/><AGARI ba="1,4" hai="12,13,53,57,61,63,67,71,85,86,90,91,94,95" machi="85" ten="20,5200,0" yaku="1,1,0,1,7,1,9,1,53,0" doraHai="69" doraHaiUra="38" who="2" fromWho="2" sc="226,-27,163,-14,42,95,529,-14" /><INIT seed="5,0,0,2,0,5" ten="199,149,137,515" oya="1" hai0="49,63,0,35,57,114,112,23,8,87,73,47,99" hai1="37,118,11,65,95,51,71,132,130,84,69,67,66" hai2="104,88,40,129,126,133,79,45,3,78,32,85,14" hai3="28,2,127,100,81,117,93,52,1,68,131,120,86"/><U80/><E118/><V16/><F3/><W96/><G68/><T125/><D35/><U19/><E37/><V54/><F133/><W106/><G120/><T115/><D73/><U121/><E132/><V46/><F104/><W74/><G131/><T56/><D125/><U89/><E130/><V59/><F129/><W27/><G127/><T109/><D109/><U43/><E121/><V62/><F32/><W39/><G39/><T94/><D87/><U128/><E128/><V7/><F7/><W107/><G107/><T101/><D0/><U44/><REACH who="1" step="1"/><E80/><REACH who="1" ten="199,139,137,515" step="2"/><N who="2" m="49191" /><F126/><W61/><G81/><T29/><D114/><U38/><E38/><V6/><F6/><W123/><G117/><T82/><D82/><U13/><AGARI ba="0,1" hai="11,13,19,43,44,51,65,66,67,69,71,84,89,95" machi="13" ten="30,6000,0" yaku="1,1,0,1,52,1,53,0" doraHai="5" doraHaiUra="31" who="1" fromWho="1" sc="199,-20,139,70,137,-20,515,-20" /><INIT seed="5,1,0,1,2,131" ten="179,209,117,495" oya="1" hai0="128,69,19,41,100,0,75,52,27,72,101,126,76" hai1="31,66,56,45,121,55,132,81,117,15,70,22,12" hai2="99,59,64,90,73,46,60,129,103,133,8,54,79" hai3="65,33,110,96,14,82,37,5,50,48,43,104,9"/><U115/><E117/><V28/><F129/><W42/><G33/><T6/><D128/><U107/><E121/><V74/><F28/><W17/><G110/><T57/><D69/><U113/><E107/><V83/><F73/><W36/><G65/><T40/><D126/><U120/><E120/><V87/><F8/><W122/><G122/><T71/><D71/><U114/><E70/><V88/><F133/><W77/><G96/><T2/><D19/><U49/><E81/><V47/><F64/><W53/><G50/><T97/><D27/><N who="1" m="16887" /><E132/><V89/><REACH who="2" step="1"/><F74/><REACH who="2" ten="179,209,107,495" step="2"/><W106/><G9/><T38/><D72/><U94/><E66/><V11/><F11/><W67/><G67/><T23/><D75/><U105/><E114/><V127/><F127/><W18/><G37/><T116/><D116/><U25/><E113/><V30/><F30/><W51/><G36/><T63/><D23/><U86/><E115/><V39/><F39/><W16/><G106/><AGARI ba="1,1" hai="46,47,54,59,60,79,83,87,88,89,90,99,103,106" machi="106" ten="40,2600,0" yaku="1,1,54,1,53,0" doraHai="131" doraHaiUra="34" who="2" fromWho="3" sc="179,0,209,0,107,39,495,-29" /><INIT seed="6,0,0,0,3,132" ten="179,209,146,466" oya="2" hai0="121,125,122,111,26,11,45,135,36,100,31,77,58" hai1="134,10,124,1,67,48,102,88,86,17,59,91,115" hai2="129,87,71,5,34,18,75,21,56,55,51,126,32" hai3="42,98,131,28,53,123,6,27,76,80,24,103,117"/><V50/><F75/><W95/><G123/><T106/><D111/><U7/><E134/><V113/><F113/><W119/><G131/><T60/><D135/><U64/><E115/><V14/><F129/><W89/><G42/><T116/><D77/><U84/><E102/><V78/><F71/><W29/><G6/><T93/><D106/><U70/><E70/><V3/><F126/><W99/><G53/><T19/><D19/><U4/><E4/><V133/><F133/><W63/><G63/><T79/><D11/><U109/><E124/><V101/><F101/><W107/><G27/><T38/><D79/><U47/><E17/><V85/><F3/><W112/><G29/><T105/><D105/><U0/><E0/><V46/><F5/><W96/><G96/><N who="0" m="59407" /><D125/><U130/><E130/><V40/><REACH who="2" step="1"/><F78/><REACH who="2" ten="179,209,136,466" step="2"/><W128/><G128/><T9/><D122/><U37/><E109/><V66/><F66/><W61/><G112/><T25/><D121/><U39/><E67/><V41/><F41/><W97/><G103/><T8/><D116/><U68/><E68/><V65/><F65/><W44/><G76/><T23/><D38/><U72/><E72/><V15/><F15/><W2/><G107/><T74/><D74/><U120/><E120/><V81/><F81/><W127/><G80/><T114/><D114/><U69/><E69/><V43/><F43/><W118/><G2/><T30/><D36/><U92/><E64/><V104/><F104/><W20/><G127/><T57/><D26/><U83/><E39/><V49/><F49/><W108/><G118/><T62/><D25/><RYUUKYOKU ba="0,1" sc="179,-10,209,-10,136,30,466,-10" hai2="14,18,21,32,34,40,46,50,51,55,56,85,87" /><INIT seed="6,1,1,1,5,67" ten="169,199,166,456" oya="2" hai0="120,134,27,131,107,98,118,116,26,106,121,122,83" hai1="6,5,90,34,24,31,93,89,108,41,103,88,110" hai2="38,33,63,130,119,58,46,40,114,10,127,72,104" hai3="7,74,69,97,81,8,30,100,13,56,17,19,109"/><V48/><F119/><N who="0" m="45610" /><D134/><U87/><E41/><V126/><F114/><W96/><G69/><T105/><D131/><U53/><E103/><V43/><F130/><W51/><G19/><T18/><D18/><U23/><E90/><V44/><F33/><W125/><G13/><T14/><D14/><U85/><E53/><V99/><F72/><W133/><G51/><T112/><D112/><U3/><E3/><V1/><F104/><W36/><G97/><T132/><D132/><U71/><E71/><V64/><REACH who="2" step="1"/><F99/><REACH who="2" ten="169,199,156,456" step="2"/><W0/><G96/><T28/><D98/><U113/><E113/><V70/><F70/><W115/><G74/><T37/><D37/><U102/><E102/><V16/><F16/><W95/><G36/><T9/><D28/><U94/><REACH who="1" step="1"/><E34/><REACH who="1" ten="169,189,156,456" step="2"/><V111/><F111/><AGARI ba="1,3" hai="5,6,23,24,31,85,87,88,89,93,94,108,110,111" machi="111" ten="40,12000,2" yaku="1,1,2,1,9,1,54,1,53,2" doraHai="67" doraHaiUra="86" who="1" fromWho="2" sc="169,0,189,153,156,-123,456,0" /><INIT seed="7,0,0,3,1,15" ten="169,342,33,456" oya="3" hai0="70,73,45,132,96,2,33,16,71,42,27,58,24" hai1="18,85,54,82,43,105,22,64,62,26,3,111,95" hai2="57,9,107,38,25,99,52,60,19,110,84,11,63" hai3="30,120,36,80,93,117,21,123,100,129,0,79,41"/><W51/><G117/><T113/><D73/><U69/><E105/><V46/><F110/><W114/><G36/><T75/><D75/><U102/><E111/><V49/><F38/><W31/><G0/><T101/><D2/><U119/><E3/><V131/><F131/><W126/><G114/><T122/><D122/><U10/><E119/><V125/><F125/><W86/><G126/><T81/><D113/><U65/><E43/><V133/><F133/><W97/><G129/><T59/><D81/><U92/><E64/><V12/><F107/><W56/><G123/><T13/><D70/><U47/><E102/><V32/><F32/><W115/><G115/><T76/><D71/><U89/><E47/><V20/><F99/><W72/><G72/><T14/><D76/><U90/><E54/><V17/><F84/><W66/><G120/><T40/><D45/><U87/><REACH who="1" step="1"/><E10/><REACH who="1" ten="169,332,33,456" step="2"/><V116/><F116/><W112/><G112/><T134/><D33/><U104/><E104/><V7/><REACH who="2" step="1"/><F46/><REACH who="2" ten="169,332,23,456" step="2"/><N who="3" m="26063" /><G21/><T88/><D96/><U23/><E23/><V39/><F39/><W109/><G100/><T77/><D101/><U28/><E28/><V128/><F128/><W55/><G55/><T91/><D134/><U44/><E44/><V1/><AGARI ba="0,2" hai="1,7,9,11,12,17,19,20,25,49,52,57,60,63" machi="1" ten="20,12000,2" yaku="1,1,0,1,7,1,52,2,54,1,53,0" doraHai="15" doraHaiUra="37" who="2" fromWho="2" sc="169,-30,332,-30,23,140,456,-60" owari="139,-36.0,302,10.0,163,-24.0,396,50.0" /></mjloggm>