<mjloggm ver="2.3"><GO type="169" lobby="0"/><UN n0="%74%61%72%6F%6F" n1="%E3%81%82%E3%81%84%E3%81%82%E3%81%8A%E3%81%84" n2="%E3%82%A2%E3%83%B4%E3%83%8B%E3%83%BC%E3%83%AB%E3%81%AE%E4%BD%8F%E4%BA%BA" n3="%E3%82%AB%E3%83%A9%E3%82%B9%E3%81%AE%E5%AD%90" dan="18,19,17,16" rate="2154.00,2224.82,2188.11,2093.29" sx="M,M,M,M"/><TAIKYOKU oya="0"/><INIT seed="0,0,0,5,2,2" ten="250,250,250,250" oya="0" hai0="126,93,25,52,90,81,38,1,110,6,63,115,54" hai1="86,58,39,131,80,78,36,111,46,30,48,15,92" hai2="3,130,100,43,14,59,7,134,51,19,69,101,50" hai3="67,91,85,35,135,109,22,8,73,79,70,83,132"/><T129/><D115/><U24/><E111/><V56/><F69/><W60/><G35/><T5/><D38/><U95/><E131/><V41/><F130/><W116/><G116/><T64/><D129/><U82/><E82/><V13/><F3/><W31/><G109/><T18/><D110/><U44/><E58/><V120/><F120/><W40/><G40/><T123/><D123/><U125/><E125/><V99/><F134/><W84/><G73/><T94/><D1/><U47/><E48/><V75/><F75/><W96/><G96/><T97/><D81/><U87/><E15/><V112/><F112/><W117/><G117/><T102/><D126/><U16/><E87/><V104/><F104/><W122/><G122/><T76/><D76/><U119/><E119/><V113/><F113/><W121/><G121/><T55/><D18/><U42/><E16/><V23/><F19/><W72/><G8/><T57/><D25/><U27/><E27/><V77/><F77/><W21/><G31/><T53/><D64/><U68/><E68/><V20/><F99/><AGARI ba="0,0" hai="5,6,52,53,54,55,57,63,90,93,94,97,99,102" machi="99" ten="40,12000,1" yaku="8,1,52,2,54,1" doraHai="2" who="0" fromWho="2" sc="250,120,250,0,250,-120,250,0" /><INIT seed="0,1,0,5,0,59" ten="370,250,130,250" oya="0" hai0="74,105,49,90,85,123,37,135,11,46,83,102,116" hai1="22,130,48,14,64,47,96,32,3,56,0,39,99" hai2="106,8,70,101,66,5,112,131,15,38,63,41,29" hai3="117,108,126,16,69,120,119,104,81,76,128,78,10"/><T65/><D123/><U57/><E32/><V89/><F112/><W109/><G104/><T50/><D116/><U19/><E39/><V111/><F111/><W60/><G126/><T118/><D118/><U13/><E130/><V4/><F131/><W62/><G128/><T30/><D30/><U58/><E64/><V25/><F4/><W93/><G69/><T79/><D135/><U127/><E127/><V134/><F134/><W107/><G107/><T125/><D125/><U88/><E14/><V26/><F89/><W61/><G120/><T115/><D115/><U121/><E121/><V91/><F91/><W44/><G44/><T36/><D50/><U24/><E24/><V7/><F7/><W52/><G93/><N who="0" m="54479" /><D65/><U100/><E88/><V98/><REACH who="2" step="1"/><F29/><REACH who="2" ten="370,250,120,250" step="2"/><W110/><G76/><T20/><D79/><U97/><REACH who="1" step="1"/><E100/><REACH who="1" ten="370,240,120,250" step="2"/><V40/><F40/><AGARI ba="1,2" hai="0,3,13,19,22,40,47,48,56,57,58,96,97,99" machi="40" ten="40,2600,0" yaku="1,1,2,1,53,0" doraHai="59" doraHaiUra="132" who="1" fromWho="2" sc="370,0,240,49,120,-29,250,0" /><INIT seed="1,0,0,1,1,134" ten="370,289,91,250" oya="1" hai0="41,45,129,52,12,111,70,127,95,108,40,128,4" hai1="63,1,122,101,14,72,133,11,115,58,54,43,25" hai2="110,56,93,118,50,103,16,6,60,91,98,48,86" hai3="126,13,57,30,121,44,96,61,90,24,74,65,32"/><U113/><E72/><V87/><F118/><W124/><G121/><T36/><D127/><N who="3" m="48681" /><G74/><T117/><D117/><U8/><E122/><V100/><F110/><N who="0" m="42026" /><D70/><U92/><E133/><V79/><F6/><W18/><G44/><N who="0" m="23559" /><D52/><U109/><E43/><V9/><F48/><W85/><G96/><T99/><D12/><U106/><E14/><N who="2" m="7247" /><F50/><W131/><G131/><T89/><D4/><U135/><E1/><V112/><F112/><W10/><G85/><N who="2" m="32265" /><F79/><W0/><G90/><T88/><D89/><U47/><E109/><V3/><F3/><AGARI ba="0,0" hai="0,3,10,13,18,24,30,32,57,61,65" m="48681" machi="3" ten="30,7700,0" yaku="18,1,52,3" doraHai="134" who="3" fromWho="2" sc="370,0,289,0,91,-77,250,77" /><INIT seed="2,0,0,5,3,116" ten="370,289,14,327" oya="2" hai0="83,43,68,35,77,28,70,112,132,98,15,127,37" hai1="45,126,11,109,90,18,64,111,20,134,91,63,87" hai2="130,113,7,110,78,129,29,55,84,10,106,81,24" hai3="19,86,0,96,79,125,93,57,102,75,88,39,30"/><V128/><F113/><W120/><G39/><T122/><D112/><U32/><E32/><V33/><F106/><W135/><G0/><T46/><D122/><U2/><E134/><V82/><F82/><W54/><G135/><T133/><D127/><U94/><E126/><V49/><F110/><N who="1" m="41993" /><E45/><V99/><F99/><W103/><G125/><T31/><D31/><U52/><E11/><V67/><F67/><W4/><G120/><T115/><D115/><U13/><E2/><V14/><F49/><N who="3" m="30927" /><G75/><N who="0" m="43455" /><D15/><U53/><E91/><V61/><F55/><W59/><G4/><T72/><D98/><U26/><E26/><V1/><F1/><W74/><G74/><T23/><D23/><U89/><E90/><V16/><REACH who="2" step="1"/><F61/><REACH who="2" ten="370,289,4,327" step="2"/><W119/><G96/><T36/><D132/><U21/><E64/><V121/><F121/><W27/><G119/><T76/><D133/><U95/><E63/><V114/><F114/><W65/><G65/><T47/><D37/><U80/><E80/><V50/><F50/><W71/><G79/><T118/><D118/><U60/><E60/><V104/><F104/><W8/><G93/><T117/><D117/><U56/><E95/><V6/><AGARI ba="0,1" hai="6,7,10,14,16,24,29,33,78,81,84,128,129,130" machi="6" ten="40,12000,1" yaku="1,1,0,1,19,1,54,1,53,0" doraHai="116" doraHaiUra="62" who="2" fromWho="2" sc="370,-40,289,-40,4,130,327,-40" /><INIT seed="2,1,0,1,1,108" ten="330,249,134,287" oya="2" hai0="111,121,11,76,94,119,9,40,98,77,65,36,2" hai1="69,21,134,0,75,86,92,52,56,110,113,26,25" hai2="68,101,7,109,116,95,107,17,89,35,124,90,31" hai3="122,127,87,1,131,126,79,103,37,82,120,16,123"/><V42/><F109/><W29/><G1/><T132/><D121/><U62/><E0/><V72/><F116/><W70/><G37/><T54/><D119/><U99/><E110/><V93/><F68/><W118/><G118/><T39/><D111/><U45/><E75/><V6/><F72/><W27/><G70/><T28/><D28/><U58/><E134/><V51/><F124/><W97/><G131/><T5/><D65/><U85/><E69/><V61/><F61/><W59/><G59/><T20/><D20/><U60/><E45/><N who="2" m="26039" /><F107/><W23/><REACH who="3" step="1"/><G29/><REACH who="3" ten="330,249,134,277" step="2"/><T105/><D39/><U30/><E113/><V12/><F31/><W67/><G67/><T135/><D135/><U78/><E26/><V50/><F35/><W96/><G96/><T115/><D98/><U71/><E71/><V48/><F50/><W3/><G3/><T15/><D2/><U73/><E73/><V129/><F48/><W130/><G130/><T24/><D36/><U104/><E104/><AGARI ba="1,1" hai="16,23,27,79,82,87,97,103,104,120,122,123,126,127" machi="104" ten="40,2600,0" yaku="1,1,54,1,53,0" doraHai="108" doraHaiUra="38" who="3" fromWho="1" sc="330,0,249,-29,134,0,277,39" /><INIT seed="3,0,0,5,5,48" ten="330,220,134,316" oya="3" hai0="74,75,102,43,92,62,76,98,29,67,104,131,128" hai1="68,60,66,91,61,69,121,93,82,36,16,105,80" hai2="45,22,70,78,112,83,124,2,106,53,11,119,55" hai3="86,107,65,89,84,28,90,56,130,96,113,101,118"/><W81/><G118/><T9/><D29/><U24/><E105/><V12/><F119/><W103/><G113/><T6/><D43/><U73/><E36/><V120/><F112/><W52/><G130/><N who="0" m="49707" /><D92/><U31/><E121/><V23/><F106/><W114/><G114/><T17/><D17/><U77/><E80/><V64/><F2/><W38/><G38/><T116/><D76/><U123/><E123/><V34/><F34/><W111/><G103/><T110/><D110/><U8/><E8/><V42/><F120/><W19/><G111/><T87/><D87/><U40/><E40/><V37/><F124/><W100/><G100/><T117/><D75/><U71/><E61/><V133/><F133/><W44/><G28/><T109/><D74/><U15/><E15/><V26/><F64/><W33/><G33/><T0/><D109/><U1/><E1/><V126/><F70/><AGARI ba="0,0" hai="0,6,9,62,67,70,98,102,104,116,117" m="49707" machi="70" ten="30,2000,0" yaku="19,1,23,1" doraHai="48" who="0" fromWho="2" sc="330,20,220,0,134,-20,316,0" /><INIT seed="4,0,0,1,1,93" ten="350,220,114,316" oya="0" hai0="71,36,75,63,21,57,9,94,116,31,29,0,5" hai1="74,64,77,67,8,131,1,37,49,65,132,52,130" hai2="16,73,12,19,119,69,122,11,128,61,107,82,3" hai3="10,40,133,108,96,22,79,120,114,33,121,124,97"/><T68/><D116/><U129/><E37/><V110/><F122/><N who="3" m="47211" /><G108/><T41/><D75/><U51/><E77/><V55/><F110/><W54/><G114/><T111/><D111/><U32/><E32/><V20/><F119/><W87/><G33/><T98/><D41/><U117/><E74/><V115/><F115/><W2/><G133/><T17/><D36/><U6/><E117/><V62/><F128/><W24/><G124/><T38/><D38/><U125/><E132/><V47/><F107/><W112/><G112/><T78/><D78/><U46/><E125/><V23/><F73/><W88/><G40/><T126/><D68/><U53/><REACH who="1" step="1"/><E67/><REACH who="1" ten="350,210,114,316" step="2"/><V134/><F134/><W56/><G79/><T39/><D39/><U109/><E109/><V30/><F69/><W99/><G2/><T113/><D71/><U90/><E90/><V25/><F3/><W106/><G10/><T95/><D113/><U15/><E15/><V83/><F11/><W91/><G106/><T18/><D126/><U81/><E81/><N who="2" m="30731" /><F19/><N who="3" m="12383" /><G87/><T50/><D9/><U66/><E66/><V45/><F20/><W58/><G58/><AGARI ba="0,1" hai="1,6,8,46,49,51,52,53,58,64,65,129,130,131" machi="58" ten="40,5200,0" yaku="1,1,19,1,54,1,53,0" doraHai="93" doraHaiUra="89" who="1" fromWho="3" sc="350,0,210,62,114,0,316,-52" /><INIT seed="5,0,0,3,3,127" ten="350,272,114,264" oya="1" hai0="47,67,25,86,43,27,19,51,88,36,64,49,48" hai1="110,14,113,105,70,63,134,28,81,9,111,77,93" hai2="52,3,45,61,96,10,122,54,22,38,59,117,32" hai3="129,78,130,83,119,84,31,103,73,18,116,7,58"/><U30/><E105/><V6/><F122/><W123/><G123/><T104/><D104/><U60/><E93/><V66/><F32/><W2/><G103/><T101/><D101/><U62/><E70/><V55/><F117/><N who="3" m="45131" /><G31/><T135/><D135/><U39/><E39/><V26/><F96/><W65/><G7/><T89/><D89/><U69/><E69/><V16/><REACH who="2" step="1"/><F38/><REACH who="2" ten="350,272,104,264" step="2"/><W82/><G2/><T87/><D36/><U37/><E37/><V125/><F125/><W21/><G65/><T120/><D64/><U34/><E34/><V23/><F23/><W92/><G92/><T118/><D67/><U11/><E111/><V33/><F33/><W132/><G132/><T106/><D106/><U41/><E134/><V20/><F20/><W1/><G1/><T15/><D120/><U5/><E110/><V133/><F133/><W109/><G109/><T115/><D118/><U91/><E11/><V74/><F74/><W57/><G58/><T85/><D85/><U79/><E9/><V75/><F75/><W124/><G124/><T35/><D86/><U17/><E81/><V4/><F4/><W71/><G71/><T68/><D68/><U99/><E99/><V24/><F24/><N who="3" m="14391" /><G57/><T76/><D35/><U107/><E5/><V12/><F12/><W100/><G100/><T40/><D27/><U56/><E14/><V44/><AGARI ba="0,1" hai="3,6,10,16,22,26,44,45,52,54,55,59,61,66" machi="44" ten="30,7900,0" yaku="1,1,0,1,54,2,53,0" doraHai="127" doraHaiUra="102" who="2" fromWho="2" sc="350,-20,272,-39,104,89,264,-20" /><INIT seed="6,0,0,3,5,134" ten="330,233,193,244" oya="2" hai0="79,24,18,11,64,107,99,94,110,33,17,91,105" hai1="95,14,104,126,38,22,101,12,67,100,55,2,106" hai2="117,87,93,44,42,58,25,10,109,124,3,92,13" hai3="31,119,60,19,85,56,20,40,115,118,71,125,32"/><V77/><F117/><W120/><G120/><T61/><D110/><U5/><E38/><V47/><F109/><W97/><G115/><T27/><D79/><U82/><E67/><V52/><F3/><W9/><G71/><T112/><D112/><U74/><E55/><V86/><F25/><W81/><G32/><T53/><D53/><U72/><E22/><V39/><F124/><W6/><G31/><T96/><D107/><N who="1" m="41003" /><E5/><V50/><F47/><W90/><G125/><T15/><D18/><U76/><E12/><V108/><F108/><W70/><G70/><T62/><D62/><U29/><E14/><V69/><F69/><W127/><G127/><T133/><D133/><U51/><E51/><V21/><F21/><W78/><G97/><N who="0" m="57567" /><D105/><U49/><E49/><V129/><F129/><W98/><G98/><N who="0" m="37419" /><D33/><U23/><E23/><V102/><F102/><N who="1" m="39529" /><E29/><V7/><REACH who="2" step="1"/><F77/><REACH who="2" ten="330,233,183,244" step="2"/><W103/><G78/><T122/><D122/><U84/><E2/><V88/><F88/><W123/><G103/><T75/><D24/><U8/><E8/><V26/><F26/><W66/><G123/><T57/><D27/><U48/><E126/><V59/><F59/><W63/><G119/><T111/><D111/><U16/><E76/><V121/><F121/><W73/><G118/><T114/><D114/><U135/><E135/><V28/><F28/><W68/><G68/><T128/><D128/><U132/><E132/><V83/><F83/><W54/><G81/><T34/><D34/><U89/><E82/><V1/><F1/><W30/><G30/><T65/><D75/><U130/><E72/><RYUUKYOKU ba="0,1" sc="330,15,233,-15,183,15,244,-15" hai0="11,15,17,57,61,64,65" hai2="7,10,13,39,42,44,50,52,58,86,87,92,93" /><INIT seed="6,1,1,0,4,102" ten="345,218,198,229" oya="2" hai0="22,75,121,51,54,82,98,53,26,103,81,83,67" hai1="0,117,12,91,88,62,24,20,131,16,64,43,86" hai2="59,1,112,39,73,97,107,104,15,77,44,113,65" hai3="130,25,115,66,58,27,17,95,63,9,105,18,42"/><V128/><F1/><W32/><G130/><T109/><D121/><U13/><E0/><V134/><F128/><W135/><G135/><T94/><D109/><U34/><E131/><V99/><F134/><W33/><G105/><N who="2" m="40521" /><F15/><W47/><G95/><T19/><D75/><U11/><E117/><V49/><F39/><W84/><G84/><T48/><D67/><U6/><E43/><V114/><F77/><W46/><G42/><T96/><D96/><U68/><E34/><V30/><F73/><W70/><G66/><T45/><D82/><U36/><E36/><V108/><F30/><W52/><G9/><T76/><D76/><U111/><E111/><V92/><F108/><W35/><G70/><T61/><D61/><U89/><REACH who="1" step="1"/><E12/><REACH who="1" ten="345,208,198,229" step="2"/><V57/><F65/><W21/><G35/><T10/><D10/><U129/><E129/><V38/><F38/><W31/><G33/><T7/><D7/><U41/><E41/><N who="2" m="24719" /><F99/><W72/><G32/><T74/><D74/><U2/><E2/><V37/><F37/><W119/><G72/><T69/><D98/><U100/><E100/><AGARI ba="1,2" hai="57,59,92,97,100,112,113,114" m="24719,40521" machi="100" ten="40,12000,1" yaku="15,1,52,3" doraHai="102" who="2" fromWho="1" sc="345,0,208,-123,198,143,229,0" /><INIT seed="6,2,0,2,4,126" ten="345,85,341,229" oya="2" hai0="76,73,45,4,84,11,65,81,16,24,28,29,59" hai1="93,52,114,77,15,54,96,40,87,66,111,131,74" hai2="20,90,19,0,64,127,106,118,97,69,134,23,122" hai3="3,49,30,37,116,67,63,56,44,21,2,42,26"/><V5/><F122/><W124/><G116/><T80/><D45/><U12/><E111/><V115/><F118/><W62/><G124/><T70/><D70/><U88/><E114/><V71/><F127/><W100/><G100/><T35/><D29/><U82/><E66/><V130/><F115/><W99/><G99/><T39/><D39/><U36/><E40/><V75/><F75/><W108/><G108/><T109/><D109/><U107/><E36/><V85/><F134/><W68/><G37/><T33/><D16/><U61/><E131/><V110/><F110/><W8/><G8/><T31/><D31/><U60/><E60/><V58/><F130/><W18/><G30/><T46/><D46/><U92/><E107/><V10/><F58/><W101/><G101/><T25/><D25/><U112/><E112/><V132/><F132/><W83/><G83/><T6/><D35/><U94/><E94/><V95/><F64/><AGARI ba="2,0" hai="2,3,18,21,26,42,44,49,56,62,63,64,67,68" machi="64" ten="30,1000,0" yaku="7,1" doraHai="126" who="3" fromWho="2" sc="345,0,85,0,341,-16,229,16" /><INIT seed="7,0,0,2,2,109" ten="345,85,325,245" oya="3" hai0="77,74,31,99,100,71,94,124,44,38,66,90,75" hai1="58,67,30,10,57,88,73,83,112,29,17,85,87" hai2="86,119,104,79,12,2,70,61,72,56,135,32,128" hai3="16,45,48,15,14,7,52,122,62,63,34,97,8"/><W130/><G122/><T21/><D124/><U103/><E73/><V47/><F119/><W89/><G34/><T101/><D71/><U127/><E127/><V19/><F2/><W53/><G130/><T55/><D66/><U126/><E126/><V0/><F0/><W78/><G78/><T11/><D75/><U132/><E132/><V107/><F32/><W43/><G97/><T65/><D65/><U134/><E134/><V93/><F70/><W35/><G35/><T98/><D74/><U36/><E36/><V5/><F5/><W49/><G89/><T113/><D77/><U105/><E105/><V13/><F135/><W3/><G3/><T28/><D113/><U114/><E103/><N who="0" m="39497" /><D38/><U39/><E39/><V120/><F120/><W95/><G95/><N who="0" m="56695" /><D11/><U51/><E51/><V115/><F128/><W20/><G43/><T117/><D21/><U25/><E85/><V84/><F72/><W118/><G118/><T131/><D131/><U22/><E10/><V24/><F107/><W64/><G64/><T125/><D125/><U121/><E121/><V68/><F68/><W18/><G7/><T37/><D117/><U108/><E108/><V54/><F104/><W23/><G8/><T106/><D106/><U116/><E116/><V46/><F115/><N who="1" m="44073" /><E58/><AGARI ba="0,0" hai="14,15,16,18,20,23,45,48,49,52,53,58,62,63" machi="58" ten="30,12000,1" yaku="7,1,9,1,8,1,54,2" doraHai="109" who="3" fromWho="1" sc="345,0,85,-120,325,0,245,120" owari="345,15.0,-35,-54.0,325,-7.0,365,46.0" /></mjloggm>