<mjloggm ver="2.3"><GO type="169" lobby="0"/><UN n0="%E5%B0%8F%E6%B1%A0%E5%BE%B9%E5%B9%B3" n1="%43%48%41%4E%43%45%21" n2="%E5%9F%BA%E7%A4%8E%E8%AB%96" n3="%E3%82%A8%E3%82%B9%E3%83%86%E3%83%BC" dan="18,16,17,17" rate="2210.71,2141.68,2133.80,2129.74" sx="M,M,M,F"/><TAIKYOKU oya="0"/><INIT seed="0,0,0,2,4,33" ten="250,250,250,250" oya="0" hai0="89,106,3,96,29,25,69,134,47,122,53,70,27" hai1="12,121,56,55,35,41,102,39,84,107,90,104,8" hai2="79,37,51,120,5,57,16,52,73,109,45,92,1" hai3="59,20,114,68,43,64,119,81,97,110,28,42,23"/><T127/><D122/><U76/><E35/><V49/><F120/><W4/><G119/><T126/><D134/><U48/><E76/><V61/><F109/><W78/><G114/><T62/><D3/><U116/><E121/><V46/><F37/><W67/><G64/><T131/><D131/><U54/><E116/><V66/><F73/><W24/><G68/><T105/><D89/><U30/><E30/><V87/><F1/><W18/><G4/><T31/><D47/><U44/><E102/><V75/><F5/><W10/><G10/><T14/><D14/><U63/><E55/><V112/><F75/><W15/><G110/><T2/><D53/><U91/><E39/><V34/><F34/><W77/><G97/><T38/><D38/><U100/><E100/><V71/><F112/><W94/><G94/><T99/><D2/><U133/><E133/><V101/><F51/><W58/><G78/><T108/><REACH who="0" step="1"/><D108/><REACH who="0" ten="240,250,250,250" step="2"/><U128/><E128/><V80/><F46/><W32/><G15/><T0/><D0/><U85/><E90/><V132/><F45/><W26/><G77/><T13/><D13/><U36/><E36/><V7/><F132/><W83/><G26/><T6/><D6/><N who="1" m="3095" /><E91/><V98/><F7/><W88/><G24/><T124/><D124/><U9/><E9/><V86/><F79/><W50/><G43/><T118/><D118/><U103/><E103/><V113/><F113/><W17/><G42/><T129/><D129/><U21/><E54/><V117/><F117/><W111/><G111/><T74/><D74/><U11/><E41/><V115/><F115/><RYUUKYOKU ba="0,1" sc="240,30,250,-10,250,-10,250,-10" hai0="25,27,29,31,62,69,70,96,99,105,106,126,127" /><INIT seed="0,1,1,0,1,1" ten="270,240,240,240" oya="0" hai0="13,120,104,2,83,61,24,96,133,16,121,97,3" hai1="11,28,100,101,51,94,55,64,113,71,69,0,53" hai2="89,12,134,30,135,124,14,19,125,25,98,31,106" hai3="84,109,44,122,27,49,129,29,115,39,41,18,92"/><T9/><D133/><N who="2" m="50698" /><F89/><W35/><G115/><T37/><D37/><U45/><E113/><V70/><F70/><W91/><G109/><T87/><D3/><U22/><E94/><V6/><F98/><W4/><G129/><T46/><D2/><U48/><E64/><V74/><F74/><W103/><G122/><T131/><D131/><U108/><E108/><V111/><F106/><W34/><G18/><T130/><D130/><U81/><E81/><V5/><F111/><W116/><G116/><T56/><D46/><U8/><E45/><V78/><F78/><W82/><G39/><T65/><D104/><U95/><E95/><V102/><F102/><W17/><G17/><T52/><D65/><U23/><E0/><V60/><F60/><W117/><G117/><T112/><D112/><U72/><REACH who="1" step="1"/><E28/><REACH who="1" ten="270,230,240,240" step="2"/><N who="2" m="10795" /><F25/><W62/><G27/><T21/><D120/><U7/><E7/><N who="2" m="2571" /><F12/><W114/><G114/><T85/><D121/><U54/><E54/><V33/><F33/><W43/><G34/><T47/><D47/><U42/><E42/><V36/><F36/><W57/><G35/><T20/><D24/><U15/><E15/><V93/><F93/><W59/><G41/><T99/><D85/><U88/><E88/><AGARI ba="1,2" hai="9,13,16,20,21,52,56,61,83,87,88,96,97,99" machi="88" ten="40,12000,1" yaku="8,1,54,3" doraHai="1" who="0" fromWho="1" sc="270,143,230,-123,240,0,240,0" /><INIT seed="0,2,0,2,3,5" ten="413,107,240,240" oya="0" hai0="55,19,7,83,89,14,33,47,24,23,62,31,96" hai1="2,21,13,32,97,103,36,122,79,133,39,37,81" hai2="27,86,70,134,105,65,11,46,35,102,63,38,69" hai3="118,66,82,51,30,93,60,1,116,34,61,64,3"/><T127/><D127/><U4/><E32/><V8/><F70/><W57/><G51/><T48/><D62/><U132/><E122/><V54/><F86/><W17/><G93/><T90/><D96/><U59/><E59/><V52/><F134/><N who="1" m="51817" /><E21/><V125/><F125/><W73/><G17/><T106/><D106/><N who="1" m="63855" /><E13/><V10/><F38/><W71/><G34/><T9/><REACH who="0" step="1"/><D83/><REACH who="0" ten="403,107,240,240" step="2"/><U40/><E40/><V130/><F130/><W104/><G82/><T112/><D112/><U121/><E121/><V111/><F111/><W67/><G104/><T126/><D126/><U109/><E109/><V92/><F92/><W101/><G61/><T110/><D110/><U15/><E39/><V119/><F119/><W53/><G60/><T98/><D98/><U120/><E120/><V22/><F105/><W16/><G116/><T78/><D78/><U77/><E77/><V68/><F102/><W45/><G101/><T50/><D50/><U128/><E128/><V41/><F69/><W28/><G71/><T108/><D108/><U20/><E79/><V42/><F68/><W74/><G118/><T85/><D85/><U114/><E81/><V88/><F65/><W99/><G67/><T80/><D80/><U72/><E114/><V113/><F113/><W95/><G66/><T124/><D124/><U56/><E72/><V18/><F63/><W0/><G64/><T6/><D6/><U107/><E107/><V131/><F131/><W84/><G74/><T26/><AGARI ba="2,1" hai="7,9,14,19,23,24,26,31,33,47,48,55,89,90" machi="26" ten="20,7800,0" yaku="1,1,0,1,7,1,52,1,53,0" doraHai="5" doraHaiUra="135" who="0" fromWho="0" sc="403,94,107,-28,240,-28,240,-28" /><INIT seed="0,3,0,0,3,77" ten="497,79,212,212" oya="0" hai0="102,108,40,135,106,7,28,81,30,3,69,87,122" hai1="98,0,82,33,71,61,35,92,44,34,51,107,90" hai2="100,47,5,59,75,73,83,126,80,112,64,88,120" hai3="52,115,31,84,4,10,63,86,101,41,18,20,13"/><T111/><D122/><U45/><E0/><V121/><F47/><W46/><G115/><T26/><D69/><U117/><E107/><V118/><F5/><W17/><G101/><T42/><D135/><U21/><E44/><V60/><F112/><W131/><G131/><T128/><D128/><U57/><E117/><V43/><F100/><W99/><G99/><N who="0" m="61791" /><D7/><U130/><E71/><V50/><F118/><W32/><G32/><N who="0" m="20503" /><D30/><U110/><E130/><V123/><F126/><W113/><G113/><T89/><D3/><U133/><E133/><V16/><F43/><W39/><G31/><T78/><D78/><U37/><E37/><V97/><F50/><W93/><G93/><T124/><D124/><U29/><E29/><V132/><F132/><W25/><G4/><T125/><D125/><U94/><E21/><V109/><F109/><AGARI ba="3,0" hai="40,42,81,87,89,108,109,111" m="20503,61791" machi="109" ten="30,5800,0" yaku="14,1,10,1,52,1" doraHai="77" who="0" fromWho="2" sc="497,67,79,0,212,-67,212,0" /><INIT seed="0,4,0,2,1,25" ten="564,79,145,212" oya="0" hai0="78,114,90,92,126,31,42,89,131,118,97,5,37" hai1="70,101,132,27,15,69,36,109,12,105,111,84,77" hai2="85,57,24,41,123,51,43,94,20,59,76,50,35" hai3="82,26,54,13,133,40,22,98,107,115,46,74,83"/><T100/><D114/><U44/><E132/><V104/><F104/><W63/><G115/><T52/><D118/><U9/><E105/><V108/><F108/><N who="1" m="41545" /><E101/><V56/><F123/><W38/><G13/><T62/><D126/><U120/><E120/><V106/><F35/><W30/><G74/><T99/><D131/><U47/><E27/><V124/><F106/><W122/><G122/><T19/><D78/><U117/><E117/><V18/><F124/><W134/><G107/><T112/><D5/><N who="1" m="3119" /><E15/><V64/><F64/><W14/><G14/><T130/><D19/><U49/><E36/><V135/><F135/><N who="3" m="51723" /><G98/><T116/><D97/><U28/><E28/><V80/><REACH who="2" step="1"/><F94/><REACH who="2" ten="564,79,135,212" step="2"/><W121/><G121/><T72/><D92/><U7/><E7/><V10/><F10/><W6/><G6/><T88/><D116/><U1/><E1/><V103/><F103/><W95/><G95/><T91/><D100/><U58/><E84/><V86/><F86/><W23/><G22/><T65/><D112/><U34/><E34/><V79/><F79/><W110/><G110/><T68/><D65/><U48/><E77/><V17/><F17/><W61/><G82/><T119/><D119/><U81/><E81/><V127/><F127/><W71/><G83/><T45/><D90/><U33/><E33/><V113/><F113/><W55/><G71/><T21/><D68/><U32/><E32/><V128/><F128/><W8/><G8/><T39/><D130/><U2/><E70/><V60/><F60/><AGARI ba="4,1" hai="23,26,30,38,40,46,54,55,60,61,63" m="51723" machi="60" ten="30,2000,0" yaku="20,1,52,1" doraHai="25" who="3" fromWho="2" sc="564,0,79,0,135,-32,212,42" /><INIT seed="1,0,0,0,1,111" ten="564,79,103,254" oya="1" hai0="59,65,131,45,118,29,1,25,3,82,19,124,133" hai1="35,50,64,110,100,95,105,33,128,4,94,47,62" hai2="109,77,58,115,44,52,22,127,129,96,132,53,112" hai3="43,8,92,125,51,17,20,91,74,46,31,73,120"/><U49/><E49/><N who="2" m="28711" /><F109/><W90/><G120/><T40/><D118/><U6/><E110/><V57/><F77/><W79/><G125/><T13/><D124/><U104/><E128/><V15/><F127/><W26/><G79/><T38/><D131/><U103/><E50/><V70/><F70/><W72/><G92/><T88/><D133/><U11/><E11/><V30/><F129/><W108/><G108/><T12/><D65/><U54/><E54/><V126/><F126/><W37/><G37/><T80/><D59/><U69/><E62/><V134/><F96/><W116/><G116/><T24/><D24/><U36/><E64/><V34/><F34/><W39/><G39/><T18/><D13/><U102/><E102/><V114/><F58/><W83/><G83/><T119/><D80/><U0/><E47/><V41/><F41/><W89/><REACH who="3" step="1"/><G8/><REACH who="3" ten="564,79,103,244" step="2"/><N who="0" m="6407" /><D82/><U78/><E78/><V113/><F113/><W123/><G123/><T107/><D38/><U55/><E36/><V122/><F122/><W7/><G7/><T61/><D119/><U66/><E55/><V97/><F97/><W32/><G32/><T93/><D40/><U10/><E66/><V27/><F15/><W85/><G85/><T56/><D3/><U2/><REACH who="1" step="1"/><E10/><REACH who="1" ten="564,69,103,244" step="2"/><V23/><F23/><W14/><G14/><T81/><D1/><U71/><AGARI ba="0,2" hai="0,2,4,6,33,35,69,71,94,95,100,103,104,105" machi="71" ten="25,12000,1" yaku="1,1,2,1,0,1,22,2,53,0" doraHai="111" doraHaiUra="76" who="1" fromWho="1" sc="564,-40,69,140,103,-40,244,-40" /><INIT seed="1,1,0,1,3,84" ten="524,209,63,204" oya="1" hai0="39,73,91,102,127,20,116,100,75,76,117,88,110" hai1="135,49,15,67,93,4,111,128,126,46,26,50,37" hai2="5,90,41,33,27,29,10,32,103,99,97,60,17" hai3="112,109,14,107,7,11,12,18,61,71,2,57,69"/><U104/><E104/><V65/><F33/><W66/><G112/><T85/><D20/><U98/><E128/><V108/><F108/><W86/><G109/><T59/><D59/><U130/><E111/><V1/><F41/><W134/><G107/><T92/><D39/><U95/><E130/><V21/><F103/><N who="0" m="39466" /><D110/><U31/><E37/><V56/><REACH who="2" step="1"/><F90/><REACH who="2" ten="524,209,53,204" step="2"/><W52/><G134/><T24/><D88/><N who="1" m="55591" /><E135/><V82/><F82/><W121/><G121/><T34/><D91/><U81/><E126/><V77/><F77/><W22/><G86/><T89/><D85/><U43/><E81/><V40/><F40/><W8/><REACH who="3" step="1"/><G66/><REACH who="3" ten="524,209,53,194" step="2"/><T133/><D133/><U74/><E67/><V132/><F132/><W25/><G25/><AGARI ba="1,2" hai="1,5,10,17,21,25,27,29,32,56,60,65,97,99" machi="25" ten="30,3900,0" yaku="1,1,7,1,53,1" doraHai="84" doraHaiUra="35" who="2" fromWho="3" sc="524,0,209,0,53,62,194,-42" /><INIT seed="2,0,0,3,5,41" ten="524,209,115,152" oya="2" hai0="84,45,10,97,46,118,40,42,7,130,48,127,71" hai1="65,135,120,129,92,22,39,111,69,74,91,44,32" hai2="86,3,134,28,56,50,23,116,126,133,33,96,106" hai3="81,15,34,5,114,54,98,68,4,37,115,73,125"/><V100/><F116/><W101/><G68/><T55/><D71/><U25/><E22/><V9/><F33/><W29/><G125/><T60/><D127/><U89/><E25/><V82/><F126/><W63/><G37/><T88/><D118/><U6/><E129/><V79/><F3/><W132/><G132/><N who="2" m="50793" /><F9/><W124/><G124/><T57/><D97/><U94/><E32/><V36/><F36/><W128/><G128/><T11/><D130/><U38/><E39/><V14/><F14/><W52/><G29/><T77/><D77/><U117/><E38/><V64/><F64/><W103/><G34/><T107/><D107/><U61/><E65/><V93/><F106/><N who="3" m="63799" /><G103/><T122/><D122/><U72/><E120/><V99/><F99/><W49/><G63/><T30/><D30/><U102/><E135/><V43/><F56/><N who="3" m="32783" /><G15/><N who="0" m="5599" /><D11/><U76/><E117/><V27/><F50/><W1/><G1/><T121/><D121/><U70/><E70/><V78/><F43/><N who="0" m="16426" /><D48/><U26/><E69/><V62/><F62/><W67/><G67/><T8/><D8/><U47/><E61/><V31/><F31/><W18/><G18/><T90/><D90/><AGARI ba="0,0" hai="23,27,28,78,79,82,86,90,93,96,100" m="50793" machi="90" ten="30,1500,0" yaku="20,1" doraHai="41" who="2" fromWho="0" sc="524,-15,209,0,115,15,152,0" /><INIT seed="2,1,0,0,1,71" ten="509,209,130,152" oya="2" hai0="81,58,73,100,60,6,72,116,8,50,108,59,46" hai1="65,29,98,111,23,112,119,32,47,55,13,91,99" hai2="1,103,74,53,96,31,2,22,63,129,109,51,7" hai3="128,12,79,44,80,117,83,27,123,4,124,75,125"/><V84/><F74/><W0/><G0/><T134/><D108/><U105/><E119/><V48/><F109/><W62/><G123/><T3/><D116/><U61/><E111/><V85/><F129/><W15/><G117/><T52/><D134/><U26/><E112/><V127/><F127/><N who="3" m="48715" /><G128/><T45/><D100/><U11/><E91/><V10/><F2/><W126/><N who="3" m="48723" /><W24/><DORA hai="5" /><G80/><T16/><D16/><N who="1" m="8255" /><E32/><V66/><F48/><W30/><G62/><T20/><D20/><U94/><E105/><V70/><F31/><W104/><G104/><T77/><D73/><U33/><E33/><V54/><F22/><N who="3" m="15639" /><G27/><T64/><AGARI ba="1,0" hai="3,6,8,45,46,50,52,58,59,60,64,72,77,81" machi="64" ten="20,5200,0" yaku="0,1,7,1,52,1,54,1" doraHai="71,5" who="0" fromWho="0" sc="509,55,209,-14,130,-27,152,-14" /><INIT seed="3,0,0,1,5,6" ten="564,195,103,138" oya="3" hai0="93,83,7,26,92,37,115,23,22,58,65,52,110" hai1="81,49,54,108,113,131,14,70,95,30,120,21,57" hai2="102,96,32,55,19,125,111,2,44,90,64,119,74" hai3="50,59,134,28,105,132,41,25,77,4,122,60,82"/><W62/><G122/><T9/><D37/><U16/><E113/><V114/><F74/><W75/><G105/><T47/><D110/><U36/><E36/><V48/><F2/><W84/><G75/><T27/><D47/><U56/><E120/><V10/><F32/><W40/><G4/><T0/><D65/><U67/><E108/><V94/><F111/><W68/><G68/><T53/><D83/><U112/><E112/><V128/><F114/><W89/><G77/><T109/><D109/><U91/><E70/><V73/><F119/><W76/><G76/><T1/><D115/><U98/><E131/><V106/><F128/><W103/><G103/><T43/><D43/><N who="3" m="16457" /><G59/><T15/><D0/><U79/><E30/><V118/><F73/><W34/><G50/><T13/><D1/><U39/><E39/><V121/><F121/><W97/><G97/><T85/><D58/><U24/><E57/><V87/><F118/><W107/><G107/><T72/><D72/><U20/><E67/><V116/><F116/><W69/><G69/><T35/><D7/><U129/><E129/><V46/><F64/><W123/><G123/><T126/><D35/><U71/><E71/><V133/><F46/><W88/><G89/><T135/><D53/><U45/><E56/><V101/><F101/><W29/><G29/><T5/><D52/><U3/><E3/><V18/><F18/><W17/><G17/><T99/><D5/><U51/><E51/><V100/><F100/><W42/><N who="3" m="16465" /><W78/><DORA hai="66" /><G78/><T38/><D38/><U80/><E79/><V12/><F125/><RYUUKYOKU ba="0,0" sc="564,-30,195,10,103,10,138,10" hai1="14,16,20,21,24,45,49,54,80,81,91,95,98" hai2="10,12,19,44,48,55,87,90,94,96,102,106,133" hai3="25,28,34,60,62,82,84,88,132,134" /><INIT seed="3,1,0,2,4,60" ten="534,205,113,148" oya="3" hai0="89,42,65,76,68,8,135,82,17,36,13,43,11" hai1="20,44,87,94,32,52,57,77,51,24,104,107,69" hai2="21,133,64,33,124,80,81,103,67,128,85,116,56" hai3="111,49,23,6,105,31,19,74,115,113,88,110,25"/><W99/><G74/><T3/><D135/><U28/><E69/><V114/><F33/><W112/><G49/><T93/><D65/><N who="2" m="25162" /><F116/><W18/><G6/><T37/><D68/><U70/><E70/><V90/><F114/><W120/><G120/><T10/><D37/><U122/><E122/><V2/><F2/><W40/><G40/><T131/><D131/><U53/><E32/><V118/><F118/><W15/><G105/><T16/><D3/><U121/><E121/><V72/><F72/><W71/><G71/><T59/><D59/><U91/><REACH who="1" step="1"/><E77/><REACH who="1" ten="534,195,113,148" step="2"/><V27/><F133/><W83/><G112/><T106/><D76/><U126/><E126/><V117/><F117/><W95/><G113/><T96/><D36/><U48/><AGARI ba="1,1" hai="20,24,28,44,48,51,52,53,57,87,91,94,104,107" machi="48" ten="20,12000,2" yaku="1,1,0,1,7,1,54,1,53,2" doraHai="60" doraHaiUra="46" who="1" fromWho="1" sc="534,-31,195,133,113,-31,148,-61" /><INIT seed="4,0,0,3,4,79" ten="503,328,82,87" oya="0" hai0="46,11,41,47,76,8,85,54,129,56,0,45,105" hai1="88,38,120,123,65,59,37,69,90,19,14,35,23" hai2="89,110,68,87,29,25,49,99,57,7,106,80,91" hai3="42,70,26,117,52,102,93,24,122,22,113,18,119"/><T6/><D105/><U58/><E35/><V107/><F68/><W77/><G70/><T21/><D129/><U109/><E69/><V92/><F110/><W132/><G132/><T16/><D11/><U97/><E97/><V73/><F73/><W12/><G42/><T50/><D85/><U114/><E65/><V9/><F49/><W134/><G134/><T86/><D86/><U17/><E23/><V135/><F57/><W67/><G67/><T96/><D76/><U94/><E94/><V62/><F62/><W13/><G113/><T130/><D96/><U84/><E84/><V82/><F135/><W126/><G126/><T10/><D10/><U40/><E14/><V128/><F128/><W81/><G122/><T44/><D130/><U108/><E40/><V27/><F82/><W53/><G119/><T83/><D44/><U48/><REACH who="1" step="1"/><E48/><REACH who="1" ten="503,318,82,87" step="2"/><V95/><F95/><W98/><G12/><T31/><D41/><U61/><E61/><V34/><F27/><N who="3" m="10283" /><G117/><T15/><D15/><AGARI ba="0,1" hai="7,9,15,25,29,34,80,87,89,91,92,99,106,107" machi="15" ten="30,2000,0" yaku="7,1,52,1" doraHai="79" who="2" fromWho="0" sc="503,-20,318,0,82,30,87,0" /><INIT seed="5,0,0,2,1,103" ten="483,318,112,87" oya="1" hai0="83,15,33,43,60,62,117,48,91,19,22,95,46" hai1="69,118,88,79,92,84,124,16,52,98,90,34,6" hai2="17,63,108,29,129,35,23,36,54,101,123,42,72" hai3="130,135,39,30,28,66,132,119,59,53,126,58,111"/><U64/><E118/><V2/><F123/><W13/><G111/><T113/><D117/><U82/><E34/><V68/><F108/><W38/><G119/><T41/><D33/><U110/><E110/><V133/><F72/><W106/><G13/><T37/><D113/><U57/><E124/><V18/><F2/><W5/><G5/><T121/><D121/><U70/><E64/><V14/><F133/><N who="3" m="51275" /><G126/><T55/><D83/><U93/><E6/><V76/><F14/><W94/><G94/><T115/><D115/><U127/><E127/><V65/><F129/><W99/><G130/><T45/><D41/><U102/><E102/><V80/><F101/><N who="3" m="62783" /><G66/><T128/><D128/><U12/><E92/><V9/><F9/><W32/><G59/><T86/><AGARI ba="0,0" hai="15,19,22,37,43,45,46,48,55,60,62,86,91,95" machi="86" ten="20,1500,0" yaku="0,1,7,1" doraHai="103" who="0" fromWho="0" sc="483,15,318,-7,112,-4,87,-4" /><INIT seed="6,0,0,3,1,108" ten="498,311,108,83" oya="2" hai0="93,74,103,64,104,29,129,33,80,120,5,121,76" hai1="38,78,0,98,12,47,22,20,40,106,85,61,70" hai2="71,55,101,11,115,44,90,119,4,43,69,7,73" hai3="113,81,53,23,111,83,89,41,99,14,75,124,9"/><V21/><F119/><W36/><G111/><T125/><D125/><U88/><E0/><V16/><F73/><W112/><G124/><T57/><D57/><U18/><E78/><V118/><F118/><W24/><G41/><T8/><D64/><U45/><E45/><V135/><F101/><W10/><G36/><T39/><D93/><U25/><E98/><V65/><F65/><W100/><G53/><T110/><D39/><U26/><E106/><V58/><F135/><W32/><G32/><T126/><D126/><U1/><E1/><V37/><F90/><W6/><G10/><T52/><D52/><U54/><E20/><V96/><F96/><W130/><G130/><T116/><D116/><U79/><E79/><V95/><F95/><W17/><G89/><T87/><D110/><U105/><E105/><V62/><F4/><W122/><G122/><T134/><D129/><U50/><E50/><V97/><F97/><W15/><G15/><T109/><D109/><U34/><E34/><V49/><F37/><W133/><G133/><T127/><D134/><U102/><E102/><V67/><F43/><W3/><G3/><N who="0" m="63" /><D127/><U84/><E84/><V48/><F48/><W117/><G117/><T13/><D87/><U51/><E51/><V82/><F82/><W66/><G66/><T114/><D103/><U107/><E107/><V68/><F44/><W86/><G75/><T132/><D74/><U59/><E70/><V92/><F11/><W56/><G56/><T35/><D132/><U91/><E91/><V42/><F69/><W128/><G128/><T123/><D123/><RYUUKYOKU ba="0,0" sc="498,-10,311,30,108,-10,83,-10" hai1="12,18,22,25,26,38,40,47,54,59,61,85,88" /><INIT seed="7,1,0,1,5,44" ten="488,341,98,73" oya="3" hai0="86,115,124,0,109,74,100,45,54,126,20,87,78" hai1="36,119,73,18,25,77,61,1,16,76,64,63,117" hai2="12,35,31,70,80,13,30,6,24,103,68,104,85" hai3="67,17,48,49,10,113,7,88,108,9,66,131,32"/><W43/><G32/><T41/><D109/><U58/><E25/><V123/><F31/><W69/><G108/><T110/><D110/><U91/><E58/><V15/><F123/><W83/><G69/><T29/><D0/><U19/><E91/><V23/><F35/><W39/><G39/><T2/><D2/><U111/><E1/><V93/><F104/><W4/><G131/><T95/><D54/><U105/><E111/><V26/><F26/><W106/><G106/><T42/><D74/><U28/><E105/><V97/><REACH who="2" step="1"/><F6/><REACH who="2" ten="488,341,88,73" step="2"/><N who="3" m="2091" /><G113/><T37/><D86/><U121/><E28/><V128/><F128/><W120/><G120/><T107/><D45/><U40/><E121/><V127/><F127/><W135/><G135/><T65/><D42/><U22/><E40/><V101/><F101/><W46/><G49/><T62/><D20/><U52/><E22/><V34/><F34/><W90/><G83/><T94/><D115/><U71/><E36/><V129/><F129/><W130/><G130/><T98/><D107/><U21/><E21/><V14/><N who="2" m="3072" /><DORA hai="33" /><V60/><F60/><W3/><G3/><T92/><D37/><U114/><E114/><V72/><F72/><W51/><G51/><T89/><D62/><U53/><E61/><V82/><F82/><W84/><G17/><T125/><D125/><U122/><E73/><V116/><F116/><N who="1" m="44617" /><E122/><V27/><F27/><W102/><G102/><N who="0" m="60743" /><D126/><U11/><E11/><N who="3" m="4106" /><G84/><N who="0" m="52519" /><D124/><U57/><E71/><V55/><F55/><AGARI ba="1,1" hai="16,18,19,52,53,55,57,63,64,76,77" m="44617" machi="55" ten="30,3900,0" yaku="12,1,54,2" doraHai="44,33" who="1" fromWho="2" sc="488,0,341,52,88,-42,73,0" owari="488,59.0,393,19.0,46,-45.0,73,-33.0" /></mjloggm>