<mjloggm ver="2.3"><GO type="169" lobby="0"/><UN n0="%E3%82%89%E3%81%8F%E3%81%A0%EF%BC%90%EF%BC%91%EF%BC%90%EF%BC%99" n1="%73%68%6F%6F%74%33%39" n2="%E3%81%8D%E3%81%8F%E3%81%A6%E3%81%83%E3%81%99%E2%98%86" n3="%E3%81%A4%E3%81%B0%E3%81%8D%E3%81%A1%30%33" dan="16,16,16,17" rate="2129.81,2132.92,2084.50,2175.26" sx="M,M,M,M"/><TAIKYOKU oya="0"/><INIT seed="0,0,0,3,3,89" ten="250,250,250,250" oya="0" hai0="59,37,69,87,81,46,114,77,62,40,100,72,10" hai1="91,26,48,133,31,14,34,129,118,99,117,126,98" hai2="64,13,101,23,56,41,134,57,42,35,79,71,121" hai3="25,2,123,30,73,119,78,0,107,128,67,50,20"/><T131/><D114/><U47/><E126/><V105/><F121/><W39/><G107/><T122/><D122/><U43/><E129/><V106/><F35/><W74/><G39/><T45/><D131/><U86/><E133/><V15/><F134/><W55/><G128/><T44/><D69/><U68/><E68/><V111/><F79/><W102/><G102/><T125/><D125/><U66/><E66/><V65/><F71/><W19/><G119/><T94/><D10/><U21/><E118/><V22/><REACH who="2" step="1"/><F101/><REACH who="2" ten="250,250,240,250" step="2"/><W110/><G78/><T17/><D17/><U104/><E117/><V127/><F127/><W49/><G19/><T61/><D61/><U76/><E76/><V51/><F51/><W38/><G49/><T12/><D12/><U135/><E135/><V63/><F63/><W90/><G50/><T108/><D108/><AGARI ba="0,1" hai="13,15,22,23,41,42,56,57,64,65,105,106,108,111" machi="108" ten="25,8000,1" yaku="1,1,22,2,53,2" doraHai="89" doraHaiUra="9" who="2" fromWho="0" sc="250,-80,250,0,240,90,250,0" /><INIT seed="1,0,0,4,2,37" ten="170,250,330,250" oya="1" hai0="75,5,70,133,117,8,85,125,51,102,43,65,32" hai1="73,96,66,122,93,30,44,0,98,17,112,90,46" hai2="13,14,81,7,64,94,22,108,71,29,49,123,77" hai3="89,101,76,28,128,2,25,135,121,115,132,11,57"/><U127/><E112/><V103/><F123/><W110/><G121/><T114/><D117/><U74/><E122/><V111/><F71/><W23/><G115/><T62/><D75/><U53/><E0/><V3/><F64/><W42/><G110/><N who="2" m="42025" /><F49/><W84/><G101/><T41/><D114/><U130/><E66/><V35/><F35/><W1/><G76/><T80/><D133/><U82/><E30/><V104/><F104/><W68/><G68/><T40/><D125/><U126/><E130/><V118/><F118/><W9/><G128/><T39/><D39/><U31/><E31/><V18/><F29/><W83/><G1/><T58/><D32/><U72/><E17/><V134/><F134/><W48/><G2/><T99/><D70/><U79/><E53/><V56/><F56/><W19/><G28/><T10/><D5/><U69/><E69/><V36/><F36/><W21/><G135/><T63/><D63/><U86/><E46/><V124/><F124/><N who="1" m="47657" /><E44/><V27/><F7/><W26/><G132/><T106/><REACH who="0" step="1"/><D51/><REACH who="0" ten="160,250,330,250" step="2"/><U95/><E72/><N who="2" m="43175" /><F3/><W4/><G4/><T50/><D50/><U119/><E119/><V38/><F38/><W88/><G48/><T24/><D24/><U91/><AGARI ba="0,1" hai="73,74,79,82,86,90,91,93,95,96,98" m="47657" machi="91" ten="30,6000,0" yaku="18,1,34,2" doraHai="37" who="1" fromWho="1" sc="160,-20,250,70,330,-20,250,-20" /><INIT seed="1,1,0,5,1,132" ten="140,320,310,230" oya="1" hai0="36,121,124,33,34,7,99,88,79,94,45,87,89" hai1="131,100,109,81,71,114,14,31,91,113,80,70,125" hai2="134,24,23,120,73,116,122,74,48,118,22,18,58" hai3="2,101,44,84,12,78,108,98,129,76,63,57,115"/><U62/><E100/><V3/><F134/><W123/><G2/><T26/><D121/><N who="2" m="46698" /><F58/><W93/><G115/><N who="1" m="44042" /><E31/><N who="2" m="17815" /><F48/><W90/><G129/><T85/><D79/><U72/><E72/><V54/><F54/><W0/><G0/><T49/><D36/><U103/><E103/><V64/><F64/><W52/><G123/><T10/><D26/><U53/><E53/><V11/><F74/><W25/><G25/><T5/><D5/><U1/><E1/><V19/><F73/><W29/><G29/><T37/><D37/><U61/><E91/><V17/><F23/><W135/><G135/><T95/><D99/><U82/><E131/><V110/><F110/><W83/><G108/><T112/><D112/><U92/><E92/><V51/><F51/><N who="3" m="28775" /><G12/><T13/><REACH who="0" step="1"/><D124/><REACH who="0" ten="130,320,310,230" step="2"/><U28/><E109/><V15/><F118/><W127/><G127/><T133/><D133/><U27/><E125/><V47/><F116/><W9/><G78/><T105/><D105/><U119/><E119/><V55/><F18/><W40/><G76/><T96/><D96/><U130/><E130/><V6/><F19/><W69/><G98/><T68/><D68/><N who="1" m="26155" /><E14/><V56/><F3/><W30/><G30/><T50/><D50/><U117/><E117/><V8/><F6/><W77/><G77/><T35/><D35/><U102/><E102/><V4/><F4/><W107/><G101/><T42/><AGARI ba="1,1" hai="7,10,13,33,34,42,45,49,85,87,88,89,94,95" machi="42" ten="20,8000,1" yaku="1,1,0,1,7,1,9,1,54,1,53,0" doraHai="132" doraHaiUra="59" who="0" fromWho="0" sc="130,93,320,-41,310,-21,230,-21" /><INIT seed="2,0,0,3,2,122" ten="223,279,289,209" oya="2" hai0="77,29,50,65,6,26,42,103,117,54,43,55,87" hai1="13,96,68,83,116,101,127,31,81,132,10,126,115" hai2="39,61,112,95,46,80,30,135,21,57,113,20,19" hai3="48,24,99,121,25,114,66,71,86,3,84,0,69"/><V40/><F135/><W90/><G99/><T75/><D75/><U79/><E68/><V49/><F80/><W8/><G48/><T82/><D117/><U123/><E116/><V107/><F107/><W11/><G66/><T64/><D103/><U125/><E115/><V97/><F39/><W105/><G105/><T110/><D110/><U92/><E132/><V111/><F111/><W2/><G2/><T60/><D6/><U108/><E123/><V7/><F7/><W85/><G85/><T32/><D65/><U1/><E1/><V130/><F130/><W98/><G98/><T41/><REACH who="0" step="1"/><D50/><REACH who="0" ten="213,279,289,209" step="2"/><U4/><E108/><V76/><F113/><W38/><G114/><T74/><D74/><U124/><E124/><V22/><F112/><W34/><G121/><T128/><D128/><U14/><E79/><V133/><F76/><W53/><G38/><T36/><D36/><U9/><REACH who="1" step="1"/><E31/><REACH who="1" ten="213,269,289,209" step="2"/><V47/><F30/><W45/><G0/><T100/><D100/><U37/><E37/><V17/><F17/><AGARI ba="0,2" hai="4,9,10,13,14,17,81,83,92,96,101,125,126,127" machi="17" ten="40,2600,0" yaku="1,1,18,1,53,0" doraHai="122" doraHaiUra="120" who="1" fromWho="2" sc="213,0,269,46,289,-26,209,0" /><INIT seed="3,0,0,5,5,69" ten="213,315,263,209" oya="3" hai0="6,34,55,117,115,99,40,61,15,87,7,112,19" hai1="106,80,79,59,133,1,12,45,23,60,65,0,83" hai2="93,111,98,62,47,81,73,70,74,75,20,32,78" hai3="35,122,22,63,113,57,118,105,92,84,5,10,124"/><W56/><G35/><T17/><D117/><U3/><E106/><V37/><F32/><W101/><G105/><T121/><D121/><U77/><E133/><V135/><F135/><W14/><G118/><T103/><D34/><U125/><E125/><V72/><F111/><W127/><G113/><T2/><D2/><U94/><E94/><V131/><F131/><W16/><G122/><T76/><D40/><U21/><E45/><V51/><F20/><W134/><G134/><T82/><D82/><U100/><E100/><V71/><F62/><W53/><G57/><T27/><D27/><U52/><E65/><V58/><F58/><W129/><G129/><T109/><D109/><U13/><E21/><V89/><REACH who="2" step="1"/><F37/><REACH who="2" ten="213,315,253,209" step="2"/><W126/><G101/><T50/><D61/><U18/><E23/><V29/><F29/><W107/><G107/><T114/><D114/><U38/><E38/><V130/><F130/><W8/><REACH who="3" step="1"/><G5/><REACH who="3" ten="213,315,253,199" step="2"/><T90/><D6/><U102/><E102/><V116/><F116/><W46/><G46/><T85/><D7/><U88/><E60/><V132/><F132/><W110/><G110/><T31/><D103/><U123/><E59/><V68/><F68/><W66/><G66/><T44/><D44/><U104/><E123/><V24/><F24/><W36/><G36/><T39/><D39/><U41/><E104/><V48/><F48/><W91/><AGARI ba="0,2" hai="8,10,14,16,22,53,56,63,84,91,92,124,126,127" machi="91" ten="40,12000,1" yaku="1,1,0,1,18,1,54,1,53,0" doraHai="69" doraHaiUra="97" who="3" fromWho="3" sc="213,-40,315,-40,253,-40,199,140" /><INIT seed="3,1,0,2,1,98" ten="173,275,213,339" oya="3" hai0="28,17,70,81,0,108,91,134,23,54,13,129,76" hai1="4,83,10,111,26,119,21,125,100,115,118,61,90" hai2="113,59,80,72,132,102,42,68,33,29,79,39,120" hai3="5,105,46,24,48,32,112,30,18,44,117,47,95"/><W49/><G105/><T82/><D108/><U25/><E115/><V55/><F113/><W34/><G117/><N who="1" m="44554" /><E111/><V126/><F68/><W135/><G135/><T127/><D0/><N who="1" m="263" /><E125/><V51/><F132/><W27/><G112/><T89/><D127/><U97/><E61/><V2/><F126/><W93/><G5/><T124/><D124/><U66/><E66/><V87/><F120/><W64/><G64/><T122/><D122/><U96/><E96/><V67/><F2/><W75/><G75/><T131/><D134/><U53/><E53/><V50/><F67/><W15/><G34/><T106/><D70/><U36/><E36/><V16/><F39/><W52/><G24/><T71/><D71/><U116/><N who="1" m="44562" /><U103/><DORA hai="73" /><E26/><V12/><F42/><W104/><G104/><T19/><D106/><U92/><E83/><V128/><F128/><N who="0" m="49226" /><D81/><U38/><E38/><V101/><F33/><W62/><G62/><T65/><D65/><U86/><E86/><V8/><F29/><AGARI ba="1,0" hai="21,25,29,90,92,97,100,103" m="263,44562" machi="29" ten="40,5200,0" yaku="12,1,52,2" doraHai="98,73" who="1" fromWho="2" sc="173,0,275,55,213,-55,339,0" /><INIT seed="4,0,0,2,5,98" ten="173,330,158,339" oya="0" hai0="16,14,125,106,22,84,61,31,92,40,128,82,17" hai1="91,71,51,27,66,80,103,93,97,96,5,124,111" hai2="24,12,100,83,7,78,63,120,45,18,30,42,28" hai3="135,74,9,132,123,119,79,1,19,107,47,43,131"/><T130/><D106/><U41/><E111/><V62/><F120/><W49/><G119/><T108/><D125/><U72/><E124/><V67/><F7/><N who="3" m="1263" /><G107/><T77/><D108/><U35/><E5/><V4/><F4/><W37/><G131/><N who="0" m="50219" /><D40/><U50/><E41/><V102/><F78/><W60/><G60/><N who="2" m="23081" /><F67/><W8/><G49/><N who="1" m="18442" /><E72/><V32/><F32/><W117/><G117/><T99/><D61/><U68/><E35/><V94/><F94/><W36/><G36/><T38/><D38/><U121/><E121/><V59/><F83/><N who="3" m="45559" /><G123/><T115/><D115/><U86/><E71/><V23/><F59/><W0/><G0/><T73/><D73/><U46/><E68/><V34/><F34/><W90/><G43/><T10/><D31/><N who="2" m="11818" /><F24/><W29/><G29/><T95/><D99/><N who="1" m="59887" /><E66/><V88/><F88/><W109/><G90/><T114/><D114/><U2/><E2/><V54/><F42/><W21/><G37/><T127/><D127/><U129/><E129/><V25/><F25/><AGARI ba="0,0" hai="10,14,16,17,22,25,77,82,84,92,95" m="50219" machi="25" ten="30,2900,0" yaku="19,1,54,1" doraHai="98" who="0" fromWho="2" sc="173,29,330,0,158,-29,339,0" /><INIT seed="4,1,0,2,2,23" ten="202,330,129,339" oya="0" hai0="105,94,134,130,21,3,109,57,2,121,13,135,131" hai1="108,47,10,74,28,44,119,107,122,37,72,19,85" hai2="20,67,34,58,80,15,46,113,12,66,64,120,100" hai3="52,7,129,62,45,97,27,132,16,65,76,42,86"/><T133/><D105/><U104/><E85/><V31/><F120/><W69/><G7/><T24/><D94/><U110/><E19/><V98/><F113/><W35/><G132/><T61/><D121/><U55/><E122/><V8/><F34/><W79/><G129/><N who="0" m="49163" /><D13/><U128/><E10/><V40/><F80/><W91/><G97/><T89/><D89/><U59/><E128/><V38/><F58/><W101/><G101/><T118/><D118/><U116/><E59/><V71/><F71/><W106/><G106/><N who="1" m="40490" /><E55/><V63/><F63/><W90/><G52/><N who="0" m="33959" /><D109/><N who="1" m="42091" /><E28/><AGARI ba="1,0" hai="2,3,21,24,28,133,134,135" m="33959,49163" machi="28" ten="40,12000,1" yaku="20,1,19,1,52,1,54,1" doraHai="23" who="0" fromWho="1" sc="202,123,330,-123,129,0,339,0" /><INIT seed="4,2,0,2,4,81" ten="325,207,129,339" oya="0" hai0="75,95,94,96,64,71,129,38,48,18,23,34,73" hai1="93,4,120,37,69,109,91,70,130,46,51,55,22" hai2="98,110,106,114,61,40,121,89,43,99,65,14,62" hai3="16,134,116,112,119,67,87,58,77,6,72,19,56"/><T2/><D38/><U104/><E104/><V102/><F121/><W115/><G72/><T63/><D2/><U74/><E74/><V12/><F110/><W44/><G44/><T30/><D129/><U90/><E109/><V33/><F33/><W60/><G6/><T20/><D34/><U105/><E105/><V57/><F114/><N who="3" m="43563" /><G58/><T10/><D10/><U92/><E120/><V31/><F31/><W27/><G27/><T85/><D30/><U50/><E130/><V68/><F89/><W97/><G97/><T41/><D23/><U24/><E37/><V66/><REACH who="2" step="1"/><F99/><REACH who="2" ten="325,207,119,339" step="2"/><W0/><G119/><T21/><D96/><U76/><E76/><V133/><F133/><W107/><G134/><T117/><D117/><U45/><E91/><V39/><F39/><W123/><G116/><T17/><D71/><U111/><E111/><V47/><F47/><W80/><G123/><T32/><D32/><U86/><E93/><V5/><F5/><W7/><G107/><T132/><D94/><U100/><E4/><V36/><F36/><W113/><G113/><T118/><D95/><U135/><E135/><V126/><F126/><W103/><G103/><T3/><D132/><U128/><E100/><V127/><F127/><W122/><G122/><T13/><D118/><U125/><E125/><V25/><F25/><W29/><G29/><T78/><D78/><U28/><REACH who="1" step="1"/><E128/><REACH who="1" ten="325,197,119,339" step="2"/><V49/><F49/><W8/><AGARI ba="2,2" hai="0,7,8,16,19,56,60,67,77,80,87" m="43563" machi="8" ten="30,4000,0" yaku="15,1,52,1,54,1" doraHai="81" who="3" fromWho="3" sc="325,-22,197,-12,119,-12,339,66" /><INIT seed="5,0,0,1,3,45" ten="303,185,107,405" oya="1" hai0="128,37,56,99,6,65,132,71,0,82,109,47,41" hai1="75,22,36,134,20,53,97,93,77,68,39,79,88" hai2="80,94,51,81,111,13,35,52,58,67,28,15,5" hai3="107,46,8,11,112,1,44,62,54,18,26,78,105"/><U90/><E68/><V87/><F111/><W33/><G78/><N who="1" m="29706" /><E39/><V38/><F38/><W104/><G112/><T133/><D109/><U130/><E36/><V29/><F35/><W127/><G127/><T57/><D128/><U42/><E75/><V135/><F135/><N who="0" m="51786" /><D82/><N who="2" m="31850" /><F67/><W50/><G44/><T83/><D83/><U66/><E134/><V131/><F131/><W103/><G103/><T12/><D0/><U59/><E130/><V85/><F5/><W86/><G86/><N who="2" m="32777" /><F94/><W25/><G33/><T49/><D99/><U120/><E120/><V76/><F76/><W114/><G107/><T123/><D123/><U91/><E42/><V2/><F2/><W14/><G105/><T117/><D37/><U55/><E66/><V60/><F60/><W118/><G104/><T106/><D106/><U4/><E4/><V121/><F121/><W92/><G62/><N who="0" m="40375" /><D117/><U124/><E124/><V19/><F15/><W69/><G14/><T74/><D74/><U43/><E43/><V64/><F64/><W23/><G118/><T31/><D6/><U70/><E70/><V73/><F73/><W129/><G69/><T115/><D12/><U17/><E55/><V122/><F122/><W126/><G54/><T108/><D115/><U27/><E22/><AGARI ba="0,0" hai="13,19,22,28,29,51,52,58" m="32777,31850" machi="22" ten="30,3900,0" yaku="8,1,52,1,54,1" doraHai="45" who="2" fromWho="1" sc="303,0,185,-39,107,39,405,0" /><INIT seed="6,0,0,0,2,76" ten="303,146,146,405" oya="2" hai0="33,63,114,60,131,78,38,25,9,89,126,66,26" hai1="117,95,69,27,71,80,107,10,42,65,115,87,15" hai2="123,47,68,85,22,81,125,34,11,127,133,23,112" hai3="2,3,41,105,8,94,0,73,106,12,101,52,67"/><V4/><F68/><W61/><G73/><T129/><D38/><U6/><E107/><V44/><F123/><W55/><G41/><T28/><D126/><N who="2" m="48138" /><F112/><W128/><G128/><N who="0" m="49227" /><D114/><U110/><E117/><V98/><F98/><W108/><G108/><T57/><D78/><U86/><E115/><V90/><F34/><W70/><G94/><T75/><D75/><U109/><E69/><V121/><F121/><W16/><REACH who="3" step="1"/><G101/><REACH who="3" ten="303,146,146,395" step="2"/><T88/><D9/><U56/><E109/><V122/><F122/><W43/><G43/><T18/><D63/><U48/><E110/><V39/><F133/><W19/><G19/><T50/><D50/><U74/><E74/><V46/><F39/><W40/><G40/><T96/><D96/><U49/><E42/><V132/><F132/><W51/><G51/><T32/><D18/><U24/><E49/><V104/><F104/><AGARI ba="0,1" hai="0,2,3,8,12,16,52,55,61,67,70,104,105,106" machi="104" ten="50,12000,2" yaku="1,1,54,2,53,3" doraHai="76" doraHaiUra="102" who="3" fromWho="2" sc="303,0,146,0,146,-120,395,130" /><INIT seed="7,0,0,5,1,27" ten="303,146,26,525" oya="3" hai0="100,31,36,67,41,13,106,86,134,61,131,4,85" hai1="121,1,108,51,68,95,112,110,88,118,64,55,80" hai2="89,56,10,37,93,119,115,12,122,92,14,29,73" hai3="45,111,81,82,133,0,76,124,113,35,70,52,60"/><W96/><G113/><T58/><D131/><U21/><E1/><V65/><F119/><W71/><G96/><T19/><D134/><U46/><E68/><V24/><F115/><W33/><G0/><T43/><D36/><U117/><E64/><V48/><F122/><W20/><G20/><T34/><D4/><U72/><E121/><V50/><F37/><W78/><G52/><T107/><D107/><U125/><E125/><V102/><F73/><W15/><G60/><T74/><D74/><U11/><E112/><V53/><F65/><W5/><G45/><T120/><D120/><U101/><E101/><V98/><F50/><W57/><G5/><T97/><D41/><U77/><E21/><V84/><REACH who="2" step="1"/><F10/><REACH who="2" ten="303,146,16,525" step="2"/><W47/><G133/><T49/><D49/><U116/><E11/><V130/><F130/><W79/><G124/><T39/><D39/><U123/><E123/><V135/><F135/><W126/><G126/><T23/><D43/><U114/><E114/><V129/><F129/><W109/><G109/><T103/><D103/><U66/><E66/><V25/><F25/><W104/><G111/><T30/><D34/><U44/><E44/><V94/><F94/><W59/><G33/><T26/><D26/><U8/><E8/><V127/><F127/><W17/><G35/><T18/><D106/><U16/><E110/><V63/><F63/><W32/><G32/><T54/><D67/><U62/><E108/><V132/><F132/><W2/><G104/><T9/><D61/><U75/><E116/><V7/><F7/><W3/><G71/><T42/><D23/><RYUUKYOKU ba="0,1" sc="303,-10,146,-10,16,30,525,-10" hai2="12,14,24,29,48,53,56,84,89,92,93,98,102" owari="293,9.0,136,-26.0,46,-45.0,525,62.0" /></mjloggm>