<mjloggm ver="2.3"><GO type="169" lobby="0"/><UN n0="%E6%B0%B4%E5%81%B5" n1="%EF%BF%A1%E3%81%BA%E3%82%93%E3%81%BA%E3%82%93%EF%BF%A1" n2="%E3%83%8E%E3%83%8A%E3%83%A1%E3%81%A1%E3%82%83%E3%82%93" n3="%EF%BC%88%E2%89%A7%E2%96%BD%E2%89%A6%EF%BC%89" dan="16,16,16,20" rate="2055.51,2085.34,2033.45,2164.09" sx="M,M,F,M"/><TAIKYOKU oya="0"/><INIT seed="0,0,0,5,3,94" ten="250,250,250,250" oya="0" hai0="1,0,14,118,28,114,78,108,27,63,46,56,60" hai1="88,53,73,33,122,102,21,47,49,55,38,92,45" hai2="117,98,127,48,124,41,128,61,131,76,120,132,51" hai3="82,50,121,84,133,111,66,95,70,19,109,74,10"/><T130/><D118/><U52/><E33/><V4/><F117/><W30/><G121/><T107/><D114/><U34/><E73/><V100/><F120/><W25/><G74/><T6/><D130/><N who="2" m="49706" /><F76/><W91/><G133/><T115/><D60/><U134/><E34/><V36/><F4/><W54/><G82/><T75/><D107/><U42/><E134/><V59/><F36/><W116/><G116/><T23/><D115/><U65/><E65/><N who="2" m="39103" /><F132/><W113/><G113/><T40/><D108/><N who="3" m="41545" /><G66/><T57/><D57/><U12/><E102/><V71/><F71/><W58/><G70/><T29/><D75/><U90/><E90/><V99/><F100/><W81/><G81/><T15/><D78/><U11/><E21/><V79/><F79/><W39/><G39/><T110/><D110/><U32/><E32/><V135/><F135/><W17/><G10/><T16/><D6/><U119/><E119/><V62/><F62/><W126/><G126/><N who="2" m="48169" /><F41/><W83/><G83/><T44/><D40/><U20/><E20/><AGARI ba="0,0" hai="17,19,20,25,30,50,54,58,84,91,95" m="41545" machi="20" ten="30,1000,0" yaku="14,1" doraHai="94" who="3" fromWho="1" sc="250,0,250,-10,250,0,250,10" /><INIT seed="1,0,0,4,3,50" ten="250,240,250,260" oya="1" hai0="93,31,46,79,4,42,27,28,23,128,70,55,124" hai1="15,19,10,60,120,82,112,97,106,89,75,71,86" hai2="12,1,32,111,107,105,131,9,40,122,22,21,110" hai3="49,13,135,74,91,24,117,94,63,133,85,26,123"/><U53/><E120/><V47/><F122/><W114/><G117/><T8/><D70/><U30/><E112/><V129/><F32/><W6/><G123/><T38/><D124/><U100/><E75/><V16/><F107/><W77/><G114/><T66/><D66/><U76/><E30/><V36/><F105/><W65/><G49/><T99/><D128/><N who="2" m="49226" /><F1/><W51/><G51/><T0/><D79/><U115/><E115/><V78/><F78/><W3/><G3/><T35/><D35/><U98/><E98/><V134/><F134/><N who="3" m="51211" /><G13/><T11/><D11/><U25/><E25/><V67/><F67/><W62/><G6/><T5/><D5/><U130/><E130/><V90/><F90/><W29/><G29/><T39/><D39/><U125/><E125/><V87/><F87/><W121/><G121/><T58/><D28/><U113/><E113/><V43/><F40/><W14/><G14/><T18/><D31/><U126/><E126/><V34/><F34/><W81/><G63/><T80/><D80/><U33/><E33/><V37/><F37/><W101/><G101/><T95/><REACH who="0" step="1"/><D99/><REACH who="0" ten="240,240,250,260" step="2"/><U69/><REACH who="1" step="1"/><E76/><REACH who="1" ten="240,230,250,260" step="2"/><V83/><F9/><W45/><G45/><T54/><D54/><U96/><E96/><V104/><F47/><W103/><G103/><T52/><D52/><U20/><E20/><V56/><F22/><W48/><G77/><T88/><D88/><U92/><E92/><V84/><F21/><W2/><G94/><T118/><D118/><U64/><E64/><V59/><F104/><W61/><G65/><T127/><D127/><U132/><E132/><RYUUKYOKU ba="0,2" sc="240,15,230,15,250,-15,260,-15" hai0="0,4,8,18,23,27,38,42,46,55,58,93,95" hai1="10,15,19,53,60,69,71,82,86,89,97,100,106" /><INIT seed="1,1,2,2,4,28" ten="255,245,235,245" oya="1" hai0="79,66,7,18,61,89,91,40,131,11,105,135,5" hai1="121,111,26,22,117,129,125,63,74,85,84,33,34" hai2="128,99,130,12,70,48,13,112,2,41,38,36,119" hai3="39,43,118,87,116,57,24,1,16,47,73,127,69"/><U86/><E121/><V100/><F119/><N who="3" m="45611" /><G73/><T71/><D105/><U21/><E117/><V55/><F2/><W95/><G69/><T17/><D135/><U83/><E125/><V67/><F112/><W23/><G127/><T123/><D7/><U27/><E129/><N who="2" m="49771" /><F67/><W31/><G1/><T114/><D114/><U98/><E98/><V106/><F70/><W101/><G57/><T109/><D109/><U113/><E113/><V50/><F50/><W93/><G101/><T103/><D103/><U92/><E92/><N who="3" m="35402" /><G87/><T124/><D124/><U42/><E111/><V122/><F122/><W60/><G60/><T46/><D123/><U107/><E107/><V4/><F41/><W14/><G14/><N who="2" m="5737" /><F4/><W115/><G115/><T94/><D5/><U90/><E42/><V53/><F53/><W56/><G56/><AGARI ba="1,2" hai="36,38,48,55,56,99,100,106" m="5737,49771" machi="56" ten="30,1000,0" yaku="19,1" doraHai="28" who="2" fromWho="3" sc="255,0,245,0,235,33,245,-13" /><INIT seed="2,0,0,0,0,127" ten="255,245,268,232" oya="2" hai0="42,105,68,83,52,75,50,106,24,38,115,98,18" hai1="90,131,81,102,82,84,4,25,96,29,45,66,126" hai2="86,58,123,80,87,62,111,16,72,97,53,39,74" hai3="23,133,26,70,128,10,64,63,88,15,28,77,43"/><V55/><F123/><W44/><G133/><T30/><D115/><U35/><E126/><V46/><F111/><W3/><G3/><T124/><D124/><U0/><E0/><V27/><F97/><W11/><G77/><T8/><D68/><U99/><E4/><V14/><F27/><W51/><G128/><T2/><D98/><U33/><E33/><V17/><F17/><W92/><REACH who="3" step="1"/><G15/><REACH who="3" ten="255,245,268,222" step="2"/><T32/><D2/><U67/><E102/><V116/><F14/><W118/><G118/><T107/><D8/><U61/><E25/><V95/><F116/><W120/><G120/><T49/><D24/><U78/><E78/><V132/><F132/><W89/><G89/><T114/><D114/><U110/><E90/><V73/><F73/><W112/><G112/><T7/><D75/><U9/><E9/><V5/><F74/><W93/><G93/><T117/><D107/><U65/><E110/><V134/><F72/><W129/><G129/><T34/><D106/><U19/><E82/><V104/><F80/><W76/><G76/><T57/><D105/><U48/><E81/><V13/><F104/><W6/><G6/><T60/><D83/><U69/><E69/><V108/><F5/><W31/><G31/><T85/><D7/><U91/><E91/><V94/><F108/><W22/><G22/><T109/><D30/><U135/><E29/><V113/><F134/><W40/><G40/><T37/><D109/><U1/><E135/><V122/><F113/><W100/><G100/><T47/><D117/><U119/><E1/><V121/><F122/><W12/><G12/><RYUUKYOKU ba="0,1" sc="255,-10,245,-10,268,-10,222,30" hai3="10,11,23,26,28,43,44,51,63,64,70,88,92" /><INIT seed="3,1,1,3,3,72" ten="245,235,258,252" oya="3" hai0="79,48,102,106,104,91,9,51,107,131,60,43,5" hai1="88,110,35,26,123,119,130,90,10,38,49,69,133" hai2="33,27,15,25,54,75,89,30,81,100,61,116,125" hai3="44,40,3,19,132,124,117,118,34,120,77,20,56"/><W73/><G120/><T46/><D131/><U14/><E38/><V126/><F116/><W111/><G34/><T41/><D60/><U36/><E36/><V42/><F42/><W39/><G3/><T98/><D91/><U129/><E123/><V24/><F100/><W59/><G132/><T86/><D48/><U52/><E69/><V45/><F15/><W67/><G124/><N who="2" m="47721" /><F89/><W113/><G113/><T70/><D70/><U29/><E133/><V68/><F68/><W58/><G67/><T94/><D43/><U135/><E135/><V109/><F109/><W57/><G111/><T8/><REACH who="0" step="1"/><D5/><REACH who="0" ten="235,235,258,252" step="2"/><N who="1" m="3407" /><E110/><V50/><F61/><W4/><G4/><T101/><D101/><U17/><E88/><V2/><F50/><W134/><G134/><T74/><D74/><U114/><E90/><V71/><F71/><W93/><N who="3" m="14336" /><DORA hai="18" /><W82/><REACH who="3" step="1"/><G93/><REACH who="3" ten="235,235,258,242" step="2"/><T65/><D65/><U103/><E130/><V127/><F127/><W115/><G115/><T13/><D13/><AGARI ba="1,3" hai="13,19,20,39,40,44,73,77,82,117,118" m="14336" machi="13" ten="50,9600,0" yaku="1,1,52,2,53,0" doraHai="72,18" doraHaiUra="84,7" who="3" fromWho="0" sc="235,-99,235,0,258,0,242,129" /><INIT seed="3,2,0,5,2,14" ten="136,235,258,371" oya="3" hai0="130,111,44,32,79,124,28,30,68,99,26,61,120" hai1="96,22,74,48,90,77,72,128,10,129,131,25,5" hai2="36,45,38,112,66,51,105,6,2,73,132,12,81" hai3="47,1,114,87,52,82,104,95,92,69,4,7,115"/><W76/><G104/><T18/><D120/><U37/><E37/><V3/><F112/><W65/><G65/><T9/><D111/><U15/><E77/><V56/><F105/><W23/><G69/><T113/><D130/><U123/><E123/><V134/><F36/><W0/><G0/><T93/><D124/><U67/><E67/><V121/><F121/><W94/><G1/><T71/><D113/><U13/><E13/><V102/><F102/><W49/><G115/><T55/><D30/><U100/><E90/><V50/><F38/><W118/><G118/><T78/><D71/><U119/><E48/><V42/><F73/><W39/><G114/><T63/><D63/><U31/><REACH who="1" step="1"/><E119/><REACH who="1" ten="136,225,258,371" step="2"/><V59/><F12/><W24/><REACH who="3" step="1"/><G39/><REACH who="3" ten="136,225,258,361" step="2"/><T57/><D68/><U17/><E17/><AGARI ba="2,2" hai="4,7,17,23,24,47,49,52,76,82,87,92,94,95" machi="17" ten="40,18000,2" yaku="1,1,2,1,8,1,52,1,54,1,53,1" doraHai="14" doraHaiUra="19" who="3" fromWho="1" sc="136,0,225,-186,258,0,361,206" /><INIT seed="3,3,0,4,5,21" ten="136,39,258,567" oya="3" hai0="126,3,26,80,105,31,81,5,109,96,64,48,0" hai1="25,38,28,43,71,75,34,44,108,106,103,110,135" hai2="85,77,79,74,84,66,20,104,111,76,42,57,124" hai3="24,52,67,127,36,61,54,70,51,27,129,15,100"/><W131/><G36/><T1/><D126/><U39/><E75/><V13/><F124/><W7/><G127/><T53/><D109/><N who="1" m="42091" /><E135/><V86/><F104/><W72/><G72/><T19/><D64/><U95/><E95/><V22/><F111/><W125/><G125/><T33/><D19/><U128/><E128/><N who="3" m="49226" /><G100/><T49/><D5/><U89/><E89/><V121/><F121/><W107/><G107/><T29/><D49/><N who="1" m="26783" /><E71/><V46/><F74/><W41/><G41/><T94/><D105/><U93/><E93/><V113/><F113/><W16/><G7/><T82/><D31/><U55/><E55/><N who="3" m="21034" /><G51/><T87/><D0/><U99/><AGARI ba="3,0" hai="25,28,34,38,39,99,103,106" m="26783,42091" machi="99" ten="30,2000,0" yaku="14,1,52,1" doraHai="21" who="1" fromWho="1" sc="136,-8,39,29,258,-8,567,-13" /><INIT seed="4,0,0,0,4,47" ten="128,68,250,554" oya="0" hai0="43,102,113,111,131,38,116,33,59,110,98,32,84" hai1="132,83,12,126,128,99,86,29,88,10,120,134,74" hai2="2,124,24,77,115,0,75,93,48,114,22,119,130" hai3="105,79,51,127,50,91,112,81,46,123,60,64,16"/><T26/><D116/><U89/><E120/><V118/><F130/><W57/><G105/><T40/><D131/><U31/><E128/><V11/><F124/><W28/><G123/><T63/><D113/><N who="2" m="43018" /><F77/><W66/><G127/><T13/><D84/><U76/><E126/><V90/><F75/><W80/><G112/><T1/><D1/><N who="2" m="618" /><F11/><W25/><G66/><N who="0" m="39295" /><D13/><U103/><E31/><N who="2" m="17815" /><F48/><W129/><G129/><T30/><D33/><U65/><E29/><V44/><F44/><W53/><G64/><T17/><D17/><U82/><E65/><V52/><F52/><W67/><G91/><T94/><D38/><U42/><E42/><V125/><F125/><W27/><G81/><T95/><D43/><U135/><E12/><V117/><F90/><W101/><G101/><T8/><D8/><U78/><REACH who="1" step="1"/><E10/><REACH who="1" ten="128,58,250,554" step="2"/><V96/><F119/><W108/><G28/><T41/><D41/><U36/><E36/><V21/><F118/><W3/><G3/><T18/><D40/><U37/><E37/><V97/><F117/><W72/><G67/><T7/><D110/><U6/><E6/><V85/><F21/><W104/><G108/><T45/><D111/><U35/><E35/><V106/><F106/><AGARI ba="0,1" hai="74,76,78,82,83,86,88,89,99,103,106,132,134,135" machi="106" ten="40,12000,2" yaku="1,1,20,1,34,3,54,1,53,0" doraHai="47" doraHaiUra="15" who="1" fromWho="2" sc="128,0,58,130,250,-120,554,0" /><INIT seed="5,0,0,2,3,82" ten="128,188,130,554" oya="1" hai0="134,63,97,92,77,66,88,87,68,80,108,27,40" hai1="135,105,0,110,131,70,18,109,120,54,123,118,69" hai2="19,34,127,112,74,28,38,100,59,37,41,42,129" hai3="33,94,7,49,35,56,55,48,9,14,83,23,61"/><U86/><E0/><V20/><F74/><W47/><G49/><T72/><D108/><N who="1" m="41579" /><E105/><V31/><F129/><W124/><G124/><T116/><D116/><U12/><E118/><V122/><F122/><N who="1" m="46633" /><E131/><V104/><F127/><W3/><G94/><T125/><D125/><U29/><E29/><V130/><F130/><W114/><G114/><T101/><D134/><U58/><E86/><V39/><F112/><W76/><G3/><T89/><D40/><U52/><E135/><V17/><F31/><W24/><G76/><T5/><D5/><U85/><E85/><V95/><F28/><W50/><G83/><T133/><D133/><U64/><E64/><V10/><F104/><W65/><G50/><T96/><D96/><U107/><E107/><V78/><F78/><W26/><G26/><T126/><D126/><U91/><E91/><V21/><F38/><W43/><G65/><T79/><D79/><U119/><E119/><V8/><F34/><W115/><G115/><T71/><D71/><N who="1" m="27147" /><E58/><V84/><F59/><W45/><G56/><T60/><D72/><U98/><E98/><V32/><F32/><W6/><G33/><T103/><D89/><U1/><E1/><V11/><F39/><W30/><G35/><T2/><D2/><U121/><N who="1" m="46641" /><U128/><DORA hai="106" /><E128/><V67/><F37/><W57/><G30/><T111/><D111/><U22/><AGARI ba="0,0" hai="12,18,22,52,54" m="27147,46641,41579" machi="22" ten="50,4800,0" yaku="10,1,54,1" doraHai="82,106" who="1" fromWho="1" sc="128,-16,188,48,130,-16,554,-16" /><INIT seed="5,1,0,2,0,1" ten="112,236,114,538" oya="1" hai0="112,9,72,14,94,123,107,42,24,70,68,19,17" hai1="6,62,127,79,93,90,54,0,108,2,36,58,22" hai2="76,39,74,71,45,64,33,59,130,110,11,7,133" hai3="102,31,73,66,5,80,29,95,82,35,89,50,105"/><U99/><E36/><V13/><F110/><W27/><G31/><T119/><D107/><U135/><E108/><V60/><F33/><W38/><G38/><T126/><D72/><U10/><E135/><V87/><F133/><W85/><G73/><T8/><D42/><U67/><E127/><V65/><F130/><W52/><G66/><T26/><D94/><U131/><E131/><V103/><F74/><W83/><G5/><T46/><D46/><U25/><E79/><V97/><F71/><W61/><G61/><T118/><D112/><U78/><E78/><V134/><F134/><W40/><G40/><T51/><D51/><U30/><E0/><V75/><F75/><W124/><G124/><T4/><D14/><U47/><E47/><V44/><F65/><W18/><G18/><T111/><D126/><U53/><AGARI ba="1,0" hai="2,6,10,22,25,30,53,54,58,62,67,90,93,99" machi="53" ten="30,3000,0" yaku="0,1,52,1" doraHai="1" who="1" fromWho="1" sc="112,-11,236,33,114,-11,538,-11" /><INIT seed="5,2,0,5,5,51" ten="101,269,103,527" oya="1" hai0="121,112,60,90,66,57,118,88,114,46,109,123,41" hai1="80,95,38,74,47,49,85,30,44,106,21,62,59" hai2="129,31,77,134,133,56,5,10,87,116,132,42,79" hai3="34,16,98,55,54,128,14,131,117,68,2,75,35"/><U32/><E106/><V81/><F116/><W76/><G117/><T40/><D118/><U71/><E32/><V72/><F129/><N who="3" m="49739" /><G2/><T100/><D100/><U84/><E71/><V122/><F122/><N who="0" m="46602" /><D109/><U91/><E74/><V48/><F31/><W105/><G68/><T23/><D23/><U4/><E4/><V6/><F6/><W19/><G19/><T3/><D3/><U101/><E49/><V70/><F70/><W69/><G69/><T53/><D66/><U107/><E107/><V65/><F65/><W28/><G28/><T1/><D1/><U61/><E38/><V83/><F56/><W36/><G36/><N who="0" m="21767" /><D41/><U82/><E101/><V120/><F120/><W20/><G98/><T26/><D26/><U67/><E21/><V124/><F124/><W135/><G135/><T43/><D43/><U93/><E30/><V33/><F33/><N who="3" m="12299" /><G105/><T39/><D39/><U96/><E67/><V111/><F111/><W110/><G110/><T27/><D27/><U104/><E96/><V15/><F42/><W45/><G45/><T50/><D50/><AGARI ba="2,0" hai="5,10,15,48,50,72,77,79,81,83,87,132,133,134" machi="50" ten="40,1300,0" yaku="20,1" doraHai="51" who="2" fromWho="0" sc="101,-19,269,0,103,19,527,0" /><INIT seed="6,0,0,2,4,20" ten="82,269,122,527" oya="2" hai0="69,97,19,54,70,103,131,31,47,48,101,55,65" hai1="26,87,110,133,68,14,121,113,112,88,91,126,56" hai2="109,40,102,132,37,100,67,25,12,3,7,50,36" hai3="106,120,59,108,92,18,29,124,116,76,17,71,6"/><V81/><F3/><W115/><G71/><T128/><D31/><U78/><E68/><V32/><F109/><W73/><G106/><T123/><D123/><U43/><E43/><V72/><F132/><W35/><G35/><T27/><D101/><U2/><E2/><V118/><F118/><W117/><G6/><T96/><D96/><U33/><E14/><V84/><F72/><W30/><G73/><T74/><D74/><U58/><E126/><V86/><F86/><W99/><G76/><T46/><D65/><U24/><E33/><V34/><F34/><W93/><G99/><T22/><D128/><U90/><E121/><V129/><F67/><W62/><G62/><T127/><D127/><U107/><E107/><V80/><F80/><W8/><G8/><T23/><D131/><U104/><E104/><V95/><F129/><W77/><G117/><T51/><D23/><U111/><E78/><V61/><F61/><W53/><G116/><T5/><D5/><U28/><E28/><N who="2" m="19471" /><F7/><W98/><G120/><T130/><D130/><U41/><E87/><V125/><F12/><W134/><G134/><T1/><D1/><U44/><E133/><V42/><F125/><W16/><G124/><T0/><D0/><U11/><E111/><V49/><F42/><W4/><G108/><T119/><D119/><U114/><E11/><V105/><F105/><AGARI ba="0,0" hai="19,22,27,46,47,48,51,54,55,69,70,97,103,105" machi="105" ten="30,3900,0" yaku="7,1,9,1,52,1" doraHai="20" who="0" fromWho="2" sc="82,39,269,0,122,-39,527,0" /><INIT seed="7,0,0,0,5,66" ten="121,269,83,527" oya="3" hai0="108,74,122,11,59,102,42,19,54,71,134,33,4" hai1="84,76,96,31,99,8,81,104,36,24,43,112,25" hai2="18,6,88,38,21,116,32,10,55,5,87,13,29" hai3="129,105,92,101,39,106,120,127,37,128,77,2,64"/><W67/><G92/><T95/><D74/><U70/><E84/><V85/><F38/><W113/><G77/><T41/><D71/><U78/><E25/><V51/><F116/><W61/><G101/><T89/><D33/><U69/><E24/><V94/><F32/><W83/><G83/><T35/><D35/><U107/><E70/><V57/><F29/><W130/><G61/><T60/><D108/><U75/><E69/><V34/><F34/><W63/><G63/><T80/><D134/><U126/><E96/><V86/><REACH who="2" step="1"/><F6/><REACH who="2" ten="121,269,73,527" step="2"/><W110/><G39/><T45/><D4/><U50/><E31/><V26/><AGARI ba="0,1" hai="5,10,13,18,21,26,51,55,57,85,86,87,88,94" machi="26" ten="20,12000,2" yaku="1,1,2,1,0,1,7,1,8,1,54,1,53,1" doraHai="66" doraHaiUra="90" who="2" fromWho="2" sc="121,-30,269,-30,73,130,527,-60" owari="91,-41.0,239,4.0,203,-20.0,467,57.0" /></mjloggm>