<mjloggm ver="2.3"><GO type="169" lobby="0"/><UN n0="%4E%4F%42%55%53%48%49" n1="%E3%81%88%E3%82%80%E8%94%B5" n2="%52%6F%62%69%4E" n3="%53%48%45%45%50%32%30%30" dan="17,17,16,17" rate="2168.28,2178.21,2122.24,2188.77" sx="M,M,M,M"/><TAIKYOKU oya="0"/><INIT seed="0,0,0,5,3,112" ten="250,250,250,250" oya="0" hai0="75,114,42,40,20,102,122,55,133,61,100,60,35" hai1="19,74,77,93,97,59,32,72,99,2,26,96,4" hai2="73,105,8,0,48,45,6,14,84,87,113,58,30" hai3="104,46,49,21,128,116,67,51,28,3,50,117,78"/><T76/><D114/><U41/><E41/><V65/><F113/><W64/><G104/><T91/><D35/><U5/><E2/><V103/><F73/><W81/><G3/><T92/><D76/><U54/><E74/><V56/><F30/><W80/><G81/><T66/><D75/><U1/><E72/><V22/><F65/><N who="3" m="25163" /><G80/><T135/><D122/><U70/><E77/><V68/><F68/><W24/><G78/><T63/><D55/><U101/><E70/><V119/><F119/><N who="3" m="45643" /><G21/><T39/><D66/><U120/><E120/><V57/><F105/><W126/><G24/><T130/><D20/><N who="1" m="13599" /><E1/><V36/><F103/><W86/><G86/><T85/><D102/><U44/><E32/><V29/><F0/><W118/><N who="3" m="45651" /><W52/><DORA hai="127" /><G28/><T82/><D100/><U15/><E44/><V62/><F84/><W115/><G115/><T16/><D82/><U47/><E47/><V18/><F87/><W79/><G79/><T10/><D85/><U131/><E93/><V33/><F33/><W110/><G126/><T124/><D91/><U25/><E101/><V53/><F29/><W121/><G121/><T94/><D124/><U108/><E25/><N who="2" m="14551" /><F36/><W129/><G110/><T69/><D94/><U13/><E108/><V134/><F6/><W7/><G7/><T17/><D92/><U12/><E4/><V9/><F9/><W43/><G52/><T37/><D10/><U27/><E5/><V98/><F98/><W90/><G90/><T23/><D23/><U111/><E111/><V95/><F95/><W89/><G89/><T38/><D17/><RYUUKYOKU ba="0,0" sc="250,-10,250,-10,250,-10,250,30" hai3="43,46,49,50,51,128,129" /><INIT seed="1,1,0,3,4,104" ten="240,240,240,280" oya="1" hai0="98,43,48,16,32,52,35,1,119,11,37,46,18" hai1="5,118,42,8,62,107,73,10,55,128,94,64,60" hai2="22,54,121,6,126,27,75,76,125,122,7,30,133" hai3="71,84,123,67,90,81,100,101,61,3,80,38,56"/><U41/><E107/><V28/><F54/><W49/><G123/><N who="2" m="47113" /><F76/><W120/><G120/><T23/><D119/><U78/><E118/><V92/><F75/><W97/><G3/><T57/><D98/><U66/><E128/><V99/><F99/><W95/><G38/><T115/><D115/><U86/><E73/><V117/><F92/><W106/><G101/><T4/><D18/><U47/><E55/><V110/><F117/><W12/><G12/><AGARI ba="1,0" hai="1,4,11,12,16,23,32,35,37,43,46,48,52,57" machi="12" ten="30,3900,0" yaku="7,1,54,2" doraHai="104" who="0" fromWho="3" sc="240,42,240,0,240,0,280,-42" /><INIT seed="2,0,0,4,5,96" ten="282,240,240,238" oya="2" hai0="123,103,30,92,127,23,15,39,91,25,36,19,104" hai1="48,97,80,81,40,37,114,50,57,11,94,24,54" hai2="72,52,68,49,84,2,62,87,38,5,106,130,82" hai3="22,71,133,122,6,7,34,65,29,32,126,35,18"/><V44/><F106/><W111/><G65/><T105/><D123/><U60/><E114/><V16/><F130/><W76/><G71/><T43/><D127/><U45/><E11/><V70/><F38/><W69/><G76/><T85/><D43/><U107/><E107/><V3/><F72/><W63/><G63/><T100/><D105/><U95/><E95/><V119/><F119/><W28/><G69/><T99/><REACH who="0" step="1"/><D103/><REACH who="0" ten="272,240,240,238" step="2"/><U131/><E131/><V79/><F70/><W134/><G122/><T74/><D74/><U0/><E0/><V10/><F3/><W47/><G126/><T118/><D118/><U89/><E37/><V113/><F113/><W135/><G111/><T115/><D115/><U90/><E90/><V33/><F68/><W64/><G64/><T41/><D41/><U21/><REACH who="1" step="1"/><E50/><REACH who="1" ten="272,230,240,238" step="2"/><N who="2" m="28743" /><F2/><W73/><G135/><T14/><D14/><U86/><E86/><V27/><F87/><W20/><G73/><T31/><D31/><AGARI ba="0,2" hai="21,24,31,40,45,48,54,57,60,80,81,89,94,97" machi="31" ten="30,3900,0" yaku="1,1,7,1,8,1,53,0" doraHai="96" doraHaiUra="120" who="1" fromWho="0" sc="272,-39,230,59,240,0,238,0" /><INIT seed="3,0,0,5,5,48" ten="233,289,240,238" oya="3" hai0="63,90,69,88,78,127,61,126,57,110,11,54,38" hai1="124,128,123,33,64,132,30,131,42,87,18,76,28" hai2="86,75,56,49,51,37,12,21,133,97,20,14,70" hai3="96,82,2,52,95,101,100,58,125,114,47,44,108"/><W27/><G114/><T102/><D102/><U109/><E123/><V81/><F37/><W43/><G2/><T31/><D38/><U111/><E42/><V122/><F70/><W10/><G108/><N who="1" m="41546" /><E64/><V55/><F75/><W8/><G125/><N who="0" m="47627" /><D110/><U106/><E124/><V17/><F122/><W5/><G101/><T98/><D78/><U93/><E106/><V73/><F73/><W3/><G10/><T39/><D39/><U4/><E132/><V34/><F97/><W89/><G27/><T71/><D31/><U103/><E4/><V19/><F34/><W72/><G43/><T68/><D98/><N who="1" m="59855" /><E18/><V135/><REACH who="2" step="1"/><F51/><REACH who="2" ten="233,289,230,238" step="2"/><W67/><G72/><T80/><D63/><U121/><E33/><V99/><F99/><W66/><G100/><T94/><D71/><U59/><E121/><V62/><F62/><W45/><REACH who="3" step="1"/><G82/><REACH who="3" ten="233,289,230,228" step="2"/><T16/><D80/><U22/><E128/><V130/><F130/><W7/><G7/><T13/><D94/><U91/><E131/><V32/><F32/><W6/><G6/><T74/><D74/><U60/><E60/><AGARI ba="0,2" hai="3,5,8,44,45,47,52,58,60,66,67,89,95,96" machi="60" ten="40,7700,0" yaku="1,1,52,1,54,1,53,0" doraHai="48" doraHaiUra="36" who="3" fromWho="1" sc="233,0,289,-77,230,0,228,97" /><INIT seed="3,1,0,4,0,54" ten="233,212,230,325" oya="3" hai0="20,8,34,57,94,36,18,5,90,70,86,6,13" hai1="82,66,49,50,17,81,117,61,134,38,29,75,78" hai2="89,121,62,115,46,65,77,26,92,107,72,132,88" hai3="84,51,4,64,14,0,16,103,27,124,95,68,40"/><W97/><G124/><T12/><D34/><U60/><E38/><V98/><F115/><W59/><G27/><T22/><D36/><U43/><E134/><V104/><F132/><W79/><G0/><T83/><D70/><U118/><E29/><V56/><F121/><W123/><G123/><T47/><D47/><U19/><E43/><V109/><F109/><W53/><G4/><T76/><D5/><U69/><E61/><V21/><F46/><N who="3" m="26055" /><G68/><T128/><D128/><U71/><E71/><V9/><F9/><N who="3" m="6223" /><G64/><T130/><D130/><U108/><E108/><V85/><F72/><W112/><G112/><T55/><D22/><U110/><E110/><V120/><F120/><W80/><G53/><T11/><D11/><U105/><E105/><V113/><F113/><W106/><G106/><T100/><D100/><U133/><E133/><V35/><F35/><W126/><G126/><T129/><D129/><U30/><E30/><V58/><F104/><W131/><G131/><T63/><D13/><U39/><E39/><V73/><F107/><W96/><G96/><T99/><D20/><U127/><E127/><V44/><F65/><W33/><G33/><T10/><D10/><U3/><E3/><V111/><F73/><W119/><G119/><N who="1" m="45578" /><E82/><N who="2" m="47311" /><F111/><W25/><G25/><T67/><D6/><U31/><E31/><N who="2" m="17871" /><F62/><W41/><G41/><T116/><D116/><U7/><E7/><V24/><F24/><W28/><G28/><T114/><D114/><U45/><E50/><V101/><F44/><W48/><G48/><N who="0" m="30951" /><D67/><U102/><E66/><V32/><F32/><W93/><G93/><RYUUKYOKU ba="1,0" sc="233,10,212,-30,230,10,325,10" hai0="8,12,18,63,76,83,86,90,94,99" hai2="56,58,88,89,92,98,101" hai3="59,79,80,84,95,97,103" /><INIT seed="3,2,0,5,1,124" ten="243,182,240,335" oya="3" hai0="43,91,54,66,95,65,125,126,121,92,16,41,31" hai1="71,106,39,68,114,10,57,29,93,30,2,90,61" hai2="9,38,88,110,76,108,23,97,1,94,51,6,24" hai3="73,8,37,120,96,62,104,77,105,35,58,118,89"/><W45/><G120/><T34/><D121/><U70/><E106/><V116/><F38/><W59/><G118/><T47/><D31/><U49/><E39/><V42/><F116/><W17/><G35/><T48/><D34/><U56/><E114/><V113/><F76/><W82/><G58/><T117/><D117/><U26/><E49/><V50/><F113/><W72/><G72/><T74/><D74/><U102/><E57/><V15/><F1/><W79/><G79/><T53/><D53/><U7/><E102/><V81/><F81/><W80/><G8/><T60/><D95/><U33/><E30/><V36/><F36/><W83/><G17/><T135/><D135/><U67/><REACH who="1" step="1"/><E70/><REACH who="1" ten="243,172,240,335" step="2"/><V64/><F64/><W87/><G105/><T78/><D66/><U20/><E20/><V133/><F133/><W98/><G104/><T75/><D65/><U119/><E119/><V13/><F50/><W11/><G37/><T123/><D48/><U46/><E46/><V14/><F51/><W27/><G45/><T5/><D47/><U130/><E130/><V63/><F63/><W21/><G11/><T115/><D60/><U112/><E112/><V134/><F134/><W86/><G73/><T131/><D75/><U132/><E132/><V109/><F42/><W44/><G44/><T25/><D43/><U103/><E103/><V99/><F108/><W128/><G128/><T127/><D41/><U55/><E55/><V122/><F109/><W40/><G40/><T18/><D131/><U69/><E69/><V19/><F110/><W52/><G83/><T0/><D115/><RYUUKYOKU ba="2,1" sc="243,-15,172,15,240,-15,335,15" hai1="2,7,10,26,29,33,56,61,67,68,71,90,93" hai3="21,27,52,59,62,77,80,82,86,87,89,96,98" /><INIT seed="3,3,1,5,4,130" ten="228,187,225,350" oya="3" hai0="14,115,123,105,112,131,83,59,0,51,132,66,107" hai1="72,38,5,4,128,35,126,29,114,113,94,87,106" hai2="101,17,102,74,41,96,53,110,47,121,122,30,99" hai3="20,52,81,129,125,50,134,88,56,55,12,120,75"/><W22/><G120/><N who="2" m="46185" /><F110/><W19/><G129/><T42/><D123/><U37/><E72/><V64/><F74/><W70/><G70/><T21/><D0/><U39/><E106/><V36/><F64/><W86/><G125/><T26/><D131/><U127/><E128/><V93/><F30/><W24/><G134/><T9/><D132/><U116/><E35/><V109/><F109/><W71/><G71/><T97/><D83/><U44/><E29/><V91/><F96/><W6/><G75/><T82/><D82/><U103/><E44/><V117/><F117/><W85/><G85/><T18/><D97/><N who="1" m="59831" /><E87/><V69/><F69/><W16/><G55/><N who="0" m="32255" /><D66/><U76/><E76/><V90/><F101/><W63/><G6/><N who="1" m="2666" /><E116/><V118/><F118/><W23/><G63/><T89/><D107/><U98/><E98/><V65/><F65/><W33/><G33/><T84/><D105/><U133/><E133/><V108/><F108/><W28/><G28/><N who="0" m="17487" /><D115/><U1/><E1/><V25/><F53/><W80/><G81/><N who="0" m="49295" /><D112/><U32/><E32/><V60/><F60/><W68/><G68/><T49/><D49/><U34/><E34/><V15/><F36/><W45/><G45/><T31/><D31/><U79/><E79/><V62/><F62/><W100/><G100/><T43/><AGARI ba="3,1" hai="9,14,18,42,43" m="49295,17487,32255" machi="43" ten="30,1100,0" yaku="8,1" doraHai="130" who="0" fromWho="0" sc="228,30,187,-6,225,-6,350,-8" /><INIT seed="4,0,0,5,3,112" ten="258,181,219,342" oya="0" hai0="19,32,41,18,75,45,13,86,135,54,49,126,67" hai1="94,23,33,63,134,128,27,116,24,87,84,35,46" hai2="133,2,71,15,108,53,110,47,107,106,101,78,99" hai3="20,37,114,125,34,104,132,5,124,69,73,68,79"/><T51/><D75/><U0/><E0/><V74/><F2/><W117/><RYUUKYOKU type="yao9" ba="0,0" sc="258,0,181,0,219,0,342,0" hai3="5,20,34,37,68,69,73,79,104,114,117,124,125,132" /><INIT seed="4,1,0,3,2,86" ten="258,181,219,342" oya="0" hai0="46,127,103,21,122,109,89,80,119,25,115,0,2" hai1="66,10,63,48,7,16,41,38,93,134,72,123,71" hai2="13,53,30,76,37,98,96,56,57,101,35,17,88" hai3="125,135,70,11,3,120,121,65,1,45,106,87,55"/><T118/><D122/><N who="3" m="47209" /><G135/><T58/><D109/><U113/><E123/><V23/><F37/><W29/><G125/><T47/><D127/><U27/><E134/><V14/><F76/><W9/><G106/><T22/><D103/><U51/><E113/><V75/><F75/><W28/><G65/><T133/><D133/><U78/><E93/><V130/><F130/><W64/><G64/><T90/><D80/><N who="1" m="45127" /><E16/><V95/><F53/><W68/><G55/><T116/><D58/><U99/><E27/><V4/><F35/><W15/><G45/><N who="0" m="16907" /><D25/><U20/><E20/><N who="0" m="7785" /><D115/><U126/><E99/><V81/><F30/><W100/><G29/><T43/><D43/><U117/><E126/><V52/><F52/><W54/><G54/><T104/><D104/><U97/><E97/><V33/><F33/><W84/><G100/><T6/><D6/><U110/><E110/><V108/><F108/><W82/><G28/><T18/><D18/><U74/><E117/><V105/><REACH who="2" step="1"/><F81/><REACH who="2" ten="258,181,209,342" step="2"/><W5/><G82/><T102/><D102/><U77/><E74/><V19/><F19/><W26/><G5/><T85/><D119/><U40/><E38/><V83/><F83/><W124/><G124/><T12/><D118/><U131/><E77/><V61/><F61/><W111/><G111/><T50/><D116/><U67/><E131/><V91/><F91/><W44/><G44/><T92/><D50/><N who="1" m="18987" /><E67/><V59/><F59/><W60/><G60/><T8/><D90/><U62/><E63/><V129/><F129/><W128/><G128/><T114/><D114/><U49/><E49/><V42/><F42/><RYUUKYOKU ba="1,1" sc="258,10,181,10,209,10,342,-30" hai0="0,2,8,12,85,89,92" hai1="7,10,40,41,62,66,71" hai2="4,13,14,17,23,56,57,88,95,96,98,101,105" /><INIT seed="4,2,1,1,5,34" ten="268,191,219,312" oya="0" hai0="101,89,4,74,122,44,5,32,73,66,64,7,51" hai1="75,97,31,58,86,130,14,85,39,129,29,21,13" hai2="1,118,12,125,104,128,123,110,33,16,19,69,135" hai3="2,111,54,106,120,112,49,82,132,55,90,30,37"/><T105/><D32/><U40/><E75/><V107/><RYUUKYOKU type="yao9" ba="2,1" sc="268,0,191,0,219,0,312,0" hai2="1,12,16,19,33,69,104,107,110,118,123,125,128,135" /><INIT seed="4,3,1,3,3,13" ten="268,191,219,312" oya="0" hai0="70,111,97,15,60,80,114,120,102,73,16,95,26" hai1="87,129,14,10,30,112,46,5,35,78,31,32,17" hai2="42,131,57,34,86,134,20,122,33,130,128,69,116" hai3="63,93,56,11,43,25,64,79,103,38,82,118,101"/><T88/><D120/><U29/><E46/><V2/><F69/><W85/><G118/><T66/><D111/><U113/><E129/><V19/><F2/><W3/><G25/><T126/><D126/><U7/><E78/><V108/><F122/><W77/><G77/><T61/><D114/><N who="1" m="44139" /><E87/><V41/><F108/><W40/><G38/><T21/><D73/><U127/><E127/><V65/><F116/><W28/><G28/><N who="1" m="7170" /><U9/><DORA hai="48" /><E7/><V36/><F134/><W74/><G74/><T104/><D80/><U96/><E96/><V75/><F75/><W12/><G3/><AGARI ba="3,1" hai="3,5,9,10,14,17,32,35" m="7170,44139" machi="3" ten="40,8000,1" yaku="15,1,11,1,34,2,52,1" doraHai="13,48" who="1" fromWho="3" sc="268,0,191,99,219,0,312,-89" /><INIT seed="5,0,0,5,4,122" ten="268,290,219,223" oya="1" hai0="49,101,124,118,44,69,96,54,119,23,17,129,27" hai1="70,4,66,3,51,11,78,121,120,65,89,2,26" hai2="16,81,45,5,87,32,0,108,76,28,13,116,43" hai3="8,112,29,134,83,6,86,60,117,91,102,74,105"/><U41/><E78/><V64/><F116/><W50/><G117/><T1/><D69/><U125/><E125/><V52/><F64/><W33/><G134/><T128/><D1/><U73/><E73/><V14/><F0/><W104/><G112/><T92/><REACH who="0" step="1"/><D124/><REACH who="0" ten="258,290,219,223" step="2"/><U46/><E3/><V72/><F108/><W36/><G105/><T68/><D68/><U30/><E70/><V22/><F32/><W97/><G104/><T55/><D55/><U93/><E120/><V37/><F52/><W133/><G33/><T79/><D79/><U98/><REACH who="1" step="1"/><E121/><REACH who="1" ten="258,280,219,223" step="2"/><V53/><F28/><W48/><G29/><T7/><D7/><U20/><AGARI ba="0,2" hai="2,4,11,20,26,30,41,46,51,65,66,89,93,98" machi="20" ten="20,7800,0" yaku="1,1,2,1,0,1,7,1,53,0" doraHai="122" doraHaiUra="56" who="1" fromWho="1" sc="258,-26,280,98,219,-26,223,-26" /><INIT seed="5,1,0,3,5,83" ten="232,378,193,197" oya="1" hai0="10,120,130,7,16,44,38,15,18,39,29,8,102" hai1="76,0,75,88,135,4,115,32,107,84,97,122,78" hai2="87,82,57,60,11,51,54,36,117,47,100,24,114" hai3="64,12,110,43,99,96,23,35,66,129,80,67,48"/><U71/><E122/><V41/><F117/><W86/><G110/><T109/><D109/><U105/><E32/><V49/><F114/><W92/><G35/><T101/><D29/><U9/><E115/><V1/><F100/><W5/><G129/><T3/><D130/><U56/><E71/><V125/><F125/><W91/><G99/><T70/><D70/><U93/><E135/><V111/><F111/><W55/><G43/><T98/><D102/><U116/><E116/><V119/><F119/><W58/><G5/><T20/><D44/><U128/><E128/><V45/><F24/><W104/><G104/><T63/><D63/><U121/><E121/><V40/><F11/><W27/><G12/><T74/><D74/><U134/><E134/><V69/><F1/><W2/><G2/><T94/><D120/><U42/><E56/><V46/><F69/><W17/><REACH who="3" step="1"/><G67/><REACH who="3" ten="232,378,193,187" step="2"/><T95/><D94/><U6/><E6/><V123/><F123/><W21/><G21/><T26/><AGARI ba="1,1" hai="3,7,8,10,15,16,18,20,26,38,39,95,98,101" machi="26" ten="20,2700,0" yaku="0,1,7,1,54,1" doraHai="83" who="0" fromWho="0" sc="232,40,378,-14,193,-8,187,-8" /><INIT seed="6,0,0,4,5,75" ten="272,364,185,179" oya="2" hai0="108,2,28,126,16,90,133,99,44,38,129,10,83" hai1="18,123,103,76,42,101,4,115,119,70,84,5,94" hai2="102,0,98,25,40,86,66,13,78,34,32,131,31" hai3="29,92,58,69,46,49,87,93,120,50,53,91,104"/><V72/><F0/><W68/><G104/><T106/><D108/><U62/><E119/><V113/><F113/><W43/><G120/><T14/><D133/><U134/><E42/><V12/><F131/><W60/><G29/><T130/><D126/><U63/><E134/><V24/><F72/><W118/><G118/><T3/><D28/><U22/><E115/><V1/><F1/><W107/><G107/><T132/><D132/><U105/><E105/><V67/><F40/><W79/><G79/><T52/><D38/><U96/><E103/><V20/><F34/><W100/><G100/><N who="0" m="62751" /><D3/><U45/><E123/><V19/><F102/><W26/><G26/><T117/><D2/><U54/><E70/><V81/><REACH who="2" step="1"/><F98/><REACH who="2" ten="272,364,175,179" step="2"/><W47/><REACH who="3" step="1"/><G93/><REACH who="3" ten="272,364,175,169" step="2"/><T135/><D117/><U77/><E94/><V36/><F36/><W97/><G97/><T128/><D135/><U61/><E96/><V9/><F9/><W11/><G11/><T57/><D130/><U7/><E101/><V82/><F82/><W15/><G15/><AGARI ba="0,2" hai="12,13,15,19,20,24,25,31,32,66,67,78,81,86" machi="15" ten="40,3900,0" yaku="1,1,52,1,53,0" doraHai="75" doraHaiUra="51" who="2" fromWho="3" sc="272,0,364,0,175,59,169,-39" /><INIT seed="6,1,0,5,4,107" ten="272,364,234,130" oya="2" hai0="128,108,131,24,77,130,31,67,121,79,2,19,126" hai1="49,58,124,61,54,37,25,33,40,66,16,27,84" hai2="129,103,0,115,48,13,45,133,11,75,6,30,118" hai3="23,113,3,18,102,99,10,120,106,28,55,111,98"/><V41/><F118/><W15/><G120/><T73/><D121/><U8/><E124/><V87/><F115/><W101/><G113/><T53/><D2/><U132/><E132/><V97/><F133/><W86/><G111/><T119/><D108/><U110/><E110/><V83/><F129/><W123/><G123/><T92/><D119/><U69/><E33/><V42/><F30/><W114/><G114/><T35/><D126/><U43/><E84/><V17/><F75/><W4/><G86/><T127/><D127/><U64/><E64/><V72/><F72/><W80/><G80/><T32/><D32/><U38/><E38/><V62/><F62/><W12/><G55/><T26/><D73/><U7/><E16/><V9/><F42/><W104/><REACH who="3" step="1"/><G28/><REACH who="3" ten="272,364,234,120" step="2"/><T20/><D53/><U65/><E40/><V46/><F87/><W91/><G91/><T36/><D31/><U56/><E43/><V63/><F83/><W68/><G68/><T74/><D130/><U44/><E69/><V88/><F88/><W50/><G50/><T47/><D131/><U39/><E39/><V78/><F78/><W85/><G85/><T1/><D79/><U100/><E37/><V51/><F63/><W89/><G89/><T90/><D77/><U116/><E61/><V76/><F76/><W57/><G57/><T22/><D90/><U112/><E58/><V94/><F48/><W81/><G81/><T52/><D36/><U134/><E112/><V105/><F46/><W14/><AGARI ba="1,1" hai="3,4,10,12,14,15,18,23,98,99,101,102,104,106" machi="14" ten="20,5200,0" yaku="1,1,0,1,7,1,9,1,53,0" doraHai="107" doraHaiUra="60" who="3" fromWho="3" sc="272,-14,364,-14,234,-27,120,65" /><INIT seed="7,0,0,5,4,100" ten="258,350,207,185" oya="3" hai0="80,113,47,6,86,114,69,129,88,95,32,56,0" hai1="74,65,46,37,43,70,90,101,3,58,133,62,10" hai2="83,118,76,110,38,30,66,98,84,106,121,9,124" hai3="14,35,5,91,16,116,134,107,97,93,135,108,117"/><W39/><G39/><T7/><D69/><U59/><E101/><N who="2" m="62775" /><F66/><W105/><G35/><T122/><D122/><U99/><E133/><N who="3" m="50698" /><G5/><T131/><D32/><U104/><E74/><N who="2" m="43415" /><F9/><N who="3" m="6223" /><G108/><T71/><D7/><U128/><E128/><V103/><F30/><W48/><G48/><T120/><D6/><U31/><E90/><V51/><F51/><W89/><G89/><T4/><D4/><U130/><E130/><V85/><F38/><W81/><G81/><T41/><D80/><U78/><E78/><V23/><F110/><W119/><AGARI ba="0,0" hai="91,93,97,105,107,116,117,119" m="6223,50698" machi="119" ten="40,12000,1" yaku="20,1,52,2,54,1" doraHai="100" who="3" fromWho="3" sc="258,-40,350,-40,207,-40,185,120" /><INIT seed="7,1,0,2,1,85" ten="218,310,167,305" oya="3" hai0="73,75,127,62,83,115,31,120,126,18,39,91,17" hai1="76,3,99,51,82,108,1,8,81,48,133,107,121" hai2="5,105,14,129,37,64,74,131,33,6,119,7,117" hai3="135,9,72,93,49,79,80,102,124,110,90,20,34"/><W111/><G34/><T109/><D39/><U43/><E108/><N who="3" m="41514" /><G135/><T10/><D31/><U134/><E121/><V61/><F74/><W15/><G124/><T29/><D29/><U27/><E27/><V95/><F105/><W128/><G128/><N who="2" m="49225" /><F95/><W54/><G20/><T42/><D75/><N who="1" m="43167" /><E82/><V36/><F33/><W35/><G35/><T88/><D42/><U46/><E51/><V70/><F14/><W30/><G30/><T47/><D73/><U58/><E58/><V125/><F125/><W87/><G102/><T104/><D104/><U57/><E57/><V66/><F61/><W45/><G15/><T112/><D62/><U67/><E67/><N who="2" m="25643" /><F70/><W77/><G77/><T69/><D69/><U12/><E99/><V50/><F50/><W78/><G78/><T44/><D109/><U24/><E107/><V130/><N who="2" m="49233" /><V56/><DORA hai="38" /><F56/><W71/><G71/><T41/><D126/><U103/><E103/><V23/><F23/><W92/><G9/><T101/><D10/><U40/><E3/><V22/><F22/><W118/><G93/><T132/><D127/><U60/><E1/><V26/><F26/><W97/><G118/><AGARI ba="1,0" hai="5,6,7,36,37,117,118,119" m="25643,49233" machi="118" ten="50,6400,0" yaku="28,2,19,1" doraHai="85,38" who="2" fromWho="3" sc="218,0,310,0,167,67,305,-67" owari="218,-28.0,310,41.0,234,-17.0,238,4.0" /></mjloggm>