<mjloggm ver="2.3"><GO type="169" lobby="0"/><UN n0="%73%68%69%6E%6F%21%21" n1="%E9%BE%8D%E9%96%80%E6%B8%95%E9%80%8F%E8%8A%B1" n2="%E3%82%A4%E3%83%B3%E3%82%B6%E3%83%BC%E3%82%AE%CE%B1" n3="%52%6F%62%69%4E" dan="16,16,16,16" rate="2116.85,2135.42,2057.63,2109.88" sx="M,M,M,M"/><TAIKYOKU oya="0"/><INIT seed="0,0,0,1,3,48" ten="250,250,250,250" oya="0" hai0="38,75,129,57,121,58,102,74,92,124,109,119,122" hai1="72,120,6,63,19,134,80,132,55,16,69,11,88" hai2="106,76,110,42,68,126,96,8,123,45,112,49,39" hai3="77,135,3,73,66,34,81,101,105,36,90,133,130"/><T99/><D38/><U91/><E120/><N who="0" m="46185" /><D57/><N who="1" m="35263" /><E69/><V93/><F112/><W103/><G34/><T59/><D59/><U60/><E60/><V24/><F68/><W107/><G3/><T54/><D54/><U10/><E72/><N who="0" m="27689" /><D58/><U118/><E118/><V14/><F39/><W97/><G66/><T7/><D7/><U83/><E83/><V33/><F33/><W0/><G0/><T104/><D119/><U62/><E62/><V4/><F24/><W82/><G36/><T61/><D61/><U71/><E71/><V114/><F123/><W26/><G26/><T32/><D32/><U94/><E80/><V47/><F42/><W52/><G52/><T53/><D53/><U86/><E91/><V111/><F45/><W18/><G18/><N who="1" m="6698" /><E6/><V43/><F4/><W116/><G116/><T84/><D129/><U128/><E128/><V17/><F17/><W1/><G1/><T78/><D124/><U44/><E44/><V30/><F126/><W23/><G130/><T25/><D25/><U64/><E64/><V2/><F47/><W41/><G41/><T27/><D27/><U22/><E22/><V35/><F43/><W65/><G23/><T13/><D104/><U113/><E113/><V79/><F114/><W70/><G70/><T12/><D109/><U29/><E29/><V9/><F106/><W117/><G65/><T108/><D108/><U51/><E51/><V37/><F49/><W20/><G20/><T115/><D115/><U21/><E21/><V50/><F111/><W125/><G125/><T100/><D100/><U127/><E127/><V98/><F110/><RYUUKYOKU ba="0,0" sc="250,15,250,15,250,-15,250,-15" hai0="12,13,78,84,92,99,102" hai1="10,11,86,88,94,132,134" /><INIT seed="0,1,0,2,5,13" ten="265,265,235,235" oya="0" hai0="24,112,135,82,116,123,55,66,74,19,81,70,80" hai1="89,38,57,2,133,62,84,49,41,109,7,77,32" hai2="78,39,48,105,83,16,29,111,130,122,107,3,87" hai3="92,132,129,34,12,94,4,113,86,114,54,97,115"/><T118/><D123/><U75/><E32/><V71/><F122/><W11/><G129/><T51/><D74/><U42/><E109/><V27/><F39/><W69/><G132/><T68/><D112/><U76/><E38/><V110/><F130/><W35/><G69/><T36/><D36/><U31/><E133/><V63/><F3/><W14/><G86/><T56/><D135/><U73/><E73/><V124/><F48/><W33/><G97/><T88/><D88/><U25/><E75/><V20/><F124/><W108/><G108/><N who="2" m="41513" /><F29/><W26/><G26/><T131/><D131/><U90/><E7/><V1/><F1/><W17/><REACH who="3" step="1"/><G54/><REACH who="3" ten="265,265,235,225" step="2"/><T60/><REACH who="0" step="1"/><D70/><REACH who="0" ten="255,265,235,225" step="2"/><U50/><E77/><V64/><AGARI ba="1,2" hai="16,20,27,63,64,71,78,83,87,105,107" m="41513" machi="64" ten="30,4000,0" yaku="14,1,52,1,54,1" doraHai="13" who="2" fromWho="2" sc="255,-21,265,-11,235,63,225,-11" /><INIT seed="1,0,0,2,2,66" ten="234,254,298,214" oya="1" hai0="128,42,28,17,103,95,50,114,88,33,5,83,110" hai1="32,132,92,61,39,8,127,135,104,57,31,69,41" hai2="80,53,0,58,51,90,1,121,35,112,2,131,119" hai3="54,7,76,78,52,105,68,36,20,47,122,126,79"/><U81/><E104/><V72/><F121/><W26/><G122/><T30/><D114/><U116/><E116/><V45/><F119/><W60/><G105/><T22/><D5/><U11/><E127/><V12/><F112/><W113/><G113/><T96/><D110/><U85/><E92/><V98/><F35/><W118/><G118/><T74/><D33/><U44/><E69/><V101/><F131/><W34/><G34/><T49/><D128/><U130/><E130/><V77/><F90/><W93/><G7/><T29/><D42/><U129/><E129/><V134/><F134/><N who="1" m="51241" /><E31/><V48/><F12/><W87/><G126/><T62/><D62/><U25/><E25/><V6/><F6/><W115/><G115/><T38/><D38/><U64/><E32/><V125/><F125/><W55/><G36/><T4/><D4/><U111/><E111/><V133/><F133/><W97/><G47/><T27/><REACH who="0" step="1"/><D74/><REACH who="0" ten="224,254,298,214" step="2"/><U14/><E14/><V21/><F72/><W117/><G117/><T91/><D91/><AGARI ba="0,1" hai="8,11,39,41,44,57,61,64,81,85,91" m="51241" machi="91" ten="30,1500,0" yaku="20,1" doraHai="66" who="1" fromWho="0" sc="224,-15,254,25,298,0,214,0" /><INIT seed="1,1,0,1,0,106" ten="209,279,298,214" oya="1" hai0="60,96,40,9,100,3,124,85,73,126,25,87,90" hai1="32,133,35,57,101,5,34,112,33,116,120,36,47" hai2="13,59,18,114,67,44,79,82,132,105,6,129,99" hai3="56,110,119,84,94,65,89,43,12,107,77,131,54"/><U19/><E112/><V74/><F114/><W78/><G110/><T26/><D40/><U62/><E116/><V115/><F115/><W103/><G119/><T46/><D46/><U15/><E120/><V41/><F132/><W68/><G131/><T75/><D60/><U22/><E133/><V72/><F129/><W83/><G43/><T80/><D87/><U16/><E101/><V95/><F105/><W51/><G107/><N who="0" m="63879" /><D3/><U37/><E5/><V4/><F59/><W17/><G68/><T38/><D38/><U20/><N who="1" m="8192" /><DORA hai="92" /><U58/><E47/><V93/><F67/><W86/><G65/><T2/><D2/><U134/><E134/><V111/><F111/><W122/><G103/><T113/><D9/><U123/><E123/><V53/><F53/><W130/><G130/><T98/><D113/><U71/><E71/><V55/><F55/><W97/><G122/><T28/><D98/><U48/><E48/><V24/><F24/><N who="0" m="9322" /><D28/><U52/><REACH who="1" step="1"/><E58/><REACH who="1" ten="209,269,298,214" step="2"/><V81/><F6/><W69/><G69/><T76/><D126/><U7/><E7/><V45/><F4/><W42/><G42/><T91/><D124/><U88/><E88/><V29/><F45/><W49/><G49/><T121/><D121/><U50/><E50/><V63/><F44/><W127/><G127/><T135/><D135/><U11/><E11/><V39/><F41/><W31/><G89/><T109/><D109/><U117/><E117/><V30/><F39/><W8/><G51/><T64/><D91/><U1/><E1/><V66/><F79/><W128/><G78/><T61/><D90/><RYUUKYOKU ba="1,1" sc="209,15,269,15,298,-15,214,-15" hai0="61,64,73,75,76,80,85" hai1="15,16,19,20,22,36,37,52,57,62" /><INIT seed="1,2,1,1,5,119" ten="224,284,283,199" oya="1" hai0="56,38,83,40,93,25,130,84,6,104,32,22,20" hai1="62,129,43,7,133,90,0,30,94,109,97,15,2" hai2="80,9,87,117,8,18,47,114,1,5,123,54,72" hai3="46,124,100,126,76,81,52,113,11,14,60,33,58"/><U49/><E129/><V39/><F117/><W57/><G113/><T115/><D104/><U16/><E133/><V17/><F114/><W53/><G33/><T75/><D115/><U111/><E30/><V65/><F65/><W122/><G122/><T24/><D75/><U28/><E28/><V77/><F123/><W73/><G100/><T78/><D130/><U108/><E7/><V121/><F121/><W86/><G46/><T101/><D6/><U88/><E62/><V51/><F9/><W68/><G68/><T89/><D101/><U98/><E43/><N who="2" m="23039" /><F87/><W127/><G73/><T44/><D56/><AGARI ba="2,1" hai="1,5,8,17,18,51,54,56,72,77,80" m="23039" machi="56" ten="30,1000,0" yaku="25,1" doraHai="119" who="2" fromWho="0" sc="224,-16,284,0,283,26,199,0" /><INIT seed="2,0,0,2,5,103" ten="208,284,309,199" oya="2" hai0="47,65,102,112,125,3,124,55,82,95,7,22,126" hai1="91,61,1,27,51,18,32,85,39,2,118,64,79" hai2="129,121,75,63,128,109,17,135,74,100,101,105,16" hai3="87,56,10,8,45,41,31,15,35,62,59,114,119"/><V53/><F121/><W104/><G119/><T30/><D112/><U25/><E39/><V48/><F63/><W130/><G114/><T23/><D65/><U49/><E118/><V89/><F89/><W122/><G122/><T68/><D68/><U33/><E79/><V42/><F42/><W113/><G113/><T44/><D82/><U38/><E38/><V133/><F109/><W52/><G104/><T132/><D132/><N who="2" m="50762" /><F105/><W43/><G130/><N who="2" m="50281" /><F101/><W81/><G56/><T84/><D102/><U14/><E51/><V66/><F66/><W92/><G92/><T108/><D95/><U98/><E49/><V13/><F100/><W5/><G10/><T76/><D108/><U36/><E36/><V67/><F67/><W9/><G9/><T4/><D55/><U50/><E50/><V131/><N who="2" m="50289" /><V97/><DORA hai="20" /><F97/><W94/><G94/><T12/><D76/><U34/><E98/><V71/><F71/><W120/><G120/><T72/><D126/><U37/><E37/><V117/><F117/><W99/><G99/><T86/><D125/><U70/><E91/><V78/><F78/><W29/><G35/><T93/><D124/><U90/><E90/><V11/><F17/><W107/><G107/><T115/><D115/><U21/><REACH who="1" step="1"/><E85/><REACH who="1" ten="208,274,309,199" step="2"/><V26/><F75/><W127/><G127/><T80/><D72/><U46/><E46/><N who="2" m="27799" /><F74/><W24/><G45/><T28/><D47/><U57/><E57/><V6/><F6/><W123/><G123/><T83/><D44/><U73/><E73/><V111/><F111/><W77/><G87/><T19/><D86/><RYUUKYOKU ba="0,1" sc="208,-15,274,15,309,15,199,-15" hai1="1,2,14,18,21,25,27,32,33,34,61,64,70" hai2="11,13,16,26" /><INIT seed="2,1,1,1,4,15" ten="193,289,324,184" oya="2" hai0="106,20,2,40,44,19,12,123,69,0,58,17,75" hai1="92,117,116,18,3,110,46,73,49,25,4,47,107" hai2="67,122,111,62,23,36,9,105,98,125,37,89,83" hai3="68,51,95,64,41,8,93,52,28,74,63,76,50"/><V109/><F122/><W6/><G28/><T94/><D69/><U126/><E107/><V13/><F23/><W135/><G135/><T59/><D106/><U61/><E73/><V104/><F125/><W87/><G74/><T119/><D75/><U120/><E126/><V14/><F14/><W124/><G124/><T38/><D123/><U84/><E120/><V32/><F32/><W39/><G51/><T30/><D30/><U72/><E72/><V43/><F43/><W71/><G71/><T103/><D119/><U56/><E110/><N who="2" m="41995" /><F83/><W79/><G41/><T81/><D81/><U80/><E3/><V131/><F131/><W70/><G70/><T130/><D130/><U78/><E4/><N who="2" m="3239" /><F89/><W102/><G39/><N who="2" m="14921" /><F98/><W33/><G33/><T77/><D12/><U35/><E35/><V60/><F60/><W134/><G134/><T31/><D40/><U55/><E117/><V101/><F101/><W118/><G118/><T1/><D103/><U129/><E116/><V57/><AGARI ba="1,1" hai="57,62,67,104,105" m="14921,3239,41995" machi="57" ten="30,3000,0" yaku="14,1,10,1" doraHai="15" who="2" fromWho="2" sc="193,-11,289,-11,324,43,184,-11" /><INIT seed="2,2,0,0,4,25" ten="182,278,367,173" oya="2" hai0="16,5,40,96,131,84,9,27,75,132,128,33,102" hai1="118,105,87,57,110,3,4,89,112,1,76,15,85" hai2="52,103,0,92,55,82,129,47,79,93,61,42,64" hai3="23,71,11,115,37,130,50,111,45,43,30,49,29"/><V58/><F0/><W67/><G23/><N who="0" m="13799" /><D75/><U35/><E105/><V120/><F120/><W88/><G111/><T86/><D40/><U98/><E112/><V133/><F133/><W113/><G130/><N who="0" m="49707" /><D33/><U17/><E35/><V21/><F21/><W107/><G107/><N who="0" m="63943" /><D132/><U114/><E110/><V22/><F22/><W19/><G11/><T7/><D7/><U78/><E4/><V134/><F134/><W63/><G19/><T126/><D126/><U41/><E41/><V2/><F2/><AGARI ba="2,0" hai="2,5,9,84,86" m="63943,49707,13799" machi="2" ten="30,2000,0" yaku="19,1,54,1" doraHai="25" who="0" fromWho="2" sc="182,26,278,0,367,-26,173,0" /><INIT seed="3,0,0,5,2,123" ten="208,278,341,173" oya="3" hai0="105,2,25,29,113,40,31,28,117,67,4,9,112" hai1="46,125,74,43,66,61,98,93,104,81,39,90,114" hai2="19,6,63,128,102,15,107,49,121,59,97,70,30" hai3="132,134,14,124,69,89,103,99,127,68,58,82,84"/><W56/><G14/><T111/><D105/><U24/><E114/><N who="0" m="44137" /><D67/><U83/><E125/><N who="3" m="48202" /><G58/><T50/><D50/><U94/><E104/><V95/><F121/><W130/><G56/><T62/><D62/><U133/><E74/><V60/><F6/><W118/><G118/><T54/><D54/><U20/><E94/><V101/><F30/><N who="0" m="11882" /><D40/><U78/><E78/><V21/><F70/><N who="3" m="27243" /><G130/><T22/><D117/><U87/><E133/><V135/><F128/><W18/><G18/><T88/><D88/><U1/><E1/><V13/><F135/><W11/><G11/><T64/><D64/><U115/><E115/><V73/><F59/><W108/><G108/><AGARI ba="0,0" hai="2,4,9,22,25,31,108,111" m="11882,44137" machi="108" ten="30,8000,1" yaku="11,1,34,2,52,2" doraHai="123" who="0" fromWho="3" sc="208,80,278,0,341,0,173,-80" /><INIT seed="4,0,0,2,1,46" ten="288,278,341,93" oya="0" hai0="0,73,54,89,3,82,99,8,32,17,113,72,63" hai1="109,25,96,115,90,75,93,12,83,37,130,60,108" hai2="49,116,125,42,67,101,4,120,119,52,50,117,55" hai3="121,20,118,44,97,16,33,10,24,28,134,131,53"/><T5/><D32/><U68/><E37/><V15/><F120/><W56/><G118/><T65/><D0/><U123/><E123/><V78/><F125/><W127/><G127/><T86/><D113/><U51/><E115/><V48/><F42/><W126/><G126/><T132/><D132/><U23/><E130/><V71/><F101/><W2/><G134/><T95/><D17/><U133/><E133/><V45/><F45/><W74/><G44/><T47/><D47/><U103/><E12/><V85/><F67/><W110/><G110/><T34/><D34/><U114/><E114/><V111/><F71/><W87/><G74/><T79/><REACH who="0" step="1"/><D54/><REACH who="0" ten="278,278,341,93" step="2"/><U38/><E109/><V22/><F111/><W92/><G87/><T58/><AGARI ba="0,1" hai="3,5,8,58,63,65,72,73,79,82,86,89,95,99" machi="58" ten="20,7800,0" yaku="1,1,2,1,0,1,7,1,53,0" doraHai="46" doraHaiUra="128" who="0" fromWho="0" sc="278,88,278,-26,341,-26,93,-26" /><BYE who="3" /><INIT seed="4,1,0,1,3,10" ten="366,252,315,67" oya="0" hai0="112,46,84,1,132,104,63,54,19,100,102,73,39" hai1="58,38,91,83,118,108,133,21,77,33,76,29,67" hai2="109,59,0,3,70,31,6,66,74,135,26,65,129" hai3="15,80,4,115,81,86,95,36,52,11,62,113,88"/><T71/><D73/><UN n3="%52%6F%62%69%4E" /><U87/><E108/><V23/><F109/><W41/><G41/><T43/><D1/><U92/><E38/><V30/><F74/><W131/><G36/><T44/><D112/><N who="3" m="43081" /><G131/><T51/><D132/><U50/><E33/><V27/><F129/><W9/><G9/><T99/><D102/><U120/><E120/><V49/><F135/><W64/><G52/><T93/><D19/><U24/><E118/><V69/><F6/><W85/><G85/><T56/><D84/><U105/><E105/><V37/><F37/><W117/><G117/><T20/><D20/><U114/><E133/><V107/><F107/><W97/><G86/><T126/><D126/><U55/><E114/><V106/><F106/><W25/><G25/><T68/><REACH who="0" step="1"/><D104/><REACH who="0" ten="356,252,315,67" step="2"/><U89/><REACH who="1" step="1"/><E67/><AGARI ba="1,1" hai="39,43,44,46,51,54,56,63,67,68,71,93,99,100" machi="67" ten="30,5800,0" yaku="1,1,2,1,7,1,53,0" doraHai="10" doraHaiUra="28" who="0" fromWho="1" sc="356,71,252,-61,315,0,67,0" /><INIT seed="4,2,0,5,5,98" ten="427,191,315,67" oya="0" hai0="80,6,49,3,71,129,65,125,96,73,30,23,124" hai1="134,41,109,27,37,52,110,94,29,121,9,61,40" hai2="33,72,84,28,47,5,35,89,54,130,25,58,79" hai3="116,90,117,95,59,128,122,85,77,63,66,14,51"/><T0/><D129/><U36/><E121/><V118/><F118/><W135/><G135/><T119/><D119/><U42/><E9/><V70/><F70/><W53/><G122/><T93/><D49/><U82/><E82/><V34/><F5/><W102/><G128/><T67/><D73/><U55/><E94/><V105/><F47/><W13/><G77/><T12/><D80/><U108/><E134/><V8/><F8/><W81/><G116/><T43/><D43/><U2/><E2/><V4/><F4/><W17/><G117/><T64/><D71/><U10/><E10/><V126/><F130/><W44/><REACH who="3" step="1"/><G17/><REACH who="3" ten="427,191,315,57" step="2"/><T50/><D125/><U101/><E110/><V83/><F126/><W127/><G127/><T106/><D124/><U103/><E109/><V26/><F79/><W132/><G132/><T75/><D75/><U18/><E108/><V99/><F72/><W69/><G69/><T48/><D0/><U32/><E18/><V21/><F28/><W60/><G60/><T31/><D3/><U100/><REACH who="1" step="1"/><E61/><REACH who="1" ten="427,181,315,57" step="2"/><V115/><F83/><W68/><G68/><T1/><D1/><U88/><E88/><V7/><F89/><W46/><G46/><T38/><D31/><U107/><E107/><V24/><F105/><W16/><G16/><T92/><D30/><U87/><E87/><V74/><F84/><W113/><G113/><T112/><D112/><U45/><E45/><V15/><F115/><W76/><G76/><T97/><D106/><U39/><AGARI ba="2,2" hai="27,29,32,36,37,39,40,41,42,52,55,100,101,103" machi="39" ten="40,16000,3" yaku="1,1,0,1,29,2,52,3,54,1,53,0" doraHai="98" doraHaiUra="114" who="1" fromWho="1" sc="427,-82,181,186,315,-42,57,-42" /><INIT seed="5,0,0,2,2,135" ten="345,367,273,15" oya="1" hai0="35,28,75,19,2,98,90,8,7,10,107,6,17" hai1="71,86,115,92,126,93,76,112,81,51,15,99,14" hai2="87,113,109,128,48,34,41,85,97,133,12,103,39" hai3="40,80,120,88,53,27,31,9,74,62,52,104,5"/><U43/><E71/><V58/><F109/><W1/><G104/><T26/><D75/><U32/><E32/><V36/><F133/><W84/><G120/><T101/><REACH who="0" step="1"/><D90/><REACH who="0" ten="335,367,273,15" step="2"/><U119/><E119/><V73/><F73/><W116/><G116/><T25/><D25/><U108/><E108/><V64/><F113/><W110/><G110/><T129/><D129/><U13/><E115/><V77/><F128/><W111/><G111/><T79/><D79/><U38/><E112/><V59/><F77/><W16/><G74/><T72/><D72/><U33/><E76/><V83/><F103/><W60/><G40/><T0/><AGARI ba="0,1" hai="0,2,6,7,8,10,17,19,26,28,35,98,101,107" machi="0" ten="20,5200,0" yaku="1,1,0,1,7,1,9,1,53,0" doraHai="135" doraHaiUra="37" who="0" fromWho="0" sc="335,62,367,-26,273,-13,15,-13" /><INIT seed="6,0,0,1,3,48" ten="397,341,260,2" oya="2" hai0="47,71,53,1,68,105,52,24,129,58,11,51,64" hai1="34,25,4,88,49,39,79,134,60,118,46,36,16" hai2="38,76,110,119,101,8,122,57,91,22,99,13,111" hai3="89,103,26,45,92,70,54,12,93,131,62,65,5"/><V63/><F119/><W3/><G3/><T40/><D105/><U44/><E118/><V98/><F122/><W2/><G2/><T128/><D24/><U21/><E79/><V18/><F38/><W82/><G54/><N who="0" m="21099" /><D11/><U96/><E34/><V74/><F74/><W35/><G92/><T121/><D1/><U127/><E127/><V83/><F76/><W69/><G89/><T112/><D112/><U17/><E4/><V10/><F83/><W9/><G62/><N who="0" m="37975" /><D121/><U108/><E108/><N who="2" m="41515" /><F91/><W125/><G131/><AGARI ba="0,0" hai="40,47,51,68,71,128,129,131" m="37975,21099" machi="131" ten="30,12000,2" yaku="19,1,34,2,52,3,54,1" doraHai="48" who="0" fromWho="3" sc="397,120,341,0,260,0,2,-120" owari="517,62.0,341,14.0,260,-14.0,-118,-62.0" /></mjloggm>