<mjloggm ver="2.3"><GO type="169" lobby="0"/><UN n0="%EF%BC%A0%E4%B8%AD%E6%9D%91%E8%B1%AA" n1="%E3%82%AB%E3%83%A9%E3%82%B9%E3%81%AE%E5%AD%90" n2="%50%61%65%6C%6C%61" n3="%EF%BC%88%2A%C2%B4%E3%83%BC%EF%BD%80%2A%EF%BC%89" dan="16,16,16,17" rate="2160.79,2093.32,2092.22,2171.47" sx="M,M,M,F"/><TAIKYOKU oya="0"/><INIT seed="0,0,0,5,4,76" ten="250,250,250,250" oya="0" hai0="8,23,2,132,49,12,37,57,135,40,78,33,27" hai1="117,18,75,86,28,92,35,95,103,30,106,44,84" hai2="55,20,54,98,14,34,70,94,71,32,109,125,118" hai3="11,128,15,82,9,69,19,1,51,127,38,59,22"/><T45/><D2/><U58/><E117/><V134/><F109/><W47/><G69/><T21/><D78/><U114/><E75/><V60/><F125/><W93/><G127/><T87/><D33/><U10/><E106/><V124/><F124/><W50/><G128/><T41/><D87/><U110/><E110/><V122/><F134/><N who="0" m="51242" /><D27/><U36/><E114/><V80/><F122/><W121/><G121/><T90/><D90/><U68/><E68/><V105/><F105/><W83/><G38/><T5/><D57/><U46/><E35/><V66/><F118/><W113/><G113/><T48/><D49/><U131/><E58/><V116/><F70/><W72/><G72/><T129/><D129/><U77/><E131/><V3/><F3/><W126/><G126/><T74/><D74/><U53/><E77/><V108/><F108/><W99/><G1/><T97/><D97/><U91/><E36/><V111/><F32/><W0/><G0/><T39/><D37/><U96/><E84/><V112/><F34/><W119/><G119/><T67/><D67/><U104/><E104/><V29/><F112/><W63/><G50/><T61/><D61/><U26/><E26/><V42/><F111/><W107/><G107/><T7/><D7/><U102/><E102/><V52/><F116/><W130/><G130/><T89/><D89/><U4/><E4/><V101/><F42/><N who="3" m="25079" /><G11/><T73/><D73/><U120/><E120/><V133/><F133/><W100/><G9/><T85/><D85/><U65/><E86/><V123/><F71/><W13/><G13/><T43/><D39/><RYUUKYOKU ba="0,0" sc="250,15,250,-15,250,-15,250,15" hai0="5,8,12,21,23,40,41,43,45,48" hai3="15,19,22,59,63,82,83,93,99,100" /><INIT seed="0,1,0,1,1,8" ten="265,235,235,265" oya="0" hai0="135,6,19,12,82,126,133,40,1,112,68,52,31" hai1="58,9,119,5,56,71,66,55,88,22,60,116,34" hai2="87,100,10,120,113,129,45,134,107,53,24,23,72" hai3="85,49,106,94,39,14,132,77,21,11,25,2,95"/><T97/><D68/><U15/><E34/><V130/><F120/><W27/><G106/><T74/><D112/><U30/><E71/><V26/><F113/><W7/><G39/><T78/><D40/><U96/><E30/><V123/><F123/><W16/><G132/><N who="0" m="50763" /><D31/><U109/><E109/><V131/><F134/><W122/><G122/><T110/><D126/><U4/><E5/><V101/><F72/><W90/><G77/><T67/><D67/><U117/><E22/><V99/><F101/><W76/><G76/><T105/><D110/><U92/><REACH who="1" step="1"/><E119/><REACH who="1" ten="265,225,235,265" step="2"/><V38/><F23/><W93/><REACH who="3" step="1"/><G49/><AGARI ba="1,1" hai="4,9,15,49,55,56,58,60,66,88,92,96,116,117" machi="49" ten="30,12000,2" yaku="1,1,2,1,7,1,52,1,54,1,53,2" doraHai="8" doraHaiUra="114" who="1" fromWho="3" sc="265,0,225,133,235,0,265,-123" /><INIT seed="1,0,0,3,0,49" ten="265,358,235,142" oya="1" hai0="132,44,30,118,47,22,76,32,21,125,57,7,34" hai1="23,74,65,121,48,11,124,1,91,101,36,54,128" hai2="35,90,12,117,99,80,94,25,5,51,106,97,3" hai3="81,111,95,87,135,9,60,31,56,86,83,82,77"/><U70/><E121/><V58/><F117/><W17/><G111/><T15/><D118/><U89/><E74/><V129/><F3/><W50/><G135/><T8/><D132/><U63/><E124/><V24/><F129/><W119/><G119/><T20/><D125/><U103/><E128/><V123/><F123/><W26/><G50/><T53/><D76/><U62/><E36/><V38/><F38/><W98/><G86/><T2/><D2/><U110/><E110/><V112/><F112/><W100/><G9/><T127/><D127/><U120/><E120/><V71/><F71/><W45/><G17/><T52/><D30/><U72/><E72/><V122/><F122/><W40/><G40/><T134/><D134/><U10/><E63/><V68/><F68/><W79/><G45/><T19/><D19/><U18/><E11/><N who="2" m="4207" /><F35/><W104/><G104/><T93/><D93/><U102/><E10/><V96/><F80/><W29/><G29/><T105/><D105/><U43/><E43/><V108/><F108/><W28/><G28/><T109/><D109/><U14/><REACH who="1" step="1"/><E1/><REACH who="1" ten="265,348,235,142" step="2"/><V92/><F106/><W61/><G61/><T64/><D8/><U55/><E55/><N who="2" m="32127" /><F97/><W131/><G131/><T67/><D53/><U116/><E116/><V46/><F99/><W42/><G42/><T126/><D52/><U130/><E130/><V41/><F96/><W133/><G133/><T115/><D126/><U73/><E73/><V78/><F41/><W13/><G77/><T4/><D67/><U107/><E107/><V27/><F78/><W39/><G39/><T33/><D64/><RYUUKYOKU ba="0,1" sc="265,-10,348,30,235,-10,142,-10" hai1="14,18,23,48,54,62,65,70,89,91,101,102,103" /><INIT seed="1,1,1,2,1,56" ten="255,378,225,132" oya="1" hai0="52,124,70,35,94,43,50,64,83,123,89,134,5" hai1="91,40,8,14,97,15,110,128,9,42,75,51,114" hai2="12,126,22,11,79,33,108,95,133,20,118,113,1" hai3="96,32,66,65,48,44,90,67,34,135,62,71,101"/><U82/><E114/><V31/><F79/><W0/><G0/><T106/><D35/><U105/><E128/><V4/><F95/><W41/><G135/><T77/><D106/><U30/><E110/><V120/><F120/><W61/><G67/><T24/><D134/><U27/><E75/><V109/><F133/><W131/><G90/><T17/><D123/><U2/><E2/><V125/><F118/><W102/><G131/><T107/><D107/><U87/><E105/><V10/><F113/><W86/><G86/><T100/><D100/><U129/><E129/><V103/><F103/><W6/><G6/><T46/><D5/><U104/><E104/><V3/><F33/><W80/><G80/><T117/><D117/><U38/><E38/><V132/><F132/><W54/><G54/><T7/><D7/><U45/><E42/><V25/><F22/><W59/><REACH who="3" step="1"/><G101/><REACH who="3" ten="255,378,225,122" step="2"/><T37/><D83/><U39/><E87/><V58/><F1/><W99/><G99/><T13/><D77/><U78/><E97/><V28/><F3/><W130/><G130/><T76/><D76/><U23/><E91/><V63/><F4/><W18/><G18/><T73/><D17/><U47/><E82/><V26/><F31/><W53/><G53/><T85/><D64/><U57/><E78/><V55/><F28/><W121/><G121/><T115/><D52/><U92/><E30/><V122/><F55/><W81/><G81/><T88/><D89/><U60/><E40/><V74/><F122/><W16/><G16/><T19/><D43/><U112/><E112/><V29/><F29/><RYUUKYOKU ba="1,2" sc="255,-10,378,-10,225,-10,122,30" hai3="32,34,41,44,48,59,61,62,65,66,71,96,102" /><INIT seed="2,2,2,5,4,99" ten="245,368,215,152" oya="2" hai0="129,124,118,24,62,111,5,87,0,4,79,122,6" hai1="113,105,103,114,31,131,100,8,57,48,107,68,47" hai2="34,128,108,28,55,84,102,85,133,42,109,22,13" hai3="23,14,33,2,97,104,77,12,51,41,11,44,132"/><V78/><F133/><W82/><G132/><T1/><D122/><U123/><E68/><V71/><F128/><W65/><G33/><T26/><D129/><U120/><E131/><V101/><F71/><W35/><G35/><T21/><D111/><N who="2" m="42570" /><F42/><W36/><G36/><T72/><D72/><U15/><E31/><V117/><F117/><W83/><G65/><T106/><D106/><U121/><E57/><V9/><F34/><W94/><G104/><N who="1" m="40010" /><E113/><V110/><N who="2" m="42578" /><V127/><DORA hai="10" /><F127/><W60/><G60/><T64/><D124/><U7/><E114/><V25/><F55/><AGARI ba="2,2" hai="7,8,15,47,48,55,100,103,120,121,123" m="40010" machi="55" ten="40,8000,1" yaku="13,1,52,3" doraHai="99,10" who="1" fromWho="2" sc="245,0,368,106,215,-86,152,0" /><INIT seed="3,0,0,1,0,2" ten="245,474,129,152" oya="3" hai0="6,127,109,12,17,65,113,19,52,10,99,27,24" hai1="9,7,124,49,89,115,58,71,55,95,62,13,121" hai2="102,126,128,122,22,111,23,25,46,4,79,50,119" hai3="21,90,33,35,68,116,117,18,123,14,129,41,86"/><W73/><G123/><T114/><D109/><U108/><E121/><V37/><F119/><W26/><G68/><T105/><D65/><U133/><E115/><N who="0" m="44041" /><D105/><U29/><E108/><V48/><F111/><W92/><G129/><T78/><D99/><N who="1" m="57839" /><E71/><V30/><F122/><W16/><G73/><T110/><D110/><U91/><E133/><V72/><F126/><W60/><G60/><T69/><D69/><U11/><E124/><V74/><F128/><W57/><G57/><T96/><D127/><U5/><E29/><V15/><F102/><W100/><G41/><T104/><D78/><U134/><E134/><V97/><F97/><W125/><G100/><N who="0" m="62471" /><D52/><U112/><E112/><V31/><F37/><W132/><G125/><T77/><D77/><U36/><E36/><V130/><F79/><W75/><G75/><T87/><D87/><U40/><E91/><V20/><F130/><W76/><G76/><T82/><D82/><U98/><E98/><V131/><F131/><W83/><G83/><T47/><D47/><N who="1" m="25831" /><E11/><V44/><F23/><W118/><REACH who="3" step="1"/><G132/><REACH who="3" ten="245,474,129,142" step="2"/><T45/><D45/><U61/><E62/><V39/><F74/><W0/><G0/><T85/><D85/><U66/><E66/><V84/><F72/><W80/><G80/><T28/><D27/><U63/><E63/><V94/><F84/><W59/><G59/><T43/><D43/><U51/><E61/><V42/><F42/><W103/><G103/><T101/><D101/><U67/><E67/><V38/><F25/><W88/><G88/><T135/><D135/><U70/><E70/><V34/><F39/><RYUUKYOKU ba="0,1" sc="245,10,474,10,129,-30,142,10" hai0="6,10,12,17,19,24,28" hai1="5,7,9,13,51,55,58" hai3="14,16,18,21,26,33,35,86,90,92,116,117,118" /><INIT seed="3,1,1,1,5,54" ten="255,484,99,152" oya="3" hai0="115,11,60,43,105,20,36,3,21,57,56,128,26" hai1="119,27,124,131,104,126,48,42,32,41,78,53,75" hai2="35,63,92,37,9,25,87,133,90,31,85,127,46" hai3="8,66,18,73,81,49,2,45,19,123,93,0,13"/><W91/><G123/><T16/><D105/><U52/><E131/><V62/><F133/><W135/><G135/><T101/><D101/><U68/><E68/><V28/><F127/><N who="1" m="48681" /><E119/><V116/><F116/><W96/><G19/><T34/><D128/><U107/><E53/><V89/><F28/><W29/><G29/><T51/><D36/><U103/><E32/><V72/><F72/><W112/><G66/><T79/><D115/><U102/><E27/><V108/><F108/><W40/><REACH who="3" step="1"/><G112/><REACH who="3" ten="255,484,99,142" step="2"/><T38/><D16/><U125/><E125/><V44/><F9/><W98/><G98/><T17/><D11/><U97/><E97/><V77/><F31/><W84/><G84/><T1/><D17/><U7/><E75/><V132/><F132/><W33/><G33/><T10/><D34/><U70/><E7/><V121/><F35/><W120/><G120/><T22/><D10/><U83/><E107/><V61/><F121/><W134/><G134/><T24/><D21/><U117/><E104/><V5/><F5/><W95/><G95/><T67/><D22/><U76/><E117/><V99/><F85/><W55/><G55/><T4/><D67/><U88/><E52/><V113/><F113/><W14/><G14/><T65/><D20/><U59/><E41/><V74/><F74/><W122/><G122/><T58/><D43/><U94/><E42/><V23/><F87/><W110/><G110/><T64/><D65/><U109/><E94/><V111/><F111/><W47/><G47/><T15/><D4/><U106/><E106/><V71/><F92/><W6/><G6/><RYUUKYOKU ba="1,2" sc="255,-10,484,-10,99,-10,142,30" hai3="0,2,8,13,18,40,45,49,73,81,91,93,96" /><INIT seed="3,2,2,4,5,130" ten="245,474,89,172" oya="3" hai0="19,53,8,59,103,95,96,88,128,80,65,74,1" hai1="2,41,28,131,33,51,118,26,108,86,56,87,66" hai2="112,90,116,7,55,106,12,117,77,30,83,35,3" hai3="132,27,23,17,84,105,101,115,62,43,129,92,32"/><W97/><G115/><T70/><D128/><U114/><E131/><V107/><F112/><W48/><G129/><T63/><D74/><U13/><E2/><V36/><F36/><W134/><G32/><T24/><D80/><U69/><E114/><V6/><F3/><W89/><REACH who="3" step="1"/><G62/><REACH who="3" ten="245,474,89,162" step="2"/><T40/><D63/><U9/><E33/><V81/><F116/><W31/><G31/><T16/><D19/><U71/><E28/><V15/><F30/><W93/><G93/><T122/><D16/><U21/><E118/><V127/><F35/><W37/><G37/><T54/><D95/><U94/><E94/><V135/><F117/><W58/><G58/><T4/><D59/><U85/><E56/><V46/><F107/><W20/><G20/><T61/><D61/><U104/><E21/><V126/><F106/><W57/><G57/><T25/><D70/><U68/><E104/><V79/><F46/><AGARI ba="2,3" hai="17,23,27,43,46,48,84,89,92,97,101,105,132,134" machi="46" ten="40,7700,0" yaku="1,1,52,2,53,0" doraHai="130" doraHaiUra="34" who="3" fromWho="2" sc="245,0,474,0,89,-83,162,113" /><INIT seed="3,3,0,5,4,34" ten="245,474,6,275" oya="3" hai0="65,83,71,52,38,21,17,91,70,124,93,12,60" hai1="59,25,27,46,14,36,106,109,62,75,18,4,84" hai2="89,126,39,35,130,56,11,43,55,76,108,88,32" hai3="47,19,85,110,132,86,125,24,26,114,116,115,1"/><W48/><G116/><T58/><D38/><U94/><E75/><V118/><F108/><W82/><G110/><T53/><D124/><U8/><E109/><V120/><F126/><W97/><G125/><T63/><D83/><U44/><E106/><V134/><F118/><W41/><G132/><T102/><D102/><U66/><E36/><V103/><F134/><W69/><G69/><T127/><D127/><U54/><E66/><V135/><F135/><W92/><G19/><T45/><D45/><N who="1" m="17515" /><E18/><V104/><F43/><W37/><G37/><T16/><D17/><U95/><E84/><V133/><F39/><W57/><G57/><T9/><D9/><U5/><E4/><V28/><F133/><W31/><G86/><T73/><D73/><U74/><E74/><V7/><F130/><W101/><G1/><T111/><D111/><U72/><E72/><V131/><F120/><W20/><REACH who="3" step="1"/><G24/><AGARI ba="3,0" hai="5,8,14,24,25,27,54,59,62,94,95" m="17515" machi="24" ten="30,1000,0" yaku="8,1" doraHai="34" who="1" fromWho="3" sc="245,0,474,19,6,0,275,-19" /><INIT seed="4,0,0,4,4,105" ten="245,493,6,256" oya="0" hai0="47,84,134,3,0,37,73,32,81,111,110,95,106" hai1="93,69,6,51,50,119,26,82,70,131,44,88,121" hai2="33,117,12,2,40,86,22,97,91,36,17,9,75" hai3="79,18,4,60,64,72,83,113,23,96,80,11,55"/><T34/><D106/><U19/><E121/><V46/><F97/><W41/><G113/><T78/><D134/><U39/><E39/><V129/><F129/><W122/><G122/><T7/><D95/><U102/><E131/><V87/><F117/><W100/><G55/><T52/><D84/><U71/><E119/><V1/><F33/><W54/><G54/><T132/><D132/><U76/><E6/><V92/><F75/><W49/><G49/><T38/><D52/><U16/><E102/><V59/><F59/><W8/><G41/><N who="0" m="22959" /><D38/><U66/><E66/><V21/><F21/><W123/><G83/><T28/><D28/><U120/><E120/><V77/><F77/><W53/><G53/><T133/><D133/><U24/><E51/><V130/><F130/><W126/><G123/><T43/><D43/><U62/><E62/><V5/><F86/><W99/><G99/><T109/><D0/><AGARI ba="0,0" hai="0,1,2,5,9,12,17,22,36,40,46,87,91,92" machi="0" ten="30,1000,0" yaku="7,1" doraHai="105" who="2" fromWho="0" sc="245,-10,493,0,6,10,256,0" /><INIT seed="5,0,0,1,5,113" ten="235,493,16,256" oya="1" hai0="88,105,103,69,31,12,118,32,26,96,48,120,74" hai1="109,0,22,60,84,64,87,128,127,54,83,15,129" hai2="59,98,104,42,65,66,37,17,111,95,29,117,100" hai3="92,14,76,106,62,94,6,7,33,71,21,25,101"/><U78/><E0/><V90/><F111/><W131/><G76/><T43/><D120/><U23/><E109/><V75/><F75/><W11/><G6/><T133/><D74/><U112/><E112/><V119/><F29/><N who="3" m="19631" /><G21/><T85/><D133/><U81/><E127/><V126/><F126/><W132/><G132/><T125/><D125/><U58/><E54/><V102/><F17/><W28/><G28/><T82/><D69/><U123/><E123/><V114/><F114/><W134/><G134/><T70/><D70/><U46/><E46/><V130/><F130/><N who="1" m="50281" /><E15/><V77/><F77/><AGARI ba="0,0" hai="22,23,58,60,64,77,78,81,83,84,87" m="50281" machi="77" ten="30,1500,0" yaku="19,1" doraHai="113" who="1" fromWho="2" sc="235,0,493,15,16,-15,256,0" /><INIT seed="5,1,0,4,2,64" ten="235,508,1,256" oya="1" hai0="68,16,126,130,104,5,13,67,128,35,127,99,45" hai1="123,28,58,97,91,133,62,92,61,135,47,23,80" hai2="43,59,122,46,65,107,27,120,106,42,72,90,131" hai3="117,73,30,41,6,118,98,70,84,51,100,69,108"/><U39/><E123/><V119/><F119/><N who="3" m="45579" /><G73/><T29/><D45/><U24/><E80/><V83/><F131/><N who="0" m="50218" /><D99/><U93/><E92/><V0/><F0/><W54/><G41/><T1/><D104/><U94/><E94/><V12/><F27/><W78/><G108/><T34/><D67/><U38/><E47/><V50/><F42/><W66/><G66/><T3/><D68/><N who="3" m="26217" /><G84/><T129/><D129/><U4/><E4/><V77/><F12/><W85/><G85/><T112/><D112/><U55/><E62/><N who="2" m="38111" /><F90/><W21/><G78/><T105/><D105/><U25/><E25/><V111/><F111/><W2/><G98/><T20/><D29/><U44/><E44/><V22/><F22/><W33/><G100/><T115/><D115/><U9/><E9/><V60/><F60/><W109/><G109/><T102/><D102/><U113/><E113/><V14/><F14/><W19/><G30/><T11/><D3/><U63/><E63/><V53/><F53/><W121/><G121/><T124/><AGARI ba="1,0" hai="1,5,11,13,16,20,34,35,124,126,127" m="50218" machi="124" ten="40,8000,1" yaku="18,1,19,1,34,2,54,1" doraHai="64" who="0" fromWho="0" sc="235,83,508,-41,1,-21,256,-21" owari="318,12.0,467,56.0,-20,-52.0,235,-16.0" /></mjloggm>