<mjloggm ver="2.3"><GO type="169" lobby="0"/><UN n0="%70%70%61%61%6F%6F" n1="%23%37%34%E5%A4%A7%E6%B2%BB%E9%83%8E" n2="%68%61%79%61%74%6F%E2%98%86" n3="%EF%BC%93%EF%BD%90%E3%81%8C%E3%83%84%E3%83%A2%E3%82%8C%E3%81%AA%E3%81%84" dan="16,16,17,17" rate="2119.81,2104.69,2184.39,2228.64" sx="M,M,M,M"/><TAIKYOKU oya="0"/><INIT seed="0,0,0,0,5,10" ten="250,250,250,250" oya="0" hai0="19,124,46,106,27,52,84,48,130,61,6,78,85" hai1="63,59,100,119,55,1,60,75,120,42,53,79,126" hai2="16,67,90,125,37,96,50,36,32,25,35,97,5" hai3="135,31,44,11,64,49,56,117,94,58,87,112,51"/><T83/><D124/><U23/><E120/><V93/><F5/><W89/><G112/><T2/><D130/><U33/><E33/><V7/><F7/><W115/><G115/><T20/><D106/><U99/><E1/><V77/><F77/><W8/><G117/><T105/><D105/><U127/><E119/><V133/><F133/><W70/><G70/><T29/><D2/><U9/><E42/><V43/><F125/><N who="1" m="47625" /><E9/><V72/><F72/><W22/><G135/><T104/><D104/><N who="1" m="63519" /><E23/><V118/><F118/><W95/><G22/><T101/><D101/><U134/><E134/><V122/><F122/><W103/><G103/><T12/><D6/><U17/><E17/><V92/><F67/><W113/><G64/><T76/><D61/><N who="1" m="36079" /><E55/><V88/><F50/><W38/><G49/><T62/><D62/><U30/><E30/><V45/><F37/><W57/><G38/><T41/><D41/><U82/><AGARI ba="0,0" hai="60,63,75,79,82" m="36079,63519,47625" machi="82" ten="30,1100,0" yaku="18,1" doraHai="10" who="1" fromWho="1" sc="250,-5,250,11,250,-3,250,-3" /><INIT seed="1,0,0,0,5,10" ten="245,261,247,247" oya="1" hai0="56,49,59,37,68,52,48,80,83,119,2,128,78" hai1="12,133,110,16,122,26,127,20,31,88,85,41,38" hai2="69,73,0,18,51,24,113,109,77,61,93,131,45" hai3="63,58,96,79,60,22,67,14,35,3,62,100,82"/><U55/><E122/><V129/><F0/><W29/><G3/><T13/><D2/><U36/><E133/><V76/><F113/><W87/><G35/><T64/><D119/><U95/><E127/><V7/><F7/><W84/><G84/><T111/><D37/><U47/><E110/><V118/><F118/><W112/><G112/><T105/><D111/><U54/><REACH who="1" step="1"/><E36/><REACH who="1" ten="245,251,247,247" step="2"/><V72/><F109/><W19/><REACH who="3" step="1"/><G29/><REACH who="3" ten="245,251,247,237" step="2"/><T25/><D128/><U101/><E101/><V40/><F129/><W94/><AGARI ba="0,2" hai="14,19,22,58,60,62,63,67,79,82,87,94,96,100" machi="94" ten="20,12000,2" yaku="1,1,2,1,0,1,7,1,8,1,52,1,53,0" doraHai="10" doraHaiUra="135" who="3" fromWho="3" sc="245,-30,251,-60,247,-30,237,140" /><INIT seed="2,0,0,4,5,1" ten="215,191,217,377" oya="2" hai0="65,87,38,57,119,59,7,55,91,98,44,90,64" hai1="61,95,103,102,120,25,93,127,40,73,26,97,27" hai2="67,47,115,99,78,45,134,60,42,94,100,74,6" hai3="36,131,35,62,22,32,14,28,108,5,107,33,118"/><V66/><F115/><W0/><G36/><T30/><D119/><U49/><E73/><V50/><F134/><W52/><G107/><T43/><D30/><U106/><E120/><V110/><F110/><W101/><G101/><T81/><D57/><U58/><E127/><V111/><F111/><W113/><G118/><T21/><D21/><U20/><E106/><V41/><F74/><W23/><G108/><T29/><D29/><U10/><E10/><V132/><F132/><W121/><G121/><T89/><D7/><U133/><E133/><V75/><F75/><W112/><G131/><T128/><D128/><U123/><E123/><V16/><F78/><W68/><G68/><T104/><D104/><U130/><E130/><V69/><F67/><W13/><G52/><T2/><D2/><U31/><E95/><V37/><REACH who="2" step="1"/><F16/><REACH who="2" ten="215,191,207,377" step="2"/><N who="3" m="10511" /><G112/><T135/><D135/><U34/><E34/><V85/><F85/><W114/><G28/><T46/><D65/><N who="1" m="39095" /><E103/><V51/><F51/><W15/><G113/><T24/><D38/><U76/><E76/><V70/><F70/><W129/><G114/><T3/><D64/><U82/><E82/><V8/><F8/><N who="3" m="2087" /><G129/><T125/><D81/><U79/><E79/><V124/><F124/><W77/><G77/><T88/><D125/><U105/><E105/><V54/><F54/><W83/><G83/><T71/><D55/><U53/><E40/><V116/><F116/><W48/><G48/><T80/><D43/><U19/><E19/><V12/><F12/><N who="3" m="4651" /><G23/><T63/><D87/><U96/><E97/><V39/><F39/><W9/><G9/><RYUUKYOKU ba="0,1" sc="215,-30,191,10,207,10,377,10" hai1="20,25,26,27,31,49,53,93,96,102" hai2="6,37,41,42,45,47,50,60,66,69,94,99,100" hai3="32,33,35,62" /><INIT seed="2,1,1,3,5,133" ten="185,201,217,387" oya="2" hai0="55,66,87,119,52,39,31,46,96,111,40,80,10" hai1="50,85,124,82,99,59,60,19,129,70,81,113,121" hai2="74,84,95,98,93,15,122,71,42,54,29,58,83" hai3="91,36,67,101,17,37,41,57,89,45,6,43,49"/><V8/><F122/><W104/><G6/><T86/><D111/><U38/><E38/><V102/><F71/><W88/><G17/><T134/><D134/><U4/><E113/><V35/><F74/><W48/><G104/><T34/><D119/><U97/><E121/><V115/><F115/><W107/><G67/><T30/><D66/><U73/><E73/><V100/><F42/><W68/><G68/><T1/><D86/><U114/><E114/><V61/><F29/><W112/><G112/><T64/><D64/><U2/><E70/><V72/><F35/><W65/><G65/><T130/><D96/><U123/><E123/><V21/><F21/><W18/><G18/><T27/><D31/><U47/><E129/><V69/><F72/><W79/><G79/><T132/><D130/><U12/><E4/><V120/><F69/><W26/><G26/><T51/><D132/><U116/><E2/><V63/><F63/><W105/><G105/><T117/><D117/><U125/><E116/><V92/><F102/><W56/><G101/><T109/><D109/><U108/><E59/><N who="3" m="22602" /><G107/><T23/><D34/><U77/><E60/><V76/><REACH who="2" step="1"/><F120/><REACH who="2" ten="185,201,207,387" step="2"/><W53/><G41/><T90/><D39/><U24/><E108/><V44/><F44/><N who="3" m="27783" /><G36/><T126/><D40/><U11/><E47/><V3/><F3/><W28/><G37/><T13/><D1/><U22/><E22/><V32/><F32/><W16/><G28/><T135/><D135/><U20/><E50/><V103/><F103/><W25/><G49/><T110/><D51/><U0/><E0/><V9/><F9/><RYUUKYOKU ba="1,2" sc="185,-10,201,-10,207,30,387,-10" hai2="8,15,54,58,61,76,83,84,92,93,95,98,100" /><INIT seed="2,2,2,1,5,126" ten="175,191,237,377" oya="2" hai0="14,106,53,98,30,56,107,85,33,67,99,102,29" hai1="117,35,118,89,114,124,34,39,37,32,3,52,108" hai2="9,2,87,24,17,19,70,4,68,7,110,119,104" hai3="127,103,31,10,58,113,5,129,57,88,90,22,16"/><V50/><F119/><W134/><G134/><T48/><D67/><U66/><E114/><V43/><F104/><W100/><G127/><T83/><D33/><U6/><E124/><V92/><F110/><W27/><G113/><T73/><D73/><U63/><E108/><V18/><F24/><W47/><G129/><T65/><D65/><U55/><E89/><N who="3" m="34410" /><G47/><T77/><D14/><U133/><E133/><V93/><F87/><W95/><G31/><T79/><D77/><U44/><E6/><V71/><F7/><W8/><G100/><AGARI ba="2,2" hai="29,30,48,53,56,79,83,85,98,99,100,102,106,107" machi="100" ten="40,1300,0" yaku="9,1" doraHai="126" who="0" fromWho="3" sc="175,39,191,0,237,0,377,-19" /><INIT seed="3,0,0,1,1,97" ten="214,191,237,358" oya="3" hai0="17,32,24,60,65,8,118,21,10,33,122,88,50" hai1="90,77,124,108,47,56,89,15,44,111,55,75,116" hai2="18,34,123,69,93,38,133,14,31,85,92,29,126" hai3="87,114,132,9,59,26,79,2,3,100,20,78,101"/><W121/><G121/><T30/><D122/><U71/><E71/><V68/><F123/><W107/><G114/><T12/><D118/><U48/><E116/><V42/><F42/><W81/><G107/><T6/><D50/><U63/><E124/><V57/><F38/><W110/><G132/><T95/><D60/><U35/><E35/><V11/><F126/><W67/><G110/><N who="1" m="42026" /><E15/><V58/><F133/><W62/><G78/><T106/><D65/><N who="1" m="39143" /><E44/><V23/><F34/><W83/><G83/><AGARI ba="0,0" hai="47,48,55,75,77,83,89,90" m="39143,42026" machi="83" ten="30,1000,0" yaku="14,1" doraHai="97" who="1" fromWho="3" sc="214,0,191,10,237,0,358,-10" /><INIT seed="4,0,0,4,0,1" ten="214,201,237,348" oya="0" hai0="26,102,82,0,93,116,115,24,31,123,32,52,34" hai1="61,84,33,66,6,135,10,42,92,98,13,112,27" hai2="100,2,108,44,97,121,63,130,117,76,86,39,90" hai3="17,19,65,23,103,45,126,72,5,127,15,50,64"/><T70/><D116/><U3/><E135/><V122/><F117/><W83/><G103/><T134/><D123/><U11/><E42/><V114/><F76/><N who="3" m="44423" /><G17/><T129/><D134/><U18/><E84/><V38/><F114/><W4/><G64/><T53/><D129/><U111/><E111/><V77/><F77/><W14/><G65/><T54/><D70/><U67/><E112/><V46/><F63/><W101/><G14/><T118/><D118/><U119/><E119/><V47/><F130/><W120/><G101/><T37/><D115/><U107/><E107/><V41/><F108/><W75/><G75/><T7/><D37/><U29/><REACH who="1" step="1"/><E61/><REACH who="1" ten="214,191,237,348" step="2"/><V131/><F131/><W81/><G120/><T62/><D62/><U9/><E9/><V109/><F109/><W79/><G126/><T51/><D82/><U94/><E94/><V16/><F121/><W95/><G95/><T113/><D113/><U80/><E80/><V22/><F122/><W104/><G104/><T71/><D51/><U89/><AGARI ba="0,1" hai="3,6,10,11,13,18,27,29,33,66,67,89,92,98" machi="89" ten="20,5200,0" yaku="1,1,0,1,7,1,52,1,53,0" doraHai="1" doraHaiUra="78" who="1" fromWho="1" sc="214,-26,191,62,237,-13,348,-13" /><INIT seed="5,0,0,4,5,3" ten="188,253,224,335" oya="1" hai0="50,4,51,88,35,83,104,37,133,72,27,20,93" hai1="12,7,39,135,94,16,31,60,62,38,48,125,71" hai2="128,2,45,42,132,116,117,85,118,77,67,91,90" hai3="65,98,13,76,47,99,55,96,36,87,43,69,124"/><U115/><E115/><V70/><F2/><W26/><G124/><T120/><D37/><U59/><E125/><V63/><F128/><W34/><G13/><T92/><D104/><U123/><E123/><V86/><F132/><W102/><G55/><T9/><D133/><U106/><E106/><V1/><F1/><W95/><G76/><T81/><D35/><U8/><E135/><V97/><F97/><W114/><G87/><T82/><D72/><U18/><E71/><V54/><F54/><W75/><G75/><T80/><D120/><U130/><E130/><V0/><F0/><W33/><G114/><T58/><N who="0" m="20480" /><DORA hai="57" /><T105/><D105/><U40/><E39/><V84/><REACH who="2" step="1"/><F77/><REACH who="2" ten="188,253,214,335" step="2"/><W111/><G98/><T30/><D93/><U78/><E78/><V10/><F10/><W53/><G96/><N who="0" m="57351" /><D58/><U107/><E107/><V126/><F126/><W15/><G95/><T28/><D28/><U112/><E112/><V23/><F23/><W22/><G22/><T109/><D109/><U5/><E31/><V103/><F103/><W6/><G102/><T64/><D64/><U110/><E110/><V17/><F17/><W122/><G65/><T25/><D9/><U134/><E134/><V127/><F127/><W129/><G111/><T14/><D20/><U73/><E94/><V121/><F121/><W44/><G122/><T66/><D66/><U68/><E18/><V21/><F21/><W49/><G129/><T46/><D30/><U11/><E8/><V32/><F32/><W41/><G33/><T101/><D101/><U74/><E11/><V113/><F113/><RYUUKYOKU ba="0,1" sc="188,-10,253,-10,214,30,335,-10" hai2="42,45,63,67,70,84,85,86,90,91,116,117,118" /><INIT seed="6,1,1,5,0,125" ten="178,243,244,325" oya="2" hai0="71,21,57,12,60,122,95,11,9,98,66,131,55" hai1="48,16,43,116,33,49,31,75,81,5,17,109,96" hai2="88,86,18,47,69,92,37,130,102,58,4,100,72" hai3="119,3,51,103,97,19,80,6,132,42,44,63,79"/><V87/><F69/><W24/><G119/><T90/><D122/><U114/><E116/><V15/><F72/><W40/><G132/><T61/><D131/><U64/><E109/><V41/><F4/><W68/><G40/><T14/><REACH who="0" step="1"/><D21/><REACH who="0" ten="168,243,244,325" step="2"/><U10/><E114/><V105/><F130/><W67/><G3/><T133/><D133/><U54/><E10/><AGARI ba="1,2" hai="9,10,11,12,14,55,57,60,61,66,71,90,95,98" machi="10" ten="40,1300,0" yaku="1,1,53,0" doraHai="125" doraHaiUra="129" who="0" fromWho="1" sc="168,36,243,-16,244,0,325,0" /><INIT seed="7,0,0,5,1,92" ten="204,227,244,325" oya="3" hai0="120,36,18,61,117,99,0,115,74,84,28,24,35" hai1="123,53,58,66,87,56,77,85,106,41,96,67,22" hai2="82,27,4,49,12,100,133,88,25,50,70,111,131" hai3="7,124,5,129,40,9,75,11,21,51,38,43,8"/><W64/><G75/><T59/><D74/><U95/><E106/><V71/><F111/><W30/><G38/><T114/><D117/><U31/><E123/><V6/><F100/><W121/><G121/><T48/><D120/><U3/><E3/><V102/><F102/><W132/><G132/><T108/><D108/><U125/><E125/><V73/><F12/><W135/><G135/><T17/><D36/><U93/><E41/><V45/><F133/><W23/><G129/><T2/><D48/><U15/><E77/><V90/><F73/><W130/><G130/><T55/><D84/><N who="1" m="32331" /><E95/><V72/><F72/><W44/><G124/><T26/><D99/><U122/><E122/><V80/><F45/><W32/><G32/><T107/><D107/><U19/><E31/><V34/><F34/><W39/><G30/><T14/><D26/><U20/><E20/><N who="3" m="7754" /><G39/><T57/><D57/><N who="1" m="22123" /><E53/><V69/><REACH who="2" step="1"/><F70/><REACH who="2" ten="204,227,234,325" step="2"/><W16/><G44/><T113/><D14/><U81/><E81/><V54/><F54/><W103/><G40/><T118/><D118/><U76/><E76/><V29/><F29/><W94/><G43/><T109/><D109/><U65/><E67/><V127/><F127/><W83/><G64/><T110/><D110/><U13/><E15/><V78/><F78/><W79/><G79/><T134/><D134/><U33/><E33/><V60/><F60/><W52/><G83/><T68/><D68/><U97/><E65/><V91/><F91/><W37/><G52/><T10/><D0/><U98/><E66/><V101/><F101/><W86/><G103/><T42/><D42/><RYUUKYOKU ba="0,1" sc="204,10,227,10,234,10,325,-30" hai0="2,10,17,18,24,28,35,55,59,61,113,114,115" hai1="13,19,22,93,96,97,98" hai2="4,6,25,27,49,50,69,71,80,82,88,90,131" /><INIT seed="8,1,1,1,1,53" ten="214,237,244,295" oya="0" hai0="97,63,27,86,31,73,76,65,19,90,107,64,77" hai1="51,45,17,106,105,49,87,83,7,122,95,82,32" hai2="110,23,47,52,6,0,80,101,68,96,60,8,3" hai3="18,115,135,94,54,85,41,88,134,128,111,36,121"/><T119/><D119/><U4/><E32/><V22/><F110/><W28/><G111/><T15/><D73/><U114/><E95/><V16/><F3/><W71/><G115/><T103/><D64/><U89/><E114/><V116/><F116/><W102/><G128/><T123/><D123/><U43/><E122/><V91/><F23/><W112/><G112/><T39/><D39/><U57/><E17/><V35/><F35/><W118/><G118/><T69/><D27/><U92/><E106/><V40/><F91/><W42/><G121/><T34/><D31/><U62/><E105/><V48/><F80/><N who="1" m="30761" /><E51/><V125/><F125/><W20/><G28/><T100/><D100/><U99/><E99/><V67/><F40/><W66/><G102/><T104/><D104/><U56/><E56/><V2/><F2/><W79/><G36/><T33/><D33/><U74/><E74/><V113/><F113/><W30/><G30/><T9/><REACH who="0" step="1"/><D34/><REACH who="0" ten="204,237,244,295" step="2"/><U46/><E46/><V12/><F101/><W1/><G66/><AGARI ba="1,2" hai="4,7,43,45,49,57,62,66,87,89,92" m="30761" machi="66" ten="30,2000,0" yaku="8,1,52,1" doraHai="53" who="1" fromWho="3" sc="204,0,237,43,244,0,295,-23" /><INIT seed="9,0,0,4,4,85" ten="204,280,244,272" oya="1" hai0="63,27,83,7,13,53,114,122,47,54,100,121,16" hai1="116,17,33,32,96,6,68,19,66,39,1,67,78" hai2="118,60,30,25,2,3,104,64,26,115,52,22,38" hai3="71,51,92,0,34,112,24,73,111,84,86,80,29"/><U15/><E116/><V98/><F38/><W69/><G111/><T106/><D114/><U91/><E39/><V89/><F118/><W56/><G112/><T10/><D106/><U81/><E1/><V5/><F115/><W134/><G0/><T103/><D83/><U59/><E68/><V113/><F113/><W9/><G134/><T126/><D126/><U50/><E33/><V75/><F75/><W79/><G9/><T128/><D128/><U97/><E32/><V36/><F36/><W87/><G92/><T93/><D54/><N who="1" m="32215" /><E6/><V48/><F5/><W105/><G105/><T123/><D93/><N who="1" m="56383" /><E97/><V49/><F49/><W125/><G125/><T94/><D94/><U108/><E108/><V40/><F40/><W124/><G124/><T14/><D27/><U28/><E28/><V133/><F25/><W45/><G69/><T70/><D70/><U55/><E55/><V90/><F133/><W110/><G71/><T42/><D53/><U130/><E130/><V21/><F3/><W132/><G110/><T46/><D63/><U82/><E19/><V11/><F2/><W58/><G132/><T127/><D127/><U135/><E135/><V77/><F104/><W76/><G76/><T37/><REACH who="0" step="1"/><D46/><REACH who="0" ten="194,280,244,272" step="2"/><U43/><E43/><V12/><F26/><W20/><G34/><T31/><D31/><U61/><E61/><V109/><F30/><W65/><G65/><N who="1" m="24586" /><E78/><V72/><F77/><W129/><G129/><T131/><D131/><U44/><E44/><V120/><F109/><W74/><G74/><T119/><D119/><U88/><E88/><V62/><F89/><RYUUKYOKU ba="0,1" sc="194,10,280,10,244,-30,272,10" hai0="7,10,13,14,16,37,42,47,100,103,121,122,123" hai1="15,17,81,82" hai3="20,24,29,45,51,56,58,73,79,80,84,86,87" /><INIT seed="9,1,1,0,5,67" ten="204,290,214,282" oya="1" hai0="87,22,37,103,50,117,4,12,63,32,18,100,45" hai1="27,96,112,11,88,115,83,114,105,43,54,57,60" hai2="78,104,70,97,124,3,34,121,84,68,20,6,21" hai3="47,123,9,38,42,66,53,126,24,52,98,82,62"/><U101/><E43/><V74/><F121/><W93/><G123/><T91/><D32/><U59/><E27/><V0/><F84/><W46/><G126/><T127/><D127/><U131/><E131/><V81/><F124/><W10/><G82/><N who="0" m="49655" /><D117/><U13/><E59/><V99/><F20/><W80/><G80/><T119/><D119/><U15/><E11/><N who="2" m="2503" /><F99/><W65/><G24/><T7/><D63/><U90/><REACH who="1" step="1"/><E83/><REACH who="1" ten="204,280,214,282" step="2"/><V125/><F125/><W44/><G9/><T2/><D37/><U130/><E130/><V102/><F21/><W133/><G10/><T25/><D2/><U55/><E55/><V109/><F3/><W72/><G38/><T95/><D95/><U26/><E26/><V56/><F56/><W111/><G42/><N who="0" m="24887" /><D25/><U71/><E71/><N who="2" m="27179" /><F109/><W8/><G111/><T40/><D40/><U35/><E35/><AGARI ba="1,2" hai="34,35,74,78,81,97,102,104" m="27179,2503" machi="35" ten="30,8000,1" yaku="33,2,52,3" doraHai="67" who="2" fromWho="1" sc="204,0,280,-83,214,103,282,0" owari="204,-20.0,197,-30.0,317,42.0,282,8.0" /></mjloggm>