<mjloggm ver="2.3"><GO type="169" lobby="0"/><UN n0="%E7%81%B0%E5%8E%9F%E5%93%80" n1="%E6%96%B0%E7%94%9F%E3%81%8F%E3%81%95%E3%82%8A%E3%82%93" n2="%68%61%79%61%74%6F%E2%98%86" n3="%E5%B0%8F%E6%B1%A0%E5%BE%B9%E5%B9%B3" dan="16,16,17,18" rate="2073.09,2089.72,2190.67,2182.09" sx="F,F,M,M"/><TAIKYOKU oya="0"/><INIT seed="0,0,0,3,2,106" ten="250,250,250,250" oya="0" hai0="37,27,62,77,9,130,52,30,39,111,16,1,71" hai1="104,76,51,57,100,8,94,50,54,45,40,74,126" hai2="120,70,114,21,133,102,3,35,25,108,112,97,67" hai3="49,90,103,89,56,34,66,95,78,41,127,85,42"/><T14/><D130/><U88/><E126/><V116/><F3/><W82/><G34/><T0/><D77/><U119/><E119/><V107/><F120/><W5/><G127/><T12/><D12/><U110/><E110/><V115/><F116/><W64/><G5/><T125/><D125/><U84/><E104/><V28/><F133/><W93/><G103/><T24/><D24/><U113/><E113/><V92/><F21/><W43/><G49/><T10/><D10/><U91/><E100/><V2/><F92/><N who="3" m="35403" /><G56/><T129/><D129/><U13/><E91/><AGARI ba="0,0" hai="41,42,43,64,66,78,82,85,89,90,91" m="35403" machi="91" ten="30,1000,0" yaku="8,1" doraHai="106" who="3" fromWho="1" sc="250,0,250,-10,250,0,250,10" /><INIT seed="1,0,0,4,5,26" ten="250,240,250,260" oya="1" hai0="14,15,0,2,35,95,24,121,49,40,119,94,109" hai1="115,43,60,125,30,128,91,83,31,51,11,18,90" hai2="38,133,23,34,111,105,74,75,59,47,112,78,135" hai3="37,20,9,118,42,22,108,129,70,93,113,33,101"/><U5/><E115/><V68/><F34/><W62/><G113/><T73/><D73/><U8/><E128/><V99/><F68/><W106/><G93/><T12/><D119/><U126/><E60/><V132/><F112/><W25/><G9/><N who="1" m="3658" /><E18/><V48/><F23/><W4/><G4/><T124/><D124/><N who="1" m="47723" /><E5/><V81/><F111/><W63/><G62/><T79/><D109/><U87/><E91/><V77/><F38/><W131/><G37/><T85/><D121/><U19/><E19/><V100/><F59/><W55/><G63/><T110/><D110/><U86/><E86/><V65/><F65/><W10/><G108/><T41/><D85/><U98/><E98/><V7/><F7/><W17/><G17/><T39/><D39/><U3/><E3/><V29/><F77/><W104/><G129/><T72/><D72/><U36/><E36/><V116/><F75/><W76/><G131/><T6/><D79/><U82/><E82/><V45/><F116/><W21/><G76/><T134/><D6/><U61/><E61/><V122/><F122/><W57/><G118/><T53/><D0/><U54/><E43/><V46/><F48/><W114/><G42/><T67/><D2/><U52/><E54/><V103/><F103/><W84/><G101/><T107/><D40/><U127/><N who="1" m="47731" /><U44/><AGARI ba="0,0" hai="30,31,44,51,52,83,87,90" m="47731,3658" machi="44" ten="40,12000,1" yaku="4,1,18,1,52,2,54,1" doraHai="26" who="1" fromWho="1" sc="250,-40,240,120,250,-40,260,-40" /><INIT seed="1,1,0,3,1,14" ten="210,360,210,220" oya="1" hai0="31,73,100,16,62,59,53,127,39,111,87,69,48" hai1="108,96,118,91,115,5,134,19,89,36,63,42,60" hai2="61,64,110,90,49,9,26,27,81,135,133,33,25" hai3="2,129,46,8,95,51,123,132,34,20,54,28,86"/><U116/><E115/><V106/><F106/><W92/><G123/><T103/><D73/><U98/><E134/><N who="2" m="51211" /><F110/><W104/><G132/><T29/><D111/><U66/><E5/><V21/><F49/><W12/><G104/><T57/><D39/><U126/><E42/><V99/><F33/><W40/><G129/><T74/><D69/><U76/><E66/><V1/><F9/><W82/><G34/><T130/><D74/><U41/><E41/><V85/><F99/><W43/><G2/><T114/><D114/><U72/><E72/><V109/><F1/><W77/><G43/><T79/><D130/><U112/><E112/><V83/><F83/><W117/><G117/><T119/><D119/><U58/><E36/><V80/><F81/><W120/><G120/><T113/><D113/><U3/><E3/><V52/><F109/><W70/><G70/><T4/><D4/><U50/><E50/><V75/><F75/><W55/><G28/><T24/><D127/><U68/><E126/><V30/><F52/><N who="3" m="20011" /><G20/><N who="0" m="13319" /><D48/><U13/><E68/><AGARI ba="1,0" hai="21,25,26,27,30,61,64,68,80,85,90" m="51211" machi="68" ten="30,1000,0" yaku="20,1" doraHai="14" who="2" fromWho="1" sc="210,0,360,-13,210,13,220,0" /><INIT seed="2,0,0,0,2,1" ten="210,347,223,220" oya="2" hai0="55,38,110,26,69,73,103,47,63,113,24,107,6" hai1="17,95,2,15,31,4,83,91,120,30,10,66,77" hai2="90,98,117,52,29,42,56,46,51,121,74,58,67" hai3="84,89,62,128,94,82,64,118,88,111,112,97,75"/><V101/><F117/><W134/><G118/><T14/><D73/><U71/><E120/><V60/><F74/><W96/><G111/><T106/><D110/><U116/><E116/><V135/><F135/><W33/><G134/><T114/><D38/><U49/><E71/><V57/><F121/><W18/><G128/><T16/><D69/><U5/><E66/><V123/><F123/><W45/><G33/><T43/><D43/><U102/><E102/><V133/><F133/><W20/><G112/><T54/><D103/><U93/><E93/><V65/><F29/><N who="1" m="10761" /><E83/><V7/><F90/><W22/><G75/><T109/><D109/><U85/><E77/><V40/><F7/><N who="1" m="2633" /><E2/><V50/><F98/><W25/><G96/><T129/><D129/><U80/><E80/><V132/><F101/><W27/><G64/><T12/><D113/><U86/><E49/><V92/><F92/><W9/><G82/><T44/><D114/><U108/><E108/><V76/><F76/><W32/><G94/><T119/><D119/><U39/><E39/><V122/><F122/><W127/><G89/><T59/><D107/><U100/><E100/><V13/><F132/><W104/><G88/><T61/><D106/><U81/><E81/><V37/><F37/><W3/><G3/><T70/><D70/><U21/><E21/><V19/><F65/><W23/><G23/><T34/><D6/><U125/><E125/><V36/><F36/><W131/><G127/><T8/><D34/><U53/><E53/><N who="2" m="31935" /><F46/><W115/><G45/><T48/><D44/><U126/><E126/><V124/><F124/><RYUUKYOKU ba="0,0" sc="210,-15,347,15,223,15,220,-15" hai1="10,15,17,85,86,91,95" hai2="13,19,40,42,50,52,56,58,60,67" /><INIT seed="2,1,0,0,1,53" ten="195,362,238,205" oya="2" hai0="105,80,76,25,134,129,78,130,6,28,43,92,34" hai1="90,122,87,127,0,86,79,131,96,74,135,24,51" hai2="95,9,88,45,125,4,20,94,23,22,56,66,123" hai3="126,11,30,33,84,128,58,10,65,7,121,101,8"/><V118/><F123/><W114/><G121/><T17/><D105/><U18/><E0/><V132/><F118/><W60/><G126/><T40/><D6/><U16/><E127/><V26/><F125/><W52/><G128/><N who="0" m="49259" /><D134/><U55/><E135/><V47/><F132/><W100/><G114/><T67/><D67/><U119/><E119/><V106/><F94/><W133/><G133/><T75/><D78/><U37/><E37/><V29/><F106/><W73/><G73/><T57/><D17/><U116/><E116/><V12/><F26/><W42/><G42/><N who="0" m="15915" /><D92/><N who="1" m="56343" /><E74/><V124/><F29/><W70/><G7/><T81/><D81/><N who="1" m="47423" /><E122/><V72/><F72/><W107/><G107/><T63/><D63/><U120/><E120/><V110/><F124/><W109/><G30/><T82/><D82/><U41/><E41/><V48/><F110/><W1/><G109/><T69/><D69/><U14/><E131/><V113/><F113/><W46/><G1/><T104/><D104/><U102/><E102/><V32/><F32/><W39/><G33/><T27/><D27/><U36/><E24/><V71/><F71/><W93/><G70/><T112/><D112/><U115/><E115/><V111/><F111/><W13/><G13/><T31/><D31/><U91/><E14/><V2/><F2/><W38/><G38/><T21/><D21/><U62/><E62/><N who="2" m="38215" /><F48/><N who="3" m="28695" /><G39/><T54/><D54/><U85/><E36/><V68/><F68/><W5/><G5/><T35/><D35/><U99/><E55/><V59/><F4/><W50/><G50/><T15/><D15/><U44/><E51/><RYUUKYOKU ba="1,0" sc="195,15,362,-15,238,-15,205,15" hai0="25,28,34,57,75,76,80" hai3="8,10,11,58,60,65,84,93,100,101" /><INIT seed="3,2,0,4,2,73" ten="210,347,223,220" oya="3" hai0="13,21,35,58,26,0,101,72,86,95,92,82,67" hai1="93,83,117,127,76,37,114,19,107,98,84,75,8" hai2="96,85,74,120,80,11,43,87,55,41,121,2,1" hai3="68,77,64,42,30,59,38,69,45,25,23,126,63"/><W119/><G119/><T94/><D0/><U53/><E37/><V61/><F96/><W52/><G126/><T32/><D72/><U17/><E53/><V62/><F80/><W90/><G90/><T100/><D13/><U50/><E50/><V15/><F74/><W48/><REACH who="3" step="1"/><G77/><REACH who="3" ten="210,347,223,210" step="2"/><N who="0" m="46415" /><D35/><U110/><E127/><V128/><F128/><W18/><G18/><N who="0" m="12599" /><D32/><U88/><E117/><V3/><F120/><W46/><AGARI ba="2,1" hai="23,25,30,38,42,45,46,48,52,59,63,64,68,69" machi="46" ten="20,7800,0" yaku="1,1,0,1,7,1,54,1,53,0" doraHai="73" doraHaiUra="106" who="3" fromWho="3" sc="210,-28,347,-28,223,-28,210,94" /><INIT seed="3,3,0,1,4,119" ten="182,319,195,304" oya="3" hai0="87,27,55,32,84,33,135,71,64,6,3,10,88" hai1="29,8,106,111,43,67,56,92,70,17,54,12,100" hai2="36,108,105,68,129,134,49,103,4,69,99,52,110" hai3="7,81,122,23,46,42,126,116,40,34,9,26,51"/><W2/><G116/><T130/><D130/><U79/><E106/><V58/><F36/><W45/><G126/><T80/><D135/><U83/><E111/><N who="2" m="42539" /><F134/><W66/><G66/><T98/><D98/><U60/><E43/><V53/><F129/><W5/><G5/><T16/><D55/><U123/><E29/><V109/><N who="2" m="42547" /><V113/><DORA hai="21" /><F113/><W107/><G107/><T62/><REACH who="0" step="1"/><D84/><REACH who="0" ten="172,319,195,304" step="2"/><N who="1" m="48255" /><E54/><V132/><F132/><W131/><G131/><T18/><D18/><U74/><E17/><V133/><F133/><W59/><G42/><T47/><D47/><U97/><E97/><V65/><F65/><W14/><G45/><T102/><D102/><U96/><E100/><V114/><F114/><W50/><G46/><T118/><D118/><U85/><E96/><V77/><F4/><W11/><G40/><T61/><D61/><U125/><E67/><V1/><F53/><W104/><G7/><T13/><D13/><U128/><E60/><V63/><F1/><W112/><G14/><T38/><D38/><U48/><E12/><V75/><F63/><W120/><G2/><T127/><D127/><U19/><E125/><V121/><F121/><W95/><G120/><T24/><D24/><U37/><E123/><V31/><F99/><W76/><G122/><T124/><D124/><U57/><E37/><V44/><F103/><W0/><G0/><T93/><D93/><U20/><E92/><V73/><F105/><W86/><G104/><T90/><D90/><U89/><E89/><V117/><F117/><W72/><G95/><T101/><D101/><U15/><E128/><RYUUKYOKU ba="3,1" sc="172,30,319,-10,195,-10,304,-10" hai0="3,6,10,16,27,32,33,62,64,71,80,87,88" /><INIT seed="4,4,1,1,5,17" ten="202,309,185,294" oya="0" hai0="75,72,130,43,135,38,120,125,123,15,124,25,28" hai1="42,52,55,21,82,5,66,73,108,53,93,58,74" hai2="127,77,18,1,7,4,103,119,30,20,96,68,29" hai3="47,45,114,46,3,104,62,79,6,95,112,57,126"/><T90/><D38/><U54/><E108/><V91/><F68/><W111/><G104/><T23/><D43/><U113/><E113/><N who="3" m="43626" /><G111/><T44/><D44/><U61/><E42/><V85/><F119/><W84/><G126/><N who="0" m="48747" /><D135/><U106/><E106/><V97/><F127/><W70/><G70/><T49/><D49/><U81/><E5/><N who="2" m="2123" /><F77/><W59/><G62/><T83/><D130/><U132/><E132/><V117/><F1/><W34/><G34/><T109/><D109/><U99/><E74/><N who="0" m="28201" /><D15/><U80/><E73/><V98/><F103/><W10/><G79/><T12/><D12/><U121/><E121/><V67/><F67/><W122/><G122/><N who="0" m="46635" /><D90/><AGARI ba="4,1" hai="3,6,10,45,46,47,57,59,84,90,95" m="43626" machi="90" ten="30,1000,0" yaku="15,1" doraHai="17" who="3" fromWho="0" sc="202,-22,309,0,185,0,294,32" /><INIT seed="5,0,0,2,5,117" ten="180,309,185,326" oya="1" hai0="99,29,14,69,49,110,13,70,56,79,126,106,55" hai1="7,101,128,30,11,23,66,132,73,8,26,82,105" hai2="88,85,39,90,52,108,81,19,31,67,45,129,127" hai3="123,34,120,4,20,115,5,63,38,27,21,124,93"/><U1/><E132/><V98/><F108/><W25/><G38/><T35/><D110/><U58/><E128/><V17/><F127/><W33/><G93/><T9/><D126/><U103/><E11/><V86/><F129/><W68/><G63/><T10/><D79/><U113/><E113/><V0/><F0/><W84/><G84/><T96/><D29/><U121/><E121/><N who="3" m="46666" /><G68/><T16/><D35/><N who="3" m="13321" /><G124/><T71/><REACH who="0" step="1"/><D106/><REACH who="0" ten="170,309,185,326" step="2"/><U72/><E105/><V114/><F31/><N who="3" m="17831" /><G115/><T76/><D76/><U125/><E125/><V43/><F114/><W100/><G100/><T131/><D131/><U59/><E101/><V119/><F119/><W44/><G44/><T42/><D42/><U107/><E103/><V134/><F134/><W111/><G111/><T36/><D36/><U65/><E107/><V28/><F28/><AGARI ba="0,1" hai="4,5,21,27,28" m="17831,13321,46666" machi="28" ten="30,8000,1" yaku="34,2,52,3" doraHai="117" who="3" fromWho="2" sc="170,0,309,0,185,-80,326,90" /><INIT seed="6,0,0,0,5,77" ten="170,309,105,416" oya="2" hai0="134,112,9,50,107,33,108,43,40,133,6,98,124" hai1="46,56,58,100,25,59,68,89,80,74,53,109,34" hai2="26,21,93,79,1,104,88,44,7,35,78,22,128" hai3="5,76,86,61,8,36,84,47,16,132,116,29,103"/><V14/><F104/><W130/><G116/><T19/><D108/><U23/><E109/><V115/><F115/><W110/><G110/><T42/><D33/><U122/><E68/><V75/><F128/><W135/><G29/><T97/><D112/><U118/><E118/><V41/><F1/><W10/><G103/><T91/><D124/><U120/><E34/><V123/><F123/><N who="1" m="47145" /><E100/><V31/><F7/><W114/><G61/><T0/><D50/><N who="1" m="30775" /><E46/><V71/><F71/><W67/><G47/><T70/><D70/><U66/><E66/><V3/><F3/><W101/><G101/><T18/><D107/><U30/><E89/><V52/><F75/><W17/><G67/><T81/><D19/><U85/><E85/><N who="2" m="52367" /><F41/><W83/><G114/><T129/><D129/><U37/><E37/><V38/><F35/><W125/><G36/><T69/><D69/><U13/><E13/><V96/><F96/><W51/><G130/><T12/><D97/><U82/><E74/><V49/><F38/><W72/><G72/><T73/><D98/><U4/><E4/><V39/><F39/><W127/><G5/><T106/><D106/><U62/><E62/><V60/><F60/><W63/><G63/><T48/><D48/><U87/><E87/><V54/><F54/><W117/><G117/><T27/><D91/><U126/><E126/><V57/><F44/><W24/><G125/><T95/><D0/><U65/><E65/><V105/><F105/><W45/><G45/><T113/><D113/><U121/><N who="1" m="47153" /><U131/><DORA hai="94" /><E131/><V20/><F14/><W11/><G127/><RYUUKYOKU ba="0,0" sc="170,-15,309,15,105,15,416,-15" hai1="23,25,30,58,59,80,82" hai2="20,21,22,26,31,49,52,57,78,79" /><INIT seed="6,1,0,2,0,24" ten="155,324,120,401" oya="2" hai0="67,83,42,81,112,113,103,84,9,70,117,20,87" hai1="86,89,19,54,93,75,16,71,94,36,104,128,28" hai2="14,37,26,50,2,53,22,88,85,34,124,119,46" hai3="55,5,59,10,115,45,123,18,25,122,66,110,38"/><V114/><F119/><W11/><G110/><T56/><D117/><U4/><E104/><V107/><F2/><W17/><G66/><T15/><D70/><U1/><E75/><V131/><F107/><W12/><G115/><N who="0" m="44107" /><D103/><U0/><E36/><V72/><F114/><W8/><G8/><T108/><D42/><U101/><E71/><V3/><F72/><W30/><G45/><T77/><D20/><U44/><E128/><V51/><F3/><W99/><G99/><T95/><D95/><U6/><E0/><V57/><F37/><W76/><G76/><N who="0" m="46119" /><D108/><U47/><E1/><V126/><F14/><W130/><G17/><N who="0" m="8431" /><D56/><U116/><E116/><V7/><F7/><W62/><G55/><T120/><D67/><U65/><E54/><V106/><F34/><W48/><G62/><T35/><D35/><U135/><E65/><V61/><F106/><W40/><G5/><T90/><D120/><U82/><E101/><V74/><F74/><W127/><G12/><T32/><D32/><U63/><E63/><V68/><F68/><W109/><G38/><T29/><D29/><U133/><E28/><N who="2" m="17495" /><F131/><W111/><G130/><T91/><AGARI ba="1,0" hai="77,83,87,90,91" m="8431,46119,44107" machi="91" ten="30,1100,0" yaku="15,1" doraHai="24" who="0" fromWho="0" sc="155,14,324,-4,120,-6,401,-4" /><INIT seed="7,0,0,5,2,116" ten="169,320,114,397" oya="3" hai0="34,56,43,24,70,135,108,10,44,133,73,11,21" hai1="86,111,124,61,77,23,122,67,92,27,4,68,106" hai2="59,123,101,103,37,65,117,5,49,90,36,50,55" hai3="130,25,75,3,39,40,87,33,66,69,132,1,57"/><W109/><G87/><T78/><D70/><U60/><E111/><V2/><F117/><W100/><G57/><T28/><D108/><U134/><E106/><V85/><F65/><W46/><G109/><T7/><D56/><U84/><E124/><V58/><F5/><W91/><G91/><T76/><D34/><U96/><E134/><N who="0" m="51209" /><D73/><U94/><E4/><V95/><F2/><W82/><G100/><T0/><D11/><U54/><E77/><V105/><F105/><W22/><G25/><T52/><D52/><U125/><E125/><V35/><F35/><W81/><G81/><T63/><D63/><U127/><E127/><V89/><F85/><W112/><G39/><AGARI ba="0,0" hai="0,7,10,21,24,28,39,43,44,76,78" m="51209" machi="39" ten="30,1000,0" yaku="20,1" doraHai="116" who="0" fromWho="3" sc="169,10,320,0,114,0,397,-10" owari="179,-22.0,320,12.0,114,-39.0,387,49.0" /></mjloggm>