<mjloggm ver="2.3"><GO type="169" lobby="0"/><UN n0="%E3%83%AD%E3%83%83%E3%83%86%E9%9B%80%EF%BC%84%E6%94%B9" n1="%62%75%7A%7A%77%69%7A" n2="%E3%81%8D%E3%81%A3%E3%81%8F%E3%82%93" n3="%E6%B4%A5%E7%94%B0%E6%B2%BC%E3%81%A3%E5%AD%90" dan="16,17,17,16" rate="2147.27,2120.09,2184.98,2099.10" sx="M,M,M,M"/><TAIKYOKU oya="0"/><INIT seed="0,0,0,5,2,6" ten="250,250,250,250" oya="0" hai0="20,74,32,33,82,132,34,105,40,127,37,45,50" hai1="60,118,126,47,119,18,15,41,95,7,76,122,103" hai2="73,135,104,113,5,57,31,58,80,101,65,67,75" hai3="110,70,92,62,123,81,115,88,28,111,39,108,36"/><T125/><D132/><U129/><E122/><V83/><F113/><W19/><G115/><T100/><D20/><U30/><E126/><N who="0" m="48137" /><D50/><U116/><E129/><V23/><F5/><W64/><G123/><T72/><D82/><U121/><E121/><V48/><F48/><W14/><G28/><T10/><D10/><U69/><E30/><V130/><F101/><W99/><REACH who="3" step="1"/><G81/><REACH who="3" ten="250,250,250,240" step="2"/><T3/><D3/><U51/><E118/><V66/><F31/><W77/><G77/><T114/><D114/><U128/><E76/><V29/><F29/><W38/><G38/><T25/><D25/><U89/><E119/><V43/><F83/><W90/><G90/><T96/><AGARI ba="0,1" hai="32,33,34,37,40,45,72,74,96,100,105" m="48137" machi="96" ten="40,3900,0" yaku="18,1,23,1" doraHai="6" who="0" fromWho="0" sc="250,49,250,-13,250,-13,240,-13" /><INIT seed="0,1,0,2,0,13" ten="299,237,237,227" oya="0" hai0="52,88,62,109,34,77,115,82,90,9,19,67,132" hai1="8,83,17,85,44,86,26,99,122,43,25,18,130" hai2="39,45,24,15,57,48,36,92,95,98,133,102,73" hai3="32,74,58,3,33,12,100,38,0,96,5,14,126"/><T16/><D115/><U114/><E130/><V1/><F73/><W70/><G74/><T76/><D34/><U116/><E116/><V105/><F1/><W87/><G70/><T71/><D132/><U2/><E122/><V81/><F133/><W66/><G38/><T55/><D109/><U42/><E99/><V69/><F69/><W29/><G126/><T37/><D37/><U46/><E2/><V113/><F113/><W94/><G3/><T131/><D131/><U79/><E114/><V28/><F81/><W124/><G0/><T30/><D30/><U101/><E101/><V127/><F15/><W125/><G87/><N who="0" m="50295" /><D71/><U35/><E35/><N who="3" m="13386" /><G29/><T93/><D67/><U89/><E8/><V104/><F57/><W110/><G110/><T7/><D7/><U112/><E112/><V54/><F127/><N who="3" m="48715" /><G5/><T121/><D121/><U120/><E120/><V129/><F129/><W31/><G31/><T22/><D9/><U134/><E134/><V47/><F105/><W75/><G75/><T21/><D21/><U111/><E111/><V40/><F39/><W61/><AGARI ba="1,0" hai="12,14,58,61,66,94,96,100" m="48715,13386" machi="61" ten="40,1500,0" yaku="18,1" doraHai="13" who="3" fromWho="3" sc="299,-8,237,-5,237,-5,227,18" /><INIT seed="1,0,0,1,1,12" ten="291,232,232,245" oya="1" hai0="111,122,60,71,43,36,68,59,127,109,118,79,135" hai1="33,10,56,124,66,15,19,47,115,2,55,107,106" hai2="126,65,52,28,16,114,63,102,31,4,131,94,58" hai3="42,51,9,67,41,123,48,11,119,3,76,84,72"/><U104/><E115/><V128/><F126/><W89/><G123/><T24/><D24/><U95/><E124/><V20/><F114/><W25/><G72/><T13/><D13/><U97/><E33/><V26/><F4/><W53/><G76/><T103/><D103/><U38/><E2/><V75/><F75/><W70/><G119/><T129/><D79/><U35/><E35/><V57/><F102/><W18/><G70/><N who="0" m="26667" /><D127/><U80/><E66/><V98/><F98/><W134/><G134/><T69/><D118/><U29/><E29/><V112/><F112/><W93/><G67/><N who="0" m="41191" /><D122/><U44/><E38/><V8/><F94/><W91/><G3/><T30/><D30/><U108/><E108/><V49/><F8/><W87/><G11/><T7/><D7/><U113/><E113/><V110/><F110/><W132/><G132/><T45/><D135/><U46/><E80/><V130/><AGARI ba="0,0" hai="16,20,26,28,31,49,52,57,58,63,65,128,130,131" machi="130" ten="30,8000,1" yaku="0,1,19,1,52,1,54,2" doraHai="12" who="2" fromWho="2" sc="291,-20,232,-40,232,80,245,-20" /><INIT seed="2,0,0,1,5,96" ten="271,192,312,225" oya="2" hai0="103,71,44,30,98,46,109,127,70,102,27,65,55" hai1="14,110,75,74,11,2,63,29,121,20,13,52,106" hai2="91,133,43,88,1,22,80,105,66,38,112,32,62" hai3="123,10,26,60,100,21,94,92,51,78,135,117,81"/><V113/><F133/><W48/><G117/><T28/><D109/><U69/><E110/><V73/><F32/><W23/><G135/><T5/><D127/><U17/><E121/><V68/><F105/><W128/><G123/><T6/><D98/><U4/><E106/><V41/><F1/><W118/><G118/><T131/><D55/><U77/><E77/><N who="2" m="44079" /><F41/><W90/><G128/><T42/><D42/><U129/><E129/><V0/><F22/><W19/><G10/><T119/><D131/><U101/><E101/><N who="0" m="38409" /><D27/><U97/><E97/><V67/><F88/><W120/><G90/><T72/><D65/><U24/><E14/><V58/><F91/><W116/><G26/><T95/><D95/><U45/><E69/><N who="0" m="26121" /><D72/><U15/><E15/><V89/><F67/><W83/><G94/><T115/><D115/><U79/><E79/><V85/><F68/><W53/><G78/><T57/><D57/><U84/><E84/><V35/><F58/><W122/><G92/><T36/><D36/><U126/><E126/><V40/><F66/><W56/><G116/><T132/><D132/><U99/><E99/><V54/><F40/><W39/><G39/><T87/><D87/><U7/><E74/><V93/><F43/><W108/><G108/><T49/><D119/><U76/><E75/><V16/><F38/><W8/><G122/><T37/><D37/><U9/><E76/><V130/><F112/><W111/><G120/><T64/><D64/><U50/><E63/><V59/><F113/><W34/><G111/><T33/><D33/><U124/><E124/><V31/><F35/><RYUUKYOKU ba="0,0" sc="271,-10,192,30,312,-10,225,-10" hai1="2,4,7,9,11,13,17,20,24,29,45,50,52" /><INIT seed="3,1,0,5,2,92" ten="261,222,302,215" oya="3" hai0="104,33,77,135,132,18,75,56,2,27,39,36,97" hai1="89,43,98,62,49,99,122,12,115,102,90,127,93" hai2="15,134,116,7,82,67,113,125,41,79,73,85,9" hai3="72,119,103,32,22,47,117,21,31,95,3,74,54"/><W42/><G3/><T50/><D2/><U60/><E122/><V17/><F116/><W88/><G103/><N who="0" m="62575" /><D56/><U91/><E115/><V107/><F113/><W68/><G68/><T57/><D57/><U100/><E127/><V65/><F125/><W53/><G32/><T78/><D50/><U105/><REACH who="1" step="1"/><E12/><REACH who="1" ten="261,212,302,215" step="2"/><N who="2" m="5183" /><F134/><W46/><G119/><T76/><D75/><U114/><E114/><V131/><F131/><W6/><G117/><T124/><D124/><U14/><E14/><V25/><F15/><W126/><G74/><T106/><D135/><U83/><E83/><V80/><F73/><W128/><G72/><T110/><D132/><U19/><E19/><V87/><F17/><W23/><G126/><T0/><D18/><U10/><E10/><V11/><F11/><W96/><G128/><T34/><D0/><U61/><E61/><V130/><F130/><W4/><G31/><T1/><D1/><U45/><AGARI ba="1,1" hai="43,45,49,60,62,89,90,91,93,98,99,100,102,105" machi="45" ten="30,7900,0" yaku="1,1,0,1,52,2,53,0" doraHai="92" doraHaiUra="13" who="1" fromWho="1" sc="261,-21,212,92,302,-21,215,-40" /><INIT seed="4,0,0,4,0,11" ten="240,304,281,175" oya="0" hai0="122,85,53,18,128,24,95,84,17,110,67,5,92" hai1="72,54,14,90,86,78,69,48,83,0,15,35,49" hai2="60,68,4,50,20,71,59,34,99,108,79,19,1" hai3="135,102,82,37,133,81,112,45,65,28,2,125,124"/><T96/><D122/><U116/><E116/><V63/><F34/><W91/><G65/><T98/><D110/><U93/><E0/><V103/><F108/><W56/><G56/><T27/><D128/><U88/><E35/><V104/><F79/><W26/><G2/><T9/><D67/><U8/><E69/><V80/><F80/><W23/><G112/><T94/><D53/><U75/><E75/><V106/><F106/><W77/><G102/><T52/><D52/><U33/><E33/><V121/><F121/><W127/><G91/><T109/><D109/><U123/><E123/><V38/><F38/><W97/><G97/><N who="0" m="37483" /><D9/><U115/><E115/><V10/><F50/><W47/><G82/><T111/><D5/><U55/><E8/><V89/><F89/><W36/><G36/><T39/><D39/><U31/><E31/><V16/><F19/><N who="0" m="7178" /><D111/><U61/><E61/><V107/><F107/><W51/><G37/><T62/><D62/><U105/><E105/><V22/><F22/><W44/><REACH who="3" step="1"/><G51/><REACH who="3" ten="240,304,281,165" step="2"/><T131/><D131/><U30/><E90/><V58/><F58/><W6/><G6/><T40/><D40/><U120/><E120/><V101/><F101/><W70/><G70/><T21/><D21/><U87/><E49/><V43/><F68/><W113/><G113/><T66/><D66/><U130/><E48/><V129/><F71/><W74/><AGARI ba="0,1" hai="23,26,28,44,45,47,74,77,81,124,125,127,133,135" machi="74" ten="40,5200,0" yaku="1,1,0,1,18,1,53,0" doraHai="11" doraHaiUra="118" who="3" fromWho="3" sc="240,-26,304,-13,281,-13,165,62" /><INIT seed="5,0,0,0,3,65" ten="214,291,268,227" oya="1" hai0="89,128,12,59,114,120,77,24,46,22,99,20,123" hai1="130,121,75,134,64,13,29,97,73,88,96,47,30" hai2="111,42,6,34,28,7,74,25,85,84,31,86,129" hai3="3,19,62,110,82,45,94,78,79,87,11,18,105"/><U103/><E121/><N who="0" m="46665" /><D128/><U37/><E130/><V33/><F74/><W50/><G105/><T92/><D114/><U1/><E1/><V38/><F111/><W26/><G110/><T60/><D77/><U131/><E131/><V115/><F115/><W23/><G79/><T48/><D12/><U83/><E134/><V119/><F119/><W107/><G107/><T5/><D5/><U57/><E75/><V51/><F38/><W112/><G112/><T41/><D24/><U56/><E37/><V71/><F71/><W133/><G133/><T72/><D72/><U55/><E73/><V49/><F129/><W135/><G135/><T4/><D4/><N who="2" m="1578" /><F42/><W116/><G116/><T54/><AGARI ba="0,0" hai="20,22,41,46,48,54,59,60,89,92,99" m="46665" machi="54" ten="30,1100,0" yaku="13,1" doraHai="65" who="0" fromWho="0" sc="214,11,291,-5,268,-3,227,-3" /><INIT seed="6,0,0,5,3,121" ten="225,286,265,224" oya="2" hai0="81,111,23,34,130,29,99,25,38,129,22,64,93" hai1="107,1,27,41,67,131,125,51,134,19,49,96,87" hai2="36,26,61,55,52,133,18,62,92,6,82,77,0" hai3="59,53,94,56,44,104,72,70,74,12,7,114,98"/><V65/><F36/><W9/><G70/><T17/><D38/><U58/><E1/><V20/><F133/><W54/><G104/><T15/><D64/><U100/><E134/><V135/><F135/><W79/><G114/><T24/><D81/><U78/><E125/><V83/><F83/><W45/><G74/><T14/><D111/><U91/><E78/><V73/><F92/><W123/><G79/><T126/><D126/><U88/><E131/><N who="0" m="50185" /><D34/><U105/><E105/><V108/><F108/><W124/><G72/><T39/><D39/><U109/><E109/><V117/><F117/><W112/><G112/><T110/><D110/><U89/><E87/><V60/><REACH who="2" step="1"/><F65/><REACH who="2" ten="225,286,255,224" step="2"/><W8/><G124/><T69/><D69/><U37/><E37/><V68/><F68/><W4/><G123/><T31/><D31/><U80/><E80/><V11/><AGARI ba="0,1" hai="0,6,11,18,20,26,52,55,60,61,62,73,77,82" machi="11" ten="30,11700,0" yaku="1,1,0,1,54,1,53,1" doraHai="121" doraHaiUra="33" who="2" fromWho="2" sc="225,-39,286,-39,255,127,224,-39" /><INIT seed="6,1,0,3,2,76" ten="186,247,382,185" oya="2" hai0="94,75,70,117,121,14,0,44,92,84,50,52,12" hai1="87,54,71,112,6,41,32,102,24,80,51,122,47" hai2="39,133,72,86,22,95,63,27,111,130,93,98,40" hai3="115,58,90,23,97,15,17,21,77,35,67,11,125"/><V1/><F1/><W119/><G119/><T68/><D75/><U16/><E71/><V105/><F72/><W56/><G35/><T99/><D0/><U132/><E122/><V20/><F111/><W26/><G125/><T28/><D121/><U108/><E108/><V123/><F123/><W82/><G115/><T96/><D117/><U42/><E112/><V38/><F133/><W45/><G45/><T57/><D28/><U55/><E102/><V128/><F105/><W48/><G23/><T101/><D84/><U127/><E127/><V131/><F20/><W59/><G97/><T85/><D85/><U89/><E6/><V129/><F40/><W66/><G90/><T30/><D30/><U64/><E64/><V73/><F73/><W36/><G36/><T120/><D120/><U61/><E132/><V113/><F113/><W53/><G67/><T110/><D110/><U33/><E33/><V49/><F49/><W19/><REACH who="3" step="1"/><G66/><REACH who="3" ten="186,247,382,175" step="2"/><T81/><D44/><N who="1" m="28007" /><E32/><V118/><F118/><W78/><G78/><T8/><D99/><U109/><E109/><V106/><F131/><W69/><G69/><T126/><D70/><U43/><E47/><V100/><F39/><W34/><G34/><T2/><D68/><U5/><E43/><V134/><F38/><W9/><G9/><T25/><D96/><U107/><E42/><V29/><F134/><W46/><G46/><T62/><D126/><U13/><E41/><V116/><F116/><W83/><G83/><T10/><D8/><U74/><E80/><V135/><F135/><W31/><G31/><T37/><D81/><RYUUKYOKU ba="1,1" sc="186,-10,247,-10,382,-10,175,30" hai3="11,15,17,19,21,26,48,53,56,58,59,77,82" /><INIT seed="7,2,1,3,1,52" ten="176,237,372,205" oya="3" hai0="54,82,63,23,124,62,97,36,7,34,74,64,37" hai1="19,40,117,122,104,120,51,102,16,118,81,58,46" hai2="6,129,10,56,89,128,76,41,79,66,5,50,21" hai3="12,103,33,25,132,125,4,65,3,116,77,31,15"/><W119/><G103/><T29/><D34/><U93/><E104/><V115/><F115/><W88/><G77/><N who="2" m="29769" /><F10/><N who="3" m="2335" /><G88/><T85/><D74/><U91/><E81/><V109/><F109/><W60/><G60/><T9/><D124/><U131/><E58/><V87/><F21/><W96/><G96/><T112/><D112/><U48/><E48/><V135/><F135/><W84/><G84/><T78/><D37/><U49/><E49/><V1/><F1/><W127/><G65/><T57/><D36/><U113/><E113/><V43/><F128/><W30/><G30/><T28/><D97/><N who="1" m="57535" /><E131/><V92/><F129/><W53/><G53/><T86/><D23/><U94/><E94/><V39/><F39/><W90/><G90/><T105/><D105/><U114/><E102/><V110/><F110/><W121/><G121/><T69/><D86/><U18/><E114/><V73/><F73/><W22/><G132/><T47/><D47/><U72/><E72/><V108/><F108/><W71/><G71/><T133/><D133/><U101/><E101/><V42/><F50/><W126/><G33/><T20/><D20/><U67/><E67/><V44/><F44/><W111/><G111/><T24/><D24/><U13/><E13/><AGARI ba="2,1" hai="12,13,15,22,25,31,116,119,125,126,127" m="2335" machi="13" ten="30,5800,0" yaku="18,1,34,2" doraHai="52" who="3" fromWho="1" sc="176,0,237,-64,372,0,205,74" /><AGARI ba="2,0" hai="7,9,13,28,29,54,57,62,63,64,69,78,82,85" machi="13" ten="30,2000,0" yaku="7,1,52,1" doraHai="52" who="0" fromWho="1" sc="176,20,173,-20,372,0,279,0" /><INIT seed="7,3,0,3,5,83" ten="196,153,372,279" oya="3" hai0="28,24,38,109,130,125,9,77,34,46,26,57,70" hai1="93,135,84,62,96,103,5,123,50,60,122,14,52" hai2="89,12,72,131,76,44,58,63,3,132,13,64,104" hai3="71,81,2,126,41,48,29,39,129,106,1,65,49"/><W8/><G106/><T21/><D70/><U32/><E32/><V4/><F104/><W69/><G29/><T0/><D109/><U102/><E102/><V75/><F3/><W43/><G39/><T80/><D125/><U40/><E40/><V127/><F127/><W111/><G126/><T20/><D130/><U55/><E135/><V10/><F12/><W113/><G113/><T100/><D100/><U6/><E6/><V31/><F76/><W66/><G81/><T124/><D57/><U85/><E123/><V51/><F132/><W30/><G30/><T116/><D124/><U118/><E118/><V56/><F56/><W67/><G8/><T92/><D92/><U15/><E122/><V17/><F4/><W90/><G90/><T95/><D95/><U78/><E78/><V119/><F119/><W11/><G11/><T19/><D116/><U16/><E5/><V97/><F31/><W114/><G114/><T112/><D112/><U98/><E98/><V37/><F37/><W115/><G115/><T23/><D0/><N who="3" m="105" /><G111/><T120/><D120/><U88/><E103/><V73/><F131/><W79/><G79/><T22/><D9/><N who="1" m="6223" /><E15/><V134/><F134/><W7/><G7/><T53/><D38/><U68/><E68/><N who="3" m="26186" /><G129/><T33/><D33/><U121/><E121/><V105/><F89/><W59/><G59/><T35/><D35/><U42/><E42/><AGARI ba="3,0" hai="41,42,43,48,49,65,66,67" m="26186,105" machi="42" ten="40,3900,0" yaku="28,2" doraHai="83" who="3" fromWho="1" sc="196,0,153,-48,372,0,279,48" /><INIT seed="7,4,0,1,5,48" ten="196,105,372,327" oya="3" hai0="42,8,34,44,107,130,51,57,56,77,99,95,125" hai1="66,74,123,25,84,108,1,10,29,54,49,21,18" hai2="81,4,86,27,119,16,64,128,115,87,7,71,104" hai3="11,103,90,50,69,117,106,47,93,72,83,19,45"/><W0/><G117/><T35/><D107/><U26/><E74/><V15/><F104/><W6/><G69/><T3/><D77/><U31/><E123/><V33/><F119/><W131/><G131/><T59/><D130/><U113/><E108/><V17/><F128/><W89/><G106/><T9/><D125/><U39/><E39/><V37/><F37/><W85/><G103/><T24/><D3/><U46/><E113/><V40/><F40/><W5/><G5/><T102/><D35/><U78/><E66/><V101/><F115/><W32/><G32/><T68/><D68/><U67/><E67/><V97/><F64/><W76/><G89/><T20/><D34/><U126/><E126/><V112/><F71/><W124/><G124/><T80/><D80/><U98/><E98/><V43/><F43/><W122/><G122/><T62/><D62/><U55/><E1/><V94/><F112/><W127/><G127/><T92/><D92/><U12/><E26/><V105/><F105/><W22/><REACH who="3" step="1"/><G50/><REACH who="3" ten="196,105,372,317" step="2"/><T52/><REACH who="0" step="1"/><D42/><REACH who="0" ten="186,105,372,317" step="2"/><U41/><REACH who="1" step="1"/><E31/><AGARI ba="4,2" hai="8,9,20,24,31,44,51,52,56,57,59,95,99,102" machi="31" ten="40,8000,1" yaku="1,1,2,1,8,1,52,1,54,1,53,0" doraHai="48" doraHaiUra="73" who="0" fromWho="1" sc="186,112,105,-92,372,0,317,0" owari="298,-10.0,13,-49.0,372,47.0,317,12.0" /></mjloggm>