<mjloggm ver="2.3"><GO type="169" lobby="0"/><UN n0="%72%75%69%63%65" n1="%49%72%69%73%2A" n2="%E6%B0%B4%E5%81%B5" n3="%70%69%2D%70%6F" dan="17,18,16,16" rate="2203.88,2197.27,2056.15,2073.85" sx="M,F,M,M"/><TAIKYOKU oya="0"/><INIT seed="0,0,0,1,4,35" ten="250,250,250,250" oya="0" hai0="59,79,91,15,109,62,106,87,56,16,134,83,114" hai1="76,77,1,32,86,119,4,33,64,100,102,73,124" hai2="128,13,69,125,22,2,42,80,14,70,110,40,71" hai3="107,105,17,39,3,118,89,27,92,24,20,96,60"/><T0/><D114/><U54/><E119/><V111/><F125/><W75/><G118/><T103/><D134/><U88/><E64/><V53/><F128/><W41/><G75/><T5/><D109/><N who="2" m="41482" /><F53/><W30/><G3/><T26/><D26/><U115/><E115/><V82/><F2/><W129/><G129/><T98/><D0/><U31/><E54/><V99/><F22/><W34/><REACH who="3" step="1"/><G60/><REACH who="3" ten="250,250,250,240" step="2"/><T78/><D5/><U122/><E4/><V11/><F11/><W104/><G104/><T57/><REACH who="0" step="1"/><D62/><REACH who="0" ten="240,250,250,240" step="2"/><U72/><E1/><V121/><F121/><W117/><G117/><T108/><D108/><U132/><E122/><V85/><F13/><W116/><G116/><T12/><D12/><U61/><E61/><V93/><F14/><W101/><G101/><T90/><D90/><U112/><E100/><N who="2" m="60527" /><F80/><W38/><G38/><T66/><D66/><U29/><E112/><V9/><F9/><AGARI ba="0,2" hai="9,15,16,56,57,59,78,79,83,87,91,98,103,106" machi="9" ten="40,12000,1" yaku="1,1,54,1,53,3" doraHai="35" doraHaiUra="55" who="0" fromWho="2" sc="240,140,250,0,250,-120,240,0" /><INIT seed="0,1,0,2,4,69" ten="380,250,130,240" oya="0" hai0="35,78,112,89,45,51,49,79,94,99,73,91,114" hai1="3,20,33,41,101,80,118,88,38,6,71,109,128" hai2="1,18,9,83,102,100,105,127,7,53,121,25,43" hai3="129,81,106,10,63,92,54,119,47,133,30,103,95"/><T132/><D132/><U36/><E118/><V29/><F121/><W22/><G119/><T34/><D73/><U12/><E71/><V86/><F127/><W77/><G133/><T42/><D114/><U65/><E65/><V66/><F18/><W84/><G129/><T28/><D112/><U32/><E101/><V123/><F123/><W68/><G106/><T50/><D28/><U4/><E3/><V19/><F19/><W39/><G103/><T37/><REACH who="0" step="1"/><D89/><REACH who="0" ten="370,250,130,240" step="2"/><U67/><E88/><V75/><F75/><W23/><G30/><T85/><D85/><U15/><E128/><V107/><F107/><W24/><G84/><T60/><D60/><U8/><E109/><V57/><F105/><W17/><G63/><T87/><D87/><U11/><E80/><V126/><F126/><W117/><G81/><T21/><D21/><U5/><E20/><V52/><F102/><W13/><G22/><T104/><D104/><U76/><E32/><AGARI ba="1,1" hai="32,34,35,37,42,45,49,50,51,78,79,91,94,99" machi="32" ten="40,7700,0" yaku="1,1,52,1,53,1" doraHai="69" doraHaiUra="93" who="0" fromWho="1" sc="370,90,250,-80,130,0,240,0" /><INIT seed="0,2,0,3,0,1" ten="460,170,130,240" oya="0" hai0="109,20,29,113,23,93,66,42,112,102,77,45,15" hai1="53,116,8,54,31,64,14,91,59,85,82,21,47" hai2="26,95,123,13,72,36,125,114,19,7,67,56,76" hai3="75,60,9,12,46,48,119,5,0,106,92,61,105"/><T2/><D2/><U4/><E116/><V101/><F36/><W27/><G119/><T120/><D120/><U130/><E130/><V33/><F123/><W39/><G75/><T52/><D77/><U68/><E68/><V122/><F125/><W121/><G121/><T89/><D66/><U94/><E47/><V74/><F114/><W118/><G118/><T62/><D102/><U70/><E70/><V40/><F40/><W51/><G39/><T57/><D109/><U129/><E129/><V78/><F122/><W126/><G126/><T80/><D80/><U86/><E64/><V135/><F135/><W28/><G92/><T115/><D15/><U88/><E59/><V58/><F67/><W132/><G132/><T3/><D3/><U128/><E128/><V97/><F58/><W41/><G51/><T100/><D100/><U79/><E79/><V6/><F72/><W35/><REACH who="3" step="1"/><G0/><REACH who="3" ten="460,170,130,230" step="2"/><T38/><REACH who="0" step="1"/><D29/><REACH who="0" ten="450,170,130,230" step="2"/><U83/><E94/><V81/><F76/><W110/><G110/><T43/><D43/><U71/><E71/><V17/><F78/><W87/><G87/><AGARI ba="2,2" hai="20,23,38,42,45,52,57,62,87,89,93,112,113,115" machi="87" ten="40,3900,0" yaku="1,1,54,1,53,0" doraHai="1" doraHaiUra="10" who="0" fromWho="3" sc="450,65,170,0,130,0,230,-45" /><INIT seed="0,3,0,1,2,39" ten="515,170,130,185" oya="0" hai0="44,124,47,116,123,41,69,112,61,122,73,109,56" hai1="97,135,128,81,50,77,3,84,118,36,86,11,101" hai2="72,30,10,43,104,63,71,31,16,96,66,35,0" hai3="37,99,91,6,133,62,24,48,19,70,113,1,134"/><T95/><D73/><U9/><E36/><V27/><F72/><W115/><G37/><T94/><D95/><U45/><E118/><V89/><F31/><W28/><G19/><T107/><D107/><U52/><E135/><N who="3" m="51722" /><G48/><N who="0" m="26639" /><D94/><U125/><E125/><V93/><F104/><W4/><G91/><T40/><D116/><U20/><E128/><V64/><F64/><N who="3" m="41239" /><G99/><T65/><D112/><N who="3" m="43081" /><G1/><T106/><D106/><U74/><E3/><V2/><REACH who="2" step="1"/><F43/><REACH who="2" ten="515,170,120,185" step="2"/><W126/><G126/><T108/><D124/><U100/><E74/><V33/><F33/><AGARI ba="3,1" hai="4,6,24,28,33" m="43081,41239,51722" machi="33" ten="30,1000,0" yaku="20,1" doraHai="39" who="3" fromWho="2" sc="515,0,170,0,120,-19,185,29" /><INIT seed="1,0,0,1,0,51" ten="515,170,101,214" oya="1" hai0="6,112,80,107,88,77,57,8,120,84,18,58,89" hai1="114,128,95,65,98,81,90,129,31,25,21,52,68" hai2="123,32,37,103,40,111,113,126,97,125,78,36,106" hai3="53,127,130,108,62,29,16,9,72,82,121,91,64"/><U105/><E114/><V5/><F123/><W49/><G121/><T11/><D120/><U93/><E105/><V0/><F111/><W100/><G108/><T122/><D122/><U115/><E115/><V45/><F113/><W41/><G127/><N who="2" m="48649" /><F32/><W118/><G130/><N who="1" m="50282" /><E81/><V86/><F86/><W4/><G41/><T131/><D107/><U119/><E119/><V116/><F78/><W2/><G29/><T54/><D131/><U92/><E65/><V12/><F12/><W14/><G118/><T27/><D112/><U83/><E68/><V96/><F96/><W26/><G100/><T38/><D38/><U34/><E34/><V60/><F60/><W117/><G26/><T61/><D89/><U63/><E83/><V30/><F30/><W7/><G117/><T59/><D77/><U67/><E67/><V124/><N who="2" m="48657" /><V94/><DORA hai="102" /><F116/><W101/><G101/><T135/><D6/><U87/><E87/><V19/><F19/><W22/><G4/><T110/><D110/><U69/><E69/><V42/><F42/><W55/><G49/><T15/><D11/><U43/><E43/><V50/><F94/><W73/><G91/><T76/><D76/><U33/><E33/><V10/><AGARI ba="0,0" hai="0,5,10,36,37,40,45,50,97,103,106" m="48657" machi="10" ten="40,2700,0" yaku="18,1,52,1" doraHai="51,102" who="2" fromWho="2" sc="515,-7,170,-13,101,27,214,-7" /><INIT seed="2,0,0,1,1,64" ten="508,157,128,207" oya="2" hai0="50,41,106,76,101,5,75,35,66,98,65,70,7" hai1="95,127,12,79,14,67,62,82,36,73,68,6,134" hai2="94,115,128,125,31,28,87,52,105,34,58,107,71" hai3="81,123,55,77,51,3,39,59,131,133,120,130,78"/><V124/><F115/><W83/><G3/><T57/><D66/><U111/><E36/><V32/><F128/><N who="3" m="49195" /><G39/><T33/><D57/><U56/><E111/><V86/><F94/><W89/><G89/><T47/><D7/><U46/><E127/><N who="2" m="48715" /><F71/><W116/><G133/><T37/><D50/><U27/><E46/><V25/><F25/><W99/><G99/><T126/><D5/><U72/><E134/><V110/><F110/><W16/><G116/><T22/><D22/><U13/><E6/><V100/><F100/><W42/><G42/><T60/><D126/><U74/><E95/><V23/><F23/><W8/><G81/><AGARI ba="0,0" hai="33,35,37,41,47,60,65,70,75,76,81,98,101,106" machi="81" ten="40,8000,1" yaku="33,3,52,1" doraHai="64" who="0" fromWho="3" sc="508,80,157,0,128,0,207,-80" /><INIT seed="3,0,0,1,2,100" ten="588,157,128,127" oya="3" hai0="33,23,76,128,49,129,6,21,54,61,55,121,101" hai1="79,87,39,19,96,65,135,124,38,30,68,69,64" hai2="94,104,83,126,116,66,86,53,40,25,115,132,122" hai3="89,12,102,22,78,20,52,27,123,43,63,98,70"/><W13/><G123/><T77/><D121/><U32/><E19/><V88/><F122/><W93/><G43/><T67/><D33/><U8/><E87/><V97/><F66/><W14/><G78/><N who="0" m="30315" /><D6/><U71/><E79/><V111/><F115/><W84/><G70/><T36/><D36/><U81/><E81/><V7/><F7/><W42/><G42/><T80/><D80/><U16/><E96/><V103/><F40/><W59/><REACH who="3" step="1"/><G27/><REACH who="3" ten="588,157,128,117" step="2"/><T74/><D74/><U131/><E68/><V50/><F116/><W105/><AGARI ba="0,1" hai="12,13,14,20,22,52,59,63,84,89,93,98,102,105" machi="105" ten="30,12000,1" yaku="1,1,2,1,0,1,52,1,54,1,53,0" doraHai="100" doraHaiUra="72" who="3" fromWho="3" sc="588,-40,157,-40,128,-40,117,130" /><INIT seed="3,1,0,4,4,109" ten="548,117,88,247" oya="3" hai0="73,128,18,4,122,118,110,58,106,104,56,86,55" hai1="65,120,44,27,23,16,113,64,77,46,57,116,103" hai2="1,28,3,81,79,9,87,59,37,52,8,92,66" hai3="111,102,53,20,32,60,95,2,85,91,126,34,7"/><W11/><G111/><T101/><D118/><U84/><E120/><V26/><F37/><W42/><G126/><T22/><D110/><U13/><E116/><V6/><F66/><W107/><G42/><T35/><D73/><U36/><E36/><V98/><F3/><W72/><G72/><T130/><D122/><U119/><E113/><V49/><F6/><W96/><REACH who="3" step="1"/><G20/><REACH who="3" ten="548,117,88,237" step="2"/><T48/><D22/><U25/><E119/><V31/><F1/><W114/><G114/><T83/><D35/><U133/><E23/><N who="2" m="15455" /><F31/><W97/><G97/><T88/><D130/><U41/><E41/><V93/><F98/><W33/><G33/><T125/><D128/><U94/><E133/><V134/><F134/><W47/><G47/><T82/><D125/><U121/><E121/><V112/><F112/><W68/><G68/><T135/><D135/><U50/><E46/><V100/><F100/><W89/><G89/><T29/><D88/><U24/><E44/><V123/><F123/><W17/><G17/><T70/><D101/><U108/><E108/><V78/><F79/><W129/><G129/><T39/><D18/><U38/><E77/><V40/><F40/><W54/><G54/><T71/><D70/><U75/><E75/><V19/><F19/><W5/><G5/><T51/><D4/><U76/><E76/><V115/><F115/><W63/><G63/><T80/><D71/><U117/><E117/><V12/><F12/><W74/><G74/><T30/><D55/><N who="1" m="31991" /><E103/><V21/><F21/><W90/><G90/><T15/><D15/><U127/><E13/><V69/><F69/><RYUUKYOKU ba="1,1" sc="548,-15,117,-15,88,15,237,15" hai2="8,9,49,52,59,78,81,87,92,93" hai3="2,7,11,32,34,53,60,85,91,95,96,102,107" /><INIT seed="3,2,1,1,5,7" ten="533,102,103,252" oya="3" hai0="53,101,96,48,16,42,59,135,62,117,78,125,98" hai1="108,124,77,109,33,86,100,27,81,127,76,23,54" hai2="36,80,66,94,51,65,35,102,122,18,25,8,41" hai3="74,14,44,28,71,52,69,11,58,32,92,88,123"/><W113/><G113/><T111/><D117/><U9/><E33/><V34/><F36/><W22/><G123/><T50/><D111/><N who="1" m="42571" /><E100/><V106/><F106/><W110/><G32/><T67/><D125/><N who="1" m="48203" /><E54/><V10/><F122/><W21/><G74/><T1/><D135/><U13/><E86/><V79/><F35/><W120/><G120/><T97/><D78/><U82/><E82/><V116/><F116/><W15/><G110/><T73/><D1/><U47/><E47/><N who="2" m="26095" /><F34/><W45/><G69/><T61/><D73/><U29/><E81/><V38/><F38/><W89/><G71/><T134/><D134/><U119/><E119/><V56/><F80/><W84/><G89/><T87/><D87/><U20/><E20/><N who="3" m="7786" /><G28/><T105/><D101/><U0/><E0/><V40/><F79/><W75/><G75/><T55/><D105/><U26/><E26/><V19/><F102/><W6/><G15/><T60/><D67/><N who="2" m="25610" /><F25/><W107/><G107/><T133/><D133/><U64/><E64/><V103/><F40/><W131/><G131/><T115/><D42/><U31/><E31/><V90/><F103/><W114/><G114/><T112/><D112/><U72/><E72/><V24/><F24/><W63/><AGARI ba="2,1" hai="6,11,14,44,45,52,58,63,84,88,92" m="7786" machi="63" ten="30,11700,0" yaku="8,1,52,1,54,2" doraHai="7" who="3" fromWho="3" sc="533,-41,102,-41,103,-41,252,133" /><INIT seed="3,3,0,4,5,72" ten="492,61,62,385" oya="3" hai0="100,67,8,80,135,103,116,33,113,78,45,104,119" hai1="121,131,37,11,27,89,5,58,36,29,132,7,39" hai2="4,28,92,70,51,26,85,21,32,43,20,122,35" hai3="60,65,25,2,40,55,31,54,74,115,17,117,111"/><W123/><G115/><T73/><D33/><U1/><E121/><V90/><F70/><W126/><G123/><T42/><D67/><U108/><E108/><V41/><F122/><W95/><G117/><T0/><D113/><U64/><E132/><V66/><F66/><W94/><G2/><T34/><D135/><U128/><E7/><V68/><F68/><W48/><G126/><T62/><D62/><U79/><E89/><V15/><F21/><W18/><G74/><T3/><D34/><U6/><E6/><V44/><F43/><W114/><G114/><T102/><D3/><U106/><E106/><V24/><REACH who="2" step="1"/><F26/><REACH who="2" ten="492,61,52,385" step="2"/><W93/><G40/><T84/><D42/><U105/><E64/><V125/><F125/><W53/><G111/><T57/><D119/><U98/><E37/><V14/><F14/><W82/><G48/><T91/><D116/><U50/><E39/><V23/><F23/><W133/><G25/><T81/><D0/><U22/><E36/><V97/><F97/><W63/><G65/><T129/><D8/><AGARI ba="3,1" hai="4,8,15,20,24,28,32,35,41,44,51,85,90,92" machi="8" ten="40,1300,0" yaku="1,1,53,0" doraHai="72" doraHaiUra="75" who="2" fromWho="0" sc="492,-22,61,0,52,32,385,0" /><INIT seed="4,0,0,3,5,44" ten="470,61,84,385" oya="0" hai0="0,5,96,100,11,1,39,86,35,22,14,83,48" hai1="23,38,93,17,95,52,57,82,119,90,98,92,49" hai2="88,109,45,37,130,80,42,89,3,116,111,4,117" hai3="87,112,26,114,73,134,101,104,76,21,24,9,102"/><T126/><D39/><U36/><E119/><N who="2" m="45643" /><F130/><W20/><G73/><T41/><D35/><U97/><E82/><V79/><F4/><W68/><G68/><T27/><D126/><U99/><REACH who="1" step="1"/><E90/><REACH who="1" ten="470,51,84,385" step="2"/><N who="2" m="34923" /><F3/><W13/><G114/><T8/><D1/><U31/><E31/><V124/><F124/><W74/><G112/><T106/><D0/><U33/><E33/><V103/><F103/><W60/><G102/><T43/><D100/><U120/><E120/><V30/><F30/><W91/><G101/><T115/><D83/><U63/><E63/><V133/><F133/><W78/><G60/><T65/><D115/><U67/><E67/><V108/><F108/><W118/><G134/><T132/><D65/><U64/><E64/><V135/><F135/><W128/><G118/><T19/><D132/><U18/><E18/><V121/><F121/><W105/><G91/><T46/><D19/><U131/><E131/><V127/><F127/><W129/><G128/><T66/><D66/><U55/><E55/><V29/><F29/><W107/><G129/><T2/><D41/><U6/><E6/><V69/><F69/><W10/><G105/><T16/><D5/><U94/><N who="1" m="24064" /><DORA hai="123" /><U70/><E70/><V113/><F113/><W58/><G107/><T61/><D106/><U56/><E56/><V71/><F71/><W110/><G104/><T12/><D61/><U51/><E51/><V40/><F40/><W32/><G58/><T122/><D122/><U25/><AGARI ba="0,1" hai="17,23,25,36,38,49,52,57,97,98,99" m="24064" machi="25" ten="50,8000,1" yaku="1,1,0,1,52,1,54,1,53,1" doraHai="44,123" doraHaiUra="84,50" who="1" fromWho="1" sc="470,-40,51,90,84,-20,385,-20" /><INIT seed="5,0,0,0,3,124" ten="430,141,64,365" oya="1" hai0="32,87,113,111,66,36,24,75,103,61,16,108,25" hai1="100,91,62,64,20,112,47,104,114,131,65,125,102" hai2="11,129,74,123,60,97,6,101,12,82,10,40,49" hai3="15,128,57,35,67,33,88,37,8,39,9,95,134"/><U1/><E1/><V54/><F123/><W68/><G68/><T119/><D119/><U13/><E125/><V106/><F129/><W84/><G134/><T45/><D75/><U85/><E47/><V76/><F60/><W58/><G128/><T48/><D36/><U122/><E65/><V28/><F11/><W79/><G79/><T22/><D113/><U69/><E122/><V29/><REACH who="2" step="1"/><F40/><REACH who="2" ten="430,141,54,365" step="2"/><W78/><G8/><T77/><D61/><N who="1" m="40079" /><E131/><V109/><F109/><W31/><G9/><T118/><D111/><U7/><E62/><V26/><F26/><W3/><G67/><T83/><D66/><U19/><E112/><V132/><F132/><W92/><G3/><T21/><D108/><U46/><E114/><V43/><F43/><W27/><G27/><T5/><D118/><U4/><E4/><V126/><F126/><W59/><G33/><T73/><D32/><U0/><E7/><V18/><F18/><W117/><G35/><T99/><D5/><U107/><E0/><V30/><F30/><W53/><G31/><T86/><D22/><U130/><E130/><V23/><F23/><W90/><G117/><T17/><D25/><U98/><E20/><V51/><F51/><W72/><G37/><T14/><D17/><U70/><E19/><V52/><F52/><W55/><G39/><T121/><D24/><U105/><E13/><V110/><F110/><W41/><G41/><N who="0" m="24623" /><D121/><U80/><E70/><V56/><AGARI ba="0,1" hai="6,10,12,28,29,49,54,56,74,76,82,97,101,106" machi="56" ten="20,2700,0" yaku="1,1,0,1,7,1,53,0" doraHai="124" doraHaiUra="133" who="2" fromWho="2" sc="430,-7,141,-13,54,37,365,-7" /><INIT seed="6,0,0,4,2,126" ten="423,128,91,358" oya="2" hai0="120,55,32,46,131,22,73,106,111,37,103,92,30" hai1="117,98,90,8,115,9,133,82,26,53,58,67,110" hai2="102,96,127,79,40,134,10,20,38,3,31,16,66" hai3="48,11,65,109,54,105,51,4,116,6,135,122,57"/><V24/><F127/><W50/><G109/><T85/><D111/><U83/><E110/><V123/><F123/><W78/><G122/><T13/><D131/><U125/><E117/><V80/><F134/><W94/><G105/><T107/><D120/><U7/><E115/><V59/><F38/><W17/><G116/><T108/><D108/><U1/><E125/><V62/><F40/><W5/><G135/><T121/><D121/><U114/><E67/><V42/><F42/><W61/><G78/><T101/><D73/><U128/><E128/><V23/><F3/><W76/><G76/><T15/><D32/><U132/><E114/><V29/><F10/><W12/><REACH who="3" step="1"/><G94/><REACH who="3" ten="423,128,91,348" step="2"/><T118/><D118/><U60/><E132/><V89/><F89/><W14/><G14/><N who="0" m="5131" /><D107/><U87/><E133/><V33/><F33/><W99/><G99/><T0/><D106/><U25/><E98/><V27/><F96/><W19/><G19/><T35/><D0/><U77/><E1/><V104/><F104/><W63/><G63/><T95/><D35/><U72/><E7/><V18/><REACH who="2" step="1"/><F102/><REACH who="2" ten="423,128,81,348" step="2"/><W64/><AGARI ba="0,2" hai="4,5,6,11,12,17,48,50,51,54,57,61,64,65" machi="64" ten="40,5200,0" yaku="1,1,0,1,8,1,53,0" doraHai="126" doraHaiUra="119" who="3" fromWho="3" sc="423,-13,128,-13,81,-26,348,72" /><INIT seed="7,0,0,3,1,113" ten="410,115,55,420" oya="3" hai0="134,120,49,64,42,102,72,58,48,38,73,24,27" hai1="77,114,0,60,129,81,18,47,89,107,17,11,3" hai2="50,8,25,100,4,22,34,7,90,115,101,91,35" hai3="63,108,43,121,131,99,56,110,62,117,19,127,76"/><W125/><G131/><T85/><D120/><U78/><E107/><V28/><F115/><W83/><G117/><T80/><D38/><U79/><E114/><V9/><F50/><N who="0" m="19562" /><D72/><U128/><E47/><V96/><F101/><W84/><G121/><T124/><D73/><U95/><E81/><V105/><F35/><W55/><G43/><T116/><D116/><U112/><E60/><V133/><F34/><W123/><G123/><T54/><D134/><U23/><E112/><V14/><REACH who="2" step="1"/><F133/><REACH who="2" ten="410,115,45,420" step="2"/><W86/><G110/><T33/><D102/><U29/><E128/><V5/><F5/><W45/><G108/><T70/><D33/><U16/><E129/><V12/><AGARI ba="0,1" hai="4,7,8,9,12,14,22,25,28,90,91,96,100,105" machi="12" ten="20,5200,0" yaku="1,1,0,1,7,1,9,1,53,0" doraHai="113" doraHaiUra="118" who="2" fromWho="2" sc="410,-13,115,-13,45,62,420,-26" owari="397,50.0,102,-40.0,107,-29.0,394,19.0" /></mjloggm>