<mjloggm ver="2.3"><GO type="169" lobby="0"/><UN n0="%E3%83%A9%E3%83%A0%E3%83%80%E3%81%95%E3%82%93" n1="%E3%81%82%E3%82%8B%E3%81%A6%E3%81%BF%E3%81%97%E3%81%8A%E3%82%93" n2="%73%65%61%73%75%69" n3="%6E%61%6E%6E%61%6E%79%61" dan="16,16,17,16" rate="2097.46,2059.62,2100.83,2091.49" sx="M,M,M,M"/><TAIKYOKU oya="0"/><INIT seed="0,0,0,3,5,134" ten="250,250,250,250" oya="0" hai0="61,20,132,4,10,80,82,44,34,116,32,50,46" hai1="7,12,128,38,90,67,105,56,35,71,8,118,119" hai2="14,3,112,103,1,117,122,54,127,0,66,133,29" hai3="114,41,18,120,83,19,135,85,39,48,76,121,60"/><T109/><D116/><U36/><E128/><V15/><F66/><W92/><G135/><T101/><D132/><U113/><E113/><V2/><F133/><W100/><G39/><T59/><D109/><U31/><E105/><V24/><F103/><W126/><G114/><T43/><D101/><U93/><E71/><V110/><F112/><W26/><G60/><T81/><D20/><U69/><E69/><V77/><F77/><W78/><G78/><T107/><D44/><U111/><E111/><V11/><F110/><W129/><G129/><T21/><D21/><U99/><E35/><V45/><F117/><W51/><G26/><T97/><D97/><U57/><E31/><V64/><F64/><W104/><G104/><T52/><REACH who="0" step="1"/><D107/><REACH who="0" ten="240,250,250,250" step="2"/><U84/><E119/><V37/><F45/><W16/><G100/><T123/><D123/><U58/><E118/><V96/><F122/><W40/><G121/><T53/><D53/><U62/><E99/><V94/><F54/><W55/><G120/><T17/><D17/><U65/><E65/><V87/><F96/><W5/><G55/><T42/><D42/><U33/><E33/><V108/><F108/><W79/><G19/><T89/><D89/><U28/><E28/><V88/><F37/><W91/><G41/><T22/><D22/><U30/><E30/><V74/><F88/><W106/><G91/><T73/><D73/><U125/><E38/><V6/><F74/><W63/><G63/><T124/><BYE who="3" /><D124/><U130/><E125/><V131/><F127/><W68/><G68/><T98/><D98/><U86/><E36/><RYUUKYOKU ba="0,1" sc="240,30,250,-10,250,-10,250,-10" hai0="4,10,32,34,43,46,50,52,59,61,80,81,82" /><INIT seed="0,1,1,0,1,95" ten="270,240,240,240" oya="0" hai0="93,8,121,46,58,123,78,106,61,124,41,26,107" hai1="55,70,25,72,14,81,67,127,92,73,112,71,10" hai2="62,99,133,33,43,88,18,51,77,19,125,30,110" hai3="0,97,65,24,4,118,40,29,35,32,119,135,89"/><T126/><D78/><UN n3="%6E%61%6E%6E%61%6E%79%61" /><U44/><E127/><N who="0" m="48681" /><D8/><U13/><E112/><V113/><F125/><W36/><G135/><T38/><D26/><U15/><E10/><V132/><F113/><W100/><G35/><T50/><D93/><U102/><E25/><N who="2" m="18639" /><F77/><W57/><G89/><T17/><D17/><U94/><E67/><V66/><F51/><W122/><G122/><N who="0" m="46603" /><D38/><U104/><E92/><N who="2" m="56711" /><F43/><W48/><G36/><T83/><D83/><U86/><E94/><V131/><F131/><W22/><G32/><T91/><D91/><U63/><E102/><V31/><F31/><W11/><G40/><T23/><D23/><U90/><E104/><V34/><F34/><W128/><G128/><T75/><D75/><U45/><E72/><V105/><F105/><W109/><G29/><T16/><D16/><U80/><E73/><V12/><F12/><W9/><G0/><T1/><D1/><U28/><E28/><V7/><F7/><W42/><G4/><T54/><AGARI ba="1,1" hai="41,46,50,54,58,61,106,107" m="46603,48681" machi="54" ten="30,1500,0" yaku="18,1" doraHai="95" who="0" fromWho="0" sc="270,28,240,-6,240,-6,240,-6" /><INIT seed="0,2,0,3,4,131" ten="298,234,234,234" oya="0" hai0="33,121,106,38,62,0,76,21,61,29,63,1,120" hai1="101,26,79,45,39,53,12,91,85,99,105,77,66" hai2="82,48,94,119,27,42,124,69,58,18,68,46,87" hai3="5,103,128,116,114,51,83,30,97,34,17,60,109"/><T24/><D106/><U129/><E129/><V16/><F124/><W11/><G128/><T44/><D76/><U72/><E66/><V54/><F119/><W96/><G116/><T15/><D38/><U84/><E26/><V80/><F94/><W40/><G114/><T111/><D44/><U133/><E133/><V7/><F7/><W98/><G109/><T130/><D130/><U14/><E72/><V88/><F80/><W52/><G40/><T102/><D102/><U86/><E91/><V56/><F56/><W89/><G60/><T3/><REACH who="0" step="1"/><D111/><REACH who="0" ten="288,234,234,234" step="2"/><U23/><E79/><V92/><F82/><W32/><G103/><T134/><D134/><U81/><E77/><V78/><F78/><W25/><G83/><T31/><D31/><U2/><E81/><V6/><F6/><W13/><G5/><T118/><D118/><U35/><E39/><V115/><F115/><W71/><G89/><T50/><D50/><U20/><E53/><V135/><F135/><W10/><G52/><T28/><D28/><U126/><E45/><V113/><F113/><W47/><G30/><T43/><D43/><U132/><E132/><V95/><F95/><W93/><G93/><T107/><D107/><U55/><E55/><V74/><F74/><W75/><G75/><T73/><D73/><U57/><E105/><V59/><F54/><W49/><G47/><T8/><D8/><U37/><E37/><V123/><F92/><W65/><G49/><T112/><D112/><U41/><E41/><V104/><F42/><W117/><G51/><T108/><D108/><U36/><E36/><RYUUKYOKU ba="2,1" sc="288,30,234,-10,234,-10,234,-10" hai0="0,1,3,15,21,24,29,33,61,62,63,120,121" /><INIT seed="0,3,1,5,4,74" ten="318,224,224,224" oya="0" hai0="107,120,33,113,8,55,73,53,7,115,106,0,28" hai1="36,29,48,45,31,94,42,41,9,44,83,97,40" hai2="81,87,21,4,123,37,63,131,22,27,13,70,125" hai3="56,92,124,62,38,114,102,98,112,135,64,90,3"/><T46/><D120/><U85/><E40/><V132/><F123/><W103/><G38/><T26/><D73/><U14/><E94/><V126/><F37/><W54/><G3/><T58/><D46/><U43/><E97/><V105/><F105/><W104/><G135/><T96/><D55/><U50/><E42/><V118/><F118/><W49/><G124/><N who="2" m="47721" /><F131/><W61/><G61/><T39/><D39/><U30/><E36/><V69/><F132/><W109/><G109/><T19/><D19/><U108/><E108/><V2/><F2/><W1/><G1/><T34/><D34/><U72/><E72/><V93/><F93/><W110/><G110/><T16/><D16/><U75/><E75/><V122/><F122/><W25/><G25/><T91/><D91/><U5/><E29/><N who="2" m="17647" /><F63/><W127/><G127/><T35/><D35/><U32/><E32/><V47/><F47/><W99/><G103/><T15/><D0/><U6/><E6/><V11/><F22/><W82/><G82/><T67/><D67/><U10/><E10/><V100/><F100/><W111/><G111/><T128/><D128/><U68/><E68/><AGARI ba="3,1" hai="49,54,56,62,64,68,90,92,98,99,102,104,112,114" machi="68" ten="30,1000,0" yaku="7,1" doraHai="74" who="3" fromWho="1" sc="318,0,224,-19,224,0,224,29" /><INIT seed="1,0,0,0,2,58" ten="318,205,224,253" oya="1" hai0="44,1,123,63,43,101,131,120,61,74,8,98,54" hai1="106,85,11,135,126,97,6,96,92,73,109,99,7" hai2="21,2,88,105,93,19,59,49,46,28,5,48,26" hai3="30,13,31,15,84,108,55,22,121,16,53,103,132"/><U78/><E109/><V128/><F128/><W36/><G108/><T90/><D74/><U82/><E126/><V64/><F105/><W68/><G121/><N who="0" m="46667" /><D90/><U25/><E135/><V45/><F2/><W4/><G132/><T10/><D54/><U86/><E106/><V129/><F5/><W102/><G36/><N who="0" m="21607" /><D131/><U117/><E117/><V89/><F129/><W80/><G68/><T56/><D56/><U51/><E6/><V94/><F28/><W66/><G66/><T112/><D112/><U41/><E25/><V70/><F70/><W62/><G102/><T116/><D116/><U34/><E34/><V18/><F64/><W124/><G103/><T29/><D29/><U47/><REACH who="1" step="1"/><E92/><REACH who="1" ten="318,195,224,253" step="2"/><V75/><F93/><W91/><G124/><T76/><D76/><U40/><E40/><V125/><F94/><W113/><G4/><N who="0" m="1039" /><D10/><U79/><E79/><V42/><F125/><W17/><G113/><T87/><D87/><U9/><E9/><V115/><F115/><W60/><G55/><T122/><D122/><U38/><E38/><V81/><F42/><W32/><G53/><T37/><D37/><U133/><E133/><V118/><F118/><W69/><G32/><T12/><D12/><AGARI ba="0,1" hai="7,11,12,41,47,51,73,78,82,85,86,96,97,99" machi="12" ten="40,2000,0" yaku="1,1,53,0" doraHai="58" doraHaiUra="130" who="1" fromWho="0" sc="318,-20,195,30,224,0,253,0" /><INIT seed="1,1,0,4,2,132" ten="298,225,224,253" oya="1" hai0="94,83,35,75,99,88,98,15,59,102,30,134,10" hai1="135,74,95,6,127,37,79,81,128,87,96,64,114" hai2="106,118,14,27,91,31,38,22,124,16,48,77,3" hai3="18,52,9,120,8,119,63,85,126,108,105,110,47"/><U57/><E37/><V49/><F38/><W1/><G120/><T133/><D30/><U41/><E114/><V19/><F3/><W28/><G105/><T121/><D35/><U89/><E135/><N who="0" m="51721" /><D121/><U68/><E68/><V51/><F106/><W17/><G28/><T125/><D59/><U72/><E128/><V39/><F39/><W53/><G119/><T61/><D61/><U25/><E127/><V123/><F123/><W42/><G126/><T11/><D125/><U101/><E6/><V34/><F118/><W71/><G85/><N who="0" m="50239" /><D75/><U62/><E41/><V66/><F77/><W24/><G71/><T67/><D67/><U43/><E43/><V104/><F104/><W7/><G63/><T109/><D109/><N who="3" m="42089" /><G24/><T4/><D11/><U90/><E90/><V44/><F66/><W113/><G9/><T100/><D99/><U0/><E0/><V33/><F124/><W5/><G113/><T56/><D56/><U82/><REACH who="1" step="1"/><E74/><REACH who="1" ten="298,215,224,253" step="2"/><V20/><F91/><AGARI ba="1,1" hai="4,10,15,91,94,98,100,102" m="50239,51721" machi="91" ten="30,2000,0" yaku="20,1,54,1" doraHai="132" who="0" fromWho="2" sc="298,33,215,0,224,-23,253,0" /><INIT seed="2,0,0,1,0,114" ten="331,215,201,253" oya="2" hai0="22,32,67,97,96,36,109,84,122,64,113,55,87" hai1="58,82,40,88,38,126,56,25,15,46,5,130,13" hai2="37,26,7,43,100,128,21,80,12,41,34,102,70" hai3="24,44,51,57,60,85,19,78,134,99,112,92,63"/><V45/><F128/><W81/><G112/><T16/><D32/><U116/><E116/><V129/><F129/><W123/><G134/><T74/><D74/><U93/><E130/><V121/><F121/><W33/><G123/><T83/><D122/><U49/><E126/><V23/><F70/><W2/><G2/><T106/><D113/><U71/><E71/><V42/><F37/><W69/><G69/><T90/><D36/><U104/><E104/><V72/><F45/><W53/><G33/><T52/><D109/><U31/><E82/><V75/><F34/><W119/><G119/><T62/><D106/><U120/><E120/><V115/><F115/><W107/><G107/><T124/><D124/><U108/><E108/><V8/><F23/><N who="3" m="13439" /><G44/><T27/><D87/><U9/><E15/><V133/><F133/><W118/><G118/><T79/><D79/><U0/><E0/><V95/><F95/><W20/><G20/><T89/><D89/><AGARI ba="0,0" hai="51,53,57,60,63,78,81,85,89,92,99" m="13439" machi="89" ten="30,1000,0" yaku="8,1" doraHai="114" who="3" fromWho="0" sc="331,-10,215,0,201,0,253,10" /><INIT seed="3,0,0,5,5,29" ten="321,215,201,263" oya="3" hai0="71,130,53,39,128,38,116,93,70,23,9,87,105" hai1="101,74,107,57,131,55,108,115,14,42,100,72,3" hai2="28,34,5,96,123,46,6,33,134,43,110,20,50" hai3="75,111,24,36,124,66,79,95,112,81,54,90,44"/><W7/><G112/><T127/><D116/><U67/><E115/><V62/><F110/><W135/><G124/><T61/><D105/><U2/><E108/><V18/><F134/><W97/><G111/><T51/><D23/><U60/><E131/><N who="0" m="50217" /><D9/><U92/><E42/><V76/><F123/><W104/><G135/><T65/><D87/><U63/><E107/><V31/><F76/><W133/><G133/><T85/><D85/><U32/><E32/><V114/><F114/><W37/><G7/><T89/><D89/><U132/><E132/><V82/><F82/><W91/><G104/><T1/><D93/><U86/><E14/><V49/><F62/><W78/><G78/><T129/><D1/><U77/><E2/><V83/><F83/><W56/><G91/><T59/><N who="0" m="50225" /><T45/><DORA hai="120" /><D127/><U103/><E3/><V25/><F96/><W30/><G66/><T19/><D19/><U69/><REACH who="1" step="1"/><E92/><REACH who="1" ten="321,205,201,263" step="2"/><V102/><F33/><W113/><G113/><T13/><D13/><U8/><E8/><V41/><F34/><W22/><G95/><T73/><D73/><U35/><E35/><V0/><F0/><W40/><G75/><T121/><D121/><U94/><E94/><V47/><REACH who="2" step="1"/><F102/><REACH who="2" ten="321,205,191,263" step="2"/><W10/><G97/><T98/><D98/><U80/><AGARI ba="0,2" hai="55,57,60,63,67,69,72,74,77,80,86,100,101,103" machi="80" ten="30,2000,0" yaku="1,1,0,1,53,0" doraHai="29,120" doraHaiUra="12,4" who="1" fromWho="1" sc="321,-5,205,40,191,-5,263,-10" /><INIT seed="4,0,0,3,5,127" ten="316,245,186,253" oya="0" hai0="102,21,120,129,17,76,47,86,134,121,97,131,110" hai1="55,89,128,49,99,42,36,66,50,38,43,22,45" hai2="111,4,28,72,130,79,115,119,116,61,94,93,87" hai3="2,114,103,126,56,90,30,54,88,16,112,26,58"/><T100/><D47/><N who="1" m="25855" /><E22/><V12/><F28/><W69/><G69/><T73/><D17/><U25/><E25/><V109/><F61/><W75/><G2/><T10/><D21/><U35/><E35/><V14/><F4/><W41/><G75/><T32/><D32/><U124/><E89/><V46/><F46/><W34/><G126/><T63/><D63/><U108/><E99/><V80/><F14/><W37/><G41/><T107/><D10/><U81/><E81/><N who="2" m="45287" /><F12/><W91/><G37/><N who="1" m="14442" /><E124/><V59/><F59/><W19/><G58/><T117/><D117/><N who="2" m="45130" /><F115/><N who="3" m="44075" /><G103/><N who="0" m="62959" /><D134/><U0/><E0/><V44/><F44/><W68/><G68/><T123/><D110/><N who="2" m="41994" /><F130/><N who="0" m="49674" /><D73/><U135/><E108/><V40/><F40/><W132/><G132/><T67/><D67/><U51/><E128/><V1/><F1/><W23/><G34/><T62/><D62/><AGARI ba="0,0" hai="16,19,23,26,30,54,56,62,88,90,91" m="44075" machi="62" ten="30,3900,0" yaku="15,1,54,2" doraHai="127" who="3" fromWho="0" sc="316,-39,245,0,186,0,253,39" /><INIT seed="5,0,0,1,3,99" ten="277,245,186,292" oya="1" hai0="117,75,72,104,28,74,49,8,38,123,1,125,71" hai1="23,57,25,46,60,34,79,88,68,56,66,81,3" hai2="100,105,124,0,84,48,16,17,40,55,89,29,9" hai3="27,43,18,62,54,101,45,110,78,135,35,92,131"/><U115/><E115/><V98/><F124/><W102/><G110/><T127/><D117/><U122/><E122/><V36/><F29/><W90/><G78/><T133/><D38/><U106/><E106/><V95/><F36/><W30/><G131/><T39/><D39/><U118/><E118/><V126/><F40/><W67/><G18/><T10/><D71/><U52/><E3/><V22/><F126/><N who="0" m="48138" /><D133/><U94/><E34/><V108/><F108/><W82/><G82/><T86/><D123/><U32/><E32/><V112/><F112/><W37/><G54/><T4/><D104/><U96/><E46/><V121/><F121/><W41/><G41/><T7/><D28/><U24/><E23/><V119/><F119/><W113/><G135/><T116/><D116/><U77/><E68/><V51/><F55/><W130/><G130/><T33/><D33/><U111/><E111/><V19/><REACH who="2" step="1"/><F22/><REACH who="2" ten="277,245,176,292" step="2"/><W83/><G113/><T65/><D65/><U61/><REACH who="1" step="1"/><E77/><REACH who="1" ten="277,235,176,292" step="2"/><V5/><AGARI ba="0,2" hai="0,5,9,16,17,19,48,51,84,89,95,98,100,105" machi="5" ten="30,8000,1" yaku="1,1,2,1,0,1,52,1,54,1,53,0" doraHai="99" doraHaiUra="31" who="2" fromWho="2" sc="277,-20,235,-40,176,100,292,-20" /><INIT seed="6,0,0,2,4,53" ten="257,195,276,272" oya="2" hai0="130,80,52,84,120,25,90,55,13,73,66,121,105" hai1="78,12,88,44,77,60,93,30,38,69,86,59,81" hai2="68,10,16,23,128,51,42,48,99,74,21,91,0" hai3="135,54,45,102,112,47,64,5,22,103,115,110,95"/><V108/><F68/><W92/><G110/><T26/><D105/><U98/><E69/><V7/><F108/><W119/><G119/><T87/><D73/><U61/><E30/><V100/><F74/><W76/><G64/><T131/><D66/><U34/><E34/><V133/><F133/><W107/><G76/><T129/><D13/><U125/><E125/><V1/><F1/><W18/><G5/><T94/><D94/><U71/><E71/><V2/><F2/><W29/><G29/><T89/><REACH who="0" step="1"/><D129/><REACH who="0" ten="247,195,276,272" step="2"/><U101/><E12/><V132/><F128/><W20/><G107/><T27/><D27/><U6/><E6/><V111/><F111/><W83/><G135/><T70/><D70/><U126/><E126/><V19/><F132/><W62/><G95/><T79/><D79/><U109/><E109/><V33/><F7/><W117/><G92/><T11/><D11/><U9/><E9/><V32/><F10/><W3/><G3/><T58/><D58/><U96/><E77/><V113/><F0/><W49/><G47/><T28/><D28/><U40/><REACH who="1" step="1"/><E59/><REACH who="1" ten="247,185,276,272" step="2"/><V41/><F32/><W123/><G45/><T4/><D4/><U97/><E97/><V116/><F33/><W104/><G22/><T14/><D14/><U65/><E65/><V36/><F23/><W124/><G20/><T63/><D63/><U50/><E50/><V8/><F48/><W114/><G49/><T43/><D43/><U35/><E35/><V15/><F51/><W46/><G62/><T37/><D37/><U82/><E82/><AGARI ba="0,2" hai="25,26,52,55,80,82,84,87,89,90,120,121,130,131" machi="82" ten="25,6400,0" yaku="1,1,22,2,54,1,53,0" doraHai="53" doraHaiUra="72" who="0" fromWho="1" sc="247,84,185,-64,276,0,272,0" /><INIT seed="7,0,0,0,0,26" ten="331,121,276,272" oya="3" hai0="3,15,82,97,60,129,128,90,122,94,120,76,8" hai1="71,56,79,39,58,57,108,36,65,85,104,49,92" hai2="101,123,74,121,126,33,14,43,21,1,4,135,25" hai3="48,12,28,10,9,75,131,52,102,83,116,50,46"/><W103/><G116/><T23/><D3/><U100/><E92/><V16/><F74/><W134/><G134/><T89/><D23/><U35/><E85/><V63/><F101/><W114/><G114/><T64/><D90/><U11/><E79/><V55/><F43/><W84/><G75/><N who="0" m="43295" /><D15/><U115/><E100/><V19/><F135/><W42/><G9/><T72/><D8/><U54/><E104/><V127/><F55/><W53/><G28/><T22/><D22/><U107/><E107/><V40/><F63/><W68/><G68/><N who="0" m="41991" /><D72/><U93/><E93/><V44/><F4/><N who="3" m="3143" /><G131/><AGARI ba="0,0" hai="89,94,97,120,122,128,129,131" m="41991,43295" machi="131" ten="30,1000,0" yaku="19,1" doraHai="26" who="0" fromWho="3" sc="331,10,121,0,276,0,272,-10" owari="341,44.0,121,-38.0,276,8.0,262,-14.0" /></mjloggm>