<mjloggm ver="2.3"><GO type="169" lobby="0"/><UN n0="%39%39%39" n1="%73%5F%6F%6B" n2="%E3%81%9F%E3%81%8B%E3%81%B2%E3%82%8D%EF%BC%8A%E7%A0%94%E7%A9%B6%E9%A4%A8" n3="%73%68%69%6E%6F%21%21" dan="17,16,16,16" rate="2168.62,2068.60,2115.63,2125.33" sx="F,M,M,M"/><TAIKYOKU oya="0"/><INIT seed="0,0,0,3,2,57" ten="250,250,250,250" oya="0" hai0="26,73,20,132,1,113,48,69,38,111,103,116,99" hai1="30,13,43,37,118,5,122,78,135,86,9,115,95" hai2="112,54,39,31,28,93,88,100,106,96,33,133,59" hai3="12,8,46,34,67,19,66,105,70,7,107,49,94"/><T56/><D116/><U81/><E118/><V127/><F112/><W23/><G34/><T129/><D113/><U92/><E122/><V0/><F133/><W41/><G94/><T47/><D69/><U52/><E135/><V68/><F127/><W64/><REACH who="3" step="1"/><G70/><REACH who="3" ten="250,250,250,240" step="2"/><T55/><D132/><U63/><E115/><V27/><F68/><W53/><G53/><T126/><D126/><U124/><E124/><V125/><F125/><W79/><G79/><T75/><D129/><U120/><E120/><V44/><F33/><W4/><G4/><T62/><D111/><U102/><E95/><V131/><F131/><W2/><AGARI ba="0,1" hai="2,7,8,12,19,23,41,46,49,64,66,67,105,107" machi="2" ten="30,8000,1" yaku="1,1,0,1,53,3" doraHai="57" doraHaiUra="60" who="3" fromWho="3" sc="250,-40,250,-20,250,-20,240,90" /><INIT seed="1,0,0,4,2,57" ten="210,230,230,330" oya="1" hai0="83,118,112,100,109,126,84,106,102,92,88,65,58" hai1="10,16,63,87,25,50,1,20,53,5,120,133,59" hai2="23,111,26,128,60,81,38,28,130,69,40,30,91" hai3="117,94,108,132,70,35,15,21,31,125,44,119,90"/><U6/><E120/><V77/><F111/><W36/><G108/><T0/><D109/><U47/><E133/><V134/><F134/><W76/><G76/><T29/><D0/><U18/><E87/><V19/><F38/><W103/><G103/><T43/><D112/><U9/><E18/><V122/><F122/><W37/><G132/><T86/><D118/><N who="3" m="45065" /><G35/><T46/><D126/><U17/><E17/><V8/><F40/><W64/><G44/><T107/><D29/><U97/><E97/><V42/><F42/><W121/><G125/><T80/><D106/><U75/><E75/><V135/><F135/><W85/><G121/><T24/><D107/><U67/><E1/><V110/><F91/><W55/><G55/><T99/><D24/><U123/><E123/><V105/><F105/><W27/><G15/><T129/><D129/><N who="2" m="49770" /><F110/><W34/><G34/><T71/><D102/><U13/><REACH who="1" step="1"/><E25/><REACH who="1" ten="210,220,230,330" step="2"/><V52/><F26/><W11/><G11/><AGARI ba="0,1" hai="5,6,9,10,11,13,16,20,47,50,53,59,63,67" machi="11" ten="40,12000,1" yaku="1,1,2,1,8,1,52,1,54,1,53,0" doraHai="57" doraHaiUra="98" who="1" fromWho="3" sc="210,0,220,130,230,0,330,-120" /><INIT seed="1,1,0,3,0,66" ten="210,350,230,210" oya="1" hai0="59,40,63,95,64,119,7,102,97,111,35,88,13" hai1="87,50,112,110,65,2,126,30,100,103,16,58,74" hai2="78,60,10,134,107,106,118,6,29,99,114,129,56" hai3="53,57,22,12,85,124,32,121,36,84,20,61,11"/><U46/><E74/><V79/><F118/><W108/><G32/><T17/><D111/><U8/><E112/><V75/><F114/><W5/><G36/><T101/><D119/><U9/><E30/><V83/><F134/><W104/><G104/><T132/><D132/><U98/><E87/><V92/><F129/><W72/><G72/><T128/><D128/><U23/><E126/><V96/><F79/><W55/><G124/><T0/><D35/><U47/><E47/><V43/><F29/><W28/><G108/><T135/><D135/><U3/><E3/><V21/><F43/><W123/><G55/><T69/><D40/><U77/><E77/><V44/><F21/><W133/><G133/><T91/><D7/><U116/><E116/><V70/><F44/><W1/><G22/><T19/><D0/><U45/><E45/><V80/><F83/><W71/><G71/><T131/><D131/><U67/><E67/><V48/><F48/><W33/><G123/><T42/><D42/><N who="1" m="24919" /><E98/><V90/><F99/><W38/><G38/><T62/><D19/><U73/><E73/><V39/><F39/><W27/><G121/><T130/><D130/><U117/><E2/><V94/><F70/><W82/><G82/><T113/><D113/><U127/><E127/><V93/><F107/><W52/><G53/><T125/><D125/><U25/><E117/><V34/><F34/><W89/><G89/><T41/><D91/><U14/><E110/><V37/><F37/><W24/><G1/><T18/><D41/><U31/><E8/><V49/><F106/><W109/><G109/><RYUUKYOKU ba="1,0" sc="210,-15,350,15,230,-15,210,15" hai1="9,14,16,23,25,31,58,65,100,103" hai3="5,11,12,20,24,27,28,33,52,57,61,84,85" /><INIT seed="1,2,0,0,2,75" ten="195,365,215,225" oya="1" hai0="26,125,72,64,90,81,71,59,51,123,99,103,121" hai1="1,84,17,117,39,97,104,94,38,110,74,45,68" hai2="11,8,128,60,133,63,15,86,44,18,67,12,31" hai3="49,114,30,80,98,2,54,92,118,10,50,47,83"/><U108/><E68/><V122/><F122/><N who="0" m="46602" /><D125/><U52/><E1/><V107/><F133/><W89/><G114/><T48/><D71/><U36/><E74/><V20/><F107/><W85/><G118/><T53/><D64/><U46/><E104/><V96/><F128/><W115/><G115/><T129/><D129/><U0/><E0/><V14/><F96/><W105/><G105/><N who="0" m="63743" /><D26/><U120/><E117/><V28/><F44/><W9/><G2/><T33/><D33/><U109/><E17/><N who="2" m="8351" /><F86/><W37/><G37/><T4/><D4/><U5/><E5/><N who="2" m="3343" /><F67/><W35/><G80/><T77/><D90/><U25/><E25/><N who="2" m="16423" /><F31/><W66/><G66/><T34/><D48/><N who="1" m="28687" /><E84/><V134/><F134/><W101/><G30/><T62/><D51/><U93/><E120/><V70/><F70/><W91/><G35/><T55/><D34/><U3/><E3/><V16/><F18/><W24/><G91/><T57/><D57/><U27/><E46/><V87/><F87/><W42/><REACH who="3" step="1"/><G24/><REACH who="3" ten="195,365,215,215" step="2"/><T41/><D41/><U29/><E97/><V78/><F78/><W56/><AGARI ba="2,1" hai="9,10,42,47,49,50,54,56,83,85,89,92,98,101" machi="56" ten="20,8000,1" yaku="1,1,2,1,0,1,7,1,8,1,53,0" doraHai="75" doraHaiUra="73" who="3" fromWho="3" sc="195,-22,365,-42,215,-22,215,96" /><INIT seed="2,0,0,1,3,53" ten="173,323,193,311" oya="2" hai0="101,122,71,47,125,66,76,86,8,57,29,121,124" hai1="103,23,22,70,85,87,133,31,119,132,39,129,54" hai2="93,97,19,46,84,43,120,12,134,99,118,51,96" hai3="24,35,102,16,59,113,55,117,41,112,90,34,94"/><V116/><F120/><W72/><G72/><T4/><D71/><U21/><E39/><V33/><F33/><W2/><G2/><T52/><D66/><U75/><E75/><V32/><F32/><W135/><G41/><T88/><D47/><U20/><E70/><V13/><F134/><N who="1" m="51817" /><E119/><V37/><F37/><W114/><G102/><T3/><D76/><U73/><E73/><V15/><F116/><W65/><G65/><T9/><D9/><U56/><E103/><V127/><F127/><N who="0" m="48714" /><D29/><U14/><E129/><V17/><REACH who="2" step="1"/><F118/><REACH who="2" ten="173,323,183,311" step="2"/><W48/><G117/><T92/><D101/><U108/><E31/><V95/><F95/><W64/><G135/><T60/><AGARI ba="0,1" hai="3,4,8,52,57,60,86,88,92,121,122" m="48714" machi="60" ten="30,7900,0" yaku="18,1,52,1,54,2" doraHai="53" who="0" fromWho="0" sc="173,89,323,-20,183,-39,311,-20" /><INIT seed="3,0,0,5,3,44" ten="262,303,144,291" oya="3" hai0="5,84,119,133,61,33,26,127,20,100,49,42,107" hai1="40,94,66,1,28,108,30,29,130,76,83,43,10" hai2="72,6,7,122,8,63,74,121,9,125,41,126,114" hai3="21,90,88,95,115,104,109,105,131,34,73,11,93"/><W98/><G34/><T112/><D119/><U54/><E108/><V106/><F63/><W45/><G73/><N who="2" m="28265" /><F41/><W128/><G115/><T55/><D33/><U24/><E66/><V18/><F106/><W13/><G21/><T111/><D111/><U70/><E70/><V16/><F114/><W102/><G109/><T79/><D112/><U4/><E94/><V129/><F129/><N who="3" m="49739" /><G45/><T82/><D5/><N who="2" m="1546" /><F9/><W124/><G124/><N who="2" m="47721" /><F8/><W32/><G32/><T3/><D42/><U86/><E130/><V14/><F14/><W113/><G113/><T118/><D127/><U51/><REACH who="1" step="1"/><E24/><REACH who="1" ten="262,293,144,291" step="2"/><V2/><F2/><W48/><G105/><T75/><D3/><U92/><E92/><V96/><F96/><W37/><G104/><T67/><D26/><U101/><E101/><V65/><F65/><W103/><G95/><T22/><D100/><U116/><E116/><V59/><F59/><AGARI ba="0,1" hai="1,4,10,28,29,30,40,43,51,54,59,76,83,86" machi="59" ten="40,2600,0" yaku="1,1,52,1,53,0" doraHai="44" doraHaiUra="12" who="1" fromWho="2" sc="262,0,293,36,144,-26,291,0" /><INIT seed="4,0,0,4,2,94" ten="262,329,118,291" oya="0" hai0="35,21,119,111,20,65,45,41,62,81,10,85,80" hai1="74,24,22,76,46,25,14,92,73,56,127,66,134" hai2="84,69,112,7,103,75,64,1,110,43,60,32,4" hai3="91,128,26,71,89,42,129,120,47,115,29,82,67"/><T9/><D119/><U53/><E66/><V107/><F75/><W33/><G115/><T135/><D135/><U87/><E134/><V118/><F112/><W27/><G120/><T23/><D111/><U16/><E46/><V57/><F110/><W122/><G122/><T55/><D35/><U109/><E109/><V90/><F118/><W99/><G26/><T79/><D55/><U19/><E127/><V61/><F32/><W132/><G132/><T114/><D80/><U123/><E123/><V44/><F1/><W31/><G31/><T130/><D130/><N who="3" m="50281" /><G82/><T28/><D28/><U86/><E25/><V5/><F107/><W18/><G18/><T30/><D30/><U38/><E38/><V15/><F103/><W13/><G13/><T68/><REACH who="0" step="1"/><D114/><REACH who="0" ten="252,329,118,291" step="2"/><U125/><E125/><V93/><F43/><W108/><G108/><T58/><D58/><U88/><E76/><V121/><F121/><W133/><G133/><T70/><D70/><U39/><E53/><V78/><F44/><W77/><G71/><T37/><AGARI ba="0,1" hai="9,10,20,21,23,37,41,45,62,65,68,79,81,85" machi="37" ten="30,6000,0" yaku="1,1,0,1,53,1" doraHai="94" doraHaiUra="40" who="0" fromWho="0" sc="252,70,329,-20,118,-20,291,-20" /><INIT seed="4,1,0,2,3,32" ten="322,309,98,271" oya="0" hai0="27,105,106,59,123,79,131,68,115,38,7,81,102" hai1="51,91,116,5,35,128,114,19,80,45,13,41,10" hai2="126,37,56,119,125,66,130,88,64,89,121,111,78" hai3="67,23,61,54,40,71,129,94,62,49,46,74,42"/><T60/><D123/><U11/><E116/><V104/><F121/><W99/><G74/><T133/><D133/><U72/><E35/><V14/><F119/><W6/><G129/><T84/><D131/><U21/><E128/><V3/><F130/><W33/><G33/><T101/><D115/><U8/><E114/><V50/><F111/><W43/><G6/><T2/><D68/><U132/><E132/><V110/><F110/><W4/><G4/><T86/><D86/><U65/><E65/><V98/><F37/><W90/><G61/><T82/><D82/><U103/><E103/><V12/><F78/><W93/><G93/><T135/><D135/><U85/><REACH who="1" step="1"/><E72/><REACH who="1" ten="322,299,98,271" step="2"/><V69/><F66/><W127/><G67/><T95/><D101/><U30/><E30/><V24/><F69/><W28/><G71/><T63/><D102/><U96/><E96/><V39/><F98/><W113/><G113/><T83/><D84/><U53/><E53/><V108/><F108/><W70/><G70/><T75/><D75/><U124/><E124/><V100/><F64/><W52/><G127/><T76/><D76/><U112/><E112/><V57/><F100/><W73/><G73/><T25/><D79/><U47/><E47/><V18/><F125/><W97/><G97/><T120/><D120/><U20/><E20/><V1/><F126/><W58/><G28/><T34/><D34/><U17/><E17/><V36/><F18/><W92/><G23/><T134/><D134/><U31/><E31/><V26/><F104/><W118/><G118/><T22/><D106/><U122/><E122/><RYUUKYOKU ba="1,1" sc="322,-30,299,10,98,10,271,10" hai1="5,8,10,11,13,19,21,41,45,51,80,85,91" hai2="1,3,12,14,24,26,36,39,50,56,57,88,89" hai3="40,42,43,46,49,52,54,58,62,90,92,94,99" /><INIT seed="5,2,1,5,1,98" ten="292,309,108,281" oya="1" hai0="80,114,129,60,130,31,20,100,91,3,30,8,49" hai1="117,70,106,73,120,25,28,46,102,108,23,11,50" hai2="115,122,43,124,6,99,64,15,131,109,42,56,22" hai3="9,84,92,119,83,125,55,26,32,135,72,40,127"/><U90/><E120/><V33/><F122/><W57/><G119/><T126/><D126/><N who="3" m="48137" /><G40/><T116/><D116/><U97/><E70/><V24/><F124/><W2/><G72/><T77/><D114/><U10/><E117/><V69/><F109/><W103/><G135/><T101/><D91/><U123/><E123/><V4/><F115/><W37/><G37/><T54/><D60/><U47/><E73/><V63/><F131/><N who="0" m="50186" /><D3/><U44/><E108/><V41/><F33/><W39/><G39/><T12/><D20/><U13/><E90/><V35/><F35/><W118/><G118/><T104/><D104/><U18/><REACH who="1" step="1"/><E10/><REACH who="1" ten="292,299,108,281" step="2"/><V59/><F69/><W34/><G9/><T7/><D30/><U53/><AGARI ba="2,2" hai="11,13,18,23,25,28,44,46,47,50,53,97,102,106" machi="53" ten="20,12000,1" yaku="1,1,2,1,0,1,7,1,52,1,53,0" doraHai="98" doraHaiUra="88" who="1" fromWho="1" sc="292,-42,299,146,108,-42,281,-42" /><INIT seed="5,3,0,5,1,13" ten="250,445,66,239" oya="1" hai0="113,44,76,1,33,105,87,19,106,24,34,7,0" hai1="56,119,122,60,101,30,10,85,61,108,95,121,77" hai2="27,26,25,11,58,37,38,73,67,45,18,83,63" hai3="92,89,133,68,6,51,107,28,80,117,79,131,102"/><U118/><E30/><V46/><F38/><W53/><G68/><T66/><D113/><U57/><E10/><V116/><F116/><W135/><G117/><T69/><D7/><U21/><E21/><V54/><F37/><W99/><G6/><T91/><D76/><U3/><E3/><V29/><F29/><W100/><G28/><T120/><D120/><U12/><E12/><V22/><F11/><W74/><G131/><T59/><D69/><U128/><E95/><V82/><F73/><W130/><G130/><T31/><D44/><U20/><E20/><V132/><F132/><N who="3" m="50763" /><G107/><T98/><D34/><U104/><E101/><V103/><F103/><W109/><G109/><T47/><D47/><AGARI ba="3,0" hai="47,51,53,74,79,80,89,92,99,100,102" m="50763" machi="47" ten="30,1000,0" yaku="20,1" doraHai="13" who="3" fromWho="0" sc="250,-19,445,0,66,0,239,19" /><INIT seed="6,0,0,0,1,92" ten="231,445,66,258" oya="2" hai0="59,103,61,63,133,86,112,45,65,90,16,13,130" hai1="30,132,0,109,18,99,25,70,69,80,101,97,121" hai2="33,1,5,19,49,31,38,14,34,4,2,39,27" hai3="62,78,76,74,75,128,28,8,41,131,37,120,84"/><V60/><F60/><W93/><G120/><T56/><D112/><U106/><E109/><V20/><F49/><W116/><G116/><T64/><D130/><U91/><E121/><V7/><F39/><W44/><G28/><T10/><D133/><U35/><E0/><N who="2" m="107" /><F38/><W47/><G8/><AGARI ba="0,0" hai="4,5,7,8,14,19,20,27,31,33,34" m="107" machi="8" ten="30,12000,1" yaku="35,5" doraHai="92" who="2" fromWho="3" sc="231,0,445,0,66,120,258,-120" /><INIT seed="6,1,0,2,3,88" ten="231,445,186,138" oya="2" hai0="1,44,14,122,130,3,79,28,96,26,32,40,83" hai1="90,23,110,48,64,41,109,37,61,105,101,71,47" hai2="114,27,69,77,124,4,67,116,86,49,73,70,15" hai3="39,6,43,82,94,127,54,91,121,10,13,102,45"/><V84/><F116/><W33/><G33/><T133/><D122/><U95/><E23/><V38/><F38/><W22/><G121/><T57/><D133/><U115/><E115/><V66/><F114/><W126/><G82/><T112/><D112/><U108/><E101/><V65/><F73/><W128/><G128/><T72/><D130/><U55/><E105/><V80/><F124/><N who="3" m="47659" /><G102/><T60/><D96/><U125/><E125/><V7/><F70/><W134/><G22/><T98/><D98/><U53/><E95/><V131/><F69/><W51/><G134/><T103/><D103/><U74/><E90/><V117/><F117/><W59/><G91/><T9/><D9/><U8/><E8/><V2/><F2/><W35/><G35/><T63/><D14/><U42/><E74/><V0/><F0/><W93/><AGARI ba="1,0" hai="6,10,13,39,43,45,51,54,59,93,94" m="47659" machi="93" ten="30,4000,0" yaku="18,1,52,2" doraHai="88" who="3" fromWho="3" sc="231,-11,445,-11,186,-21,138,43" /><INIT seed="7,0,0,1,1,100" ten="220,434,165,181" oya="3" hai0="45,115,8,56,51,98,128,127,65,67,97,114,23" hai1="29,60,135,30,62,52,96,57,49,126,86,19,50" hai2="44,43,111,38,58,94,82,53,31,105,1,46,108" hai3="4,133,2,42,80,78,27,117,24,123,6,72,35"/><W9/><G117/><T93/><D128/><U122/><E122/><V103/><F1/><W132/><G123/><T54/><D127/><U39/><E39/><V76/><F31/><N who="1" m="11785" /><E135/><N who="3" m="51786" /><G35/><T3/><D23/><U11/><E126/><V92/><F44/><W131/><G131/><T61/><D98/><U110/><E110/><V55/><F55/><W32/><G32/><T118/><D118/><U81/><E96/><V13/><F13/><W124/><G124/><T75/><D75/><U37/><E37/><V0/><F0/><N who="3" m="135" /><G42/><N who="0" m="25015" /><D8/><AGARI ba="0,0" hai="2,6,8,24,27,72,78,80" m="135,51786" machi="8" ten="30,1500,0" yaku="20,1" doraHai="100" who="3" fromWho="0" sc="220,-15,434,0,165,0,181,15" /><INIT seed="7,1,0,0,0,26" ten="205,434,165,196" oya="3" hai0="49,54,56,33,44,101,88,13,84,2,12,85,74" hai1="113,27,126,38,108,132,34,3,37,66,6,105,1" hai2="86,110,72,30,71,124,76,52,70,87,21,82,55" hai3="96,106,41,60,99,63,4,95,100,35,118,114,83"/><W133/><G118/><T51/><D74/><U50/><E108/><V131/><F110/><W130/><G130/><T121/><D2/><U36/><E113/><V116/><F116/><W61/><G114/><T7/><D121/><U90/><E105/><V92/><F131/><W14/><G41/><N who="0" m="24719" /><D33/><U65/><E126/><V102/><F124/><W93/><G133/><T129/><D129/><U19/><E50/><V103/><F71/><W104/><G83/><N who="0" m="49183" /><D101/><N who="2" m="38410" /><F70/><W20/><G35/><T107/><D107/><U32/><E27/><N who="2" m="16751" /><F72/><W9/><REACH who="3" step="1"/><G20/><REACH who="3" ten="205,434,165,186" step="2"/><T125/><D125/><U5/><E132/><V31/><F31/><W94/><G94/><T135/><D135/><U42/><E42/><V109/><F109/><W81/><G81/><T25/><D7/><U98/><E6/><V24/><F24/><W0/><G0/><T22/><D22/><U17/><E5/><V28/><F28/><W97/><G97/><T47/><D25/><U39/><E98/><V77/><F77/><W89/><AGARI ba="1,1" hai="4,9,14,60,61,63,89,93,95,96,99,100,104,106" machi="89" ten="30,3000,0" yaku="1,1,0,1,53,0" doraHai="26" doraHaiUra="134" who="3" fromWho="3" sc="205,-11,434,-11,165,-11,186,43" /><INIT seed="7,2,0,3,1,51" ten="194,423,154,229" oya="3" hai0="120,59,13,49,21,135,56,83,26,121,107,25,97" hai1="14,3,76,16,37,66,112,39,10,67,96,48,84" hai2="18,103,88,93,69,42,79,74,45,15,7,133,46" hai3="134,34,70,60,75,122,27,78,47,29,94,19,124"/><W118/><G118/><T77/><D135/><U90/><E112/><V126/><F133/><W0/><G122/><T4/><D120/><U100/><E3/><V9/><F126/><W61/><G124/><T85/><D121/><U31/><E31/><V101/><F69/><W81/><G134/><T44/><D107/><U32/><E32/><V92/><F79/><W35/><G0/><T89/><D97/><U82/><E39/><V8/><F74/><W22/><G35/><T52/><D77/><U23/><E37/><V50/><F45/><W2/><G2/><T6/><D26/><U132/><E132/><V55/><F42/><W12/><G70/><T113/><D113/><U123/><E123/><V119/><F119/><W53/><G94/><T130/><D130/><U36/><E36/><V68/><F68/><W54/><G47/><T98/><D98/><U117/><E76/><V24/><F92/><W5/><G5/><N who="0" m="2155" /><D13/><U62/><E23/><V109/><F109/><W33/><G33/><T105/><D105/><U11/><E11/><V65/><F65/><W131/><G131/><T115/><D115/><U111/><E67/><V114/><F114/><W116/><G116/><T41/><D41/><U129/><E117/><V72/><F72/><W110/><G110/><T30/><AGARI ba="2,0" hai="21,25,30,44,49,52,56,59,83,85,89" m="2155" machi="30" ten="30,4000,0" yaku="8,1,52,1,54,1" doraHai="51" who="0" fromWho="0" sc="194,46,423,-12,154,-12,229,-22" owari="240,4.0,411,51.0,142,-36.0,207,-19.0" /></mjloggm>