<mjloggm ver="2.3"><GO type="169" lobby="0"/><UN n0="%E9%AB%98%E7%94%BA%EF%BC%A0%E3%81%AA%E3%81%AE%E3%81%AF" n1="%E3%83%A9%E3%83%A0%E3%83%80%E3%81%95%E3%82%93" n2="%E3%81%94%E3%82%8A%E3%81%94%E3%82%8A%E3%81%94%E3%82%8A%E3%82%89" n3="%E3%81%84%E3%81%A1%E3%81%8B%E3%82%8F%E2%99%AA" dan="17,16,16,16" rate="2129.64,2106.36,2105.99,2083.39" sx="F,M,M,M"/><TAIKYOKU oya="0"/><INIT seed="0,0,0,0,3,62" ten="250,250,250,250" oya="0" hai0="118,72,32,31,133,69,24,18,74,87,121,125,120" hai1="99,23,109,49,102,57,5,78,113,50,59,85,21" hai2="130,16,126,106,75,84,135,104,100,14,22,81,56" hai3="77,110,12,33,89,25,116,11,65,41,51,73,9"/><T131/><D118/><U19/><E109/><V35/><F35/><W38/><G38/><T60/><D131/><U39/><E39/><V7/><F130/><W29/><G11/><T111/><D111/><U108/><E108/><V105/><F126/><W67/><G77/><T128/><D128/><U129/><E129/><V90/><F135/><W58/><G73/><T76/><D18/><U61/><E5/><V46/><F7/><W45/><G110/><T86/><D133/><U119/><E119/><V43/><F56/><W20/><G33/><T96/><D125/><U68/><E68/><V101/><REACH who="2" step="1"/><F75/><REACH who="2" ten="250,250,240,250" step="2"/><W44/><G116/><T124/><D124/><U98/><E59/><V107/><N who="2" m="26624" /><DORA hai="1" /><V114/><F114/><W26/><G45/><T30/><D69/><U103/><E57/><V47/><F47/><W27/><G58/><T83/><D60/><U2/><E61/><V134/><F134/><W123/><G123/><T91/><D121/><U37/><E113/><V8/><F8/><W94/><G29/><T115/><D120/><U6/><E6/><V4/><F4/><N who="3" m="3111" /><G20/><T79/><D115/><U64/><E21/><V10/><F10/><W15/><G15/><T71/><D71/><U95/><E23/><V122/><F122/><W88/><G89/><T82/><D31/><U127/><E127/><V55/><F55/><W53/><G53/><T54/><D54/><U0/><E0/><V40/><F40/><W63/><G63/><T117/><D117/><U36/><E2/><V34/><F34/><W52/><G41/><T97/><D74/><U112/><E112/><RYUUKYOKU ba="0,1" sc="250,10,250,-30,240,10,250,10" hai0="24,30,32,72,76,79,82,83,86,87,91,96,97" hai2="14,16,22,43,46,81,84,90,100,101" hai3="25,26,27,44,51,52,65,67,88,94" /><INIT seed="0,1,1,1,4,44" ten="260,220,250,260" oya="0" hai0="29,101,64,6,78,48,47,74,4,24,85,35,128" hai1="46,100,71,60,120,132,41,98,1,84,107,124,42" hai2="38,2,75,20,90,59,5,49,52,109,19,130,34" hai3="115,95,56,135,97,31,81,110,21,11,14,32,96"/><T43/><D128/><U30/><E120/><V125/><F130/><W69/><G32/><T12/><D74/><U102/><E1/><V37/><F109/><W80/><G69/><T121/><D121/><U118/><E118/><V113/><F113/><W28/><G115/><T8/><D101/><U127/><E132/><V13/><F125/><N who="1" m="48201" /><E30/><N who="3" m="11306" /><G21/><T39/><D64/><N who="1" m="41351" /><E102/><V70/><F70/><W10/><G10/><T94/><D94/><U76/><E46/><V7/><F34/><W51/><G97/><T45/><D45/><U105/><E105/><V119/><F119/><W22/><G22/><T26/><D26/><U103/><E103/><V86/><F75/><W77/><G77/><T61/><D61/><U83/><AGARI ba="1,1" hai="41,42,76,83,84,98,100,107" m="41351,48201" machi="83" ten="30,1100,0" yaku="18,1" doraHai="44" who="1" fromWho="1" sc="260,-6,220,24,250,-4,260,-4" /><INIT seed="1,0,0,0,4,15" ten="254,244,246,256" oya="1" hai0="126,40,42,1,26,58,78,108,43,118,0,67,134" hai1="17,21,60,33,71,106,119,130,44,10,109,6,111" hai2="83,93,127,14,120,25,85,46,53,28,68,95,73" hai3="115,79,18,45,69,16,105,81,59,80,29,5,96"/><U84/><E106/><V91/><F120/><W34/><G69/><T3/><D118/><U90/><E119/><V98/><F68/><W104/><G5/><T117/><D117/><U132/><E33/><V86/><F127/><W2/><G2/><T121/><D121/><U19/><E132/><V65/><F65/><W94/><G45/><T74/><D134/><U116/><E116/><V82/><F73/><W62/><G115/><T107/><D107/><U32/><E32/><V77/><F14/><W27/><G105/><T123/><D123/><U49/><E130/><V131/><F131/><W92/><G92/><T133/><D133/><U99/><E99/><V72/><F72/><W89/><G104/><T102/><D126/><U125/><E125/><V87/><F87/><W39/><G39/><T4/><D102/><U135/><E135/><V54/><F46/><W64/><G80/><T38/><D108/><N who="1" m="41547" /><E21/><N who="2" m="15407" /><F93/><W103/><REACH who="3" step="1"/><G103/><AGARI ba="0,0" hai="53,54,77,82,83,85,86,91,95,98,103" m="15407" machi="103" ten="30,1000,0" yaku="8,1" doraHai="15" who="2" fromWho="3" sc="254,0,244,0,246,10,256,-10" /><INIT seed="2,0,0,3,5,130" ten="254,244,256,246" oya="2" hai0="4,69,105,48,11,43,117,86,81,26,74,61,134" hai1="63,40,104,14,10,56,59,126,24,82,98,49,47" hai2="121,108,31,73,129,22,101,127,133,83,7,119,99" hai3="23,66,62,93,107,2,135,77,75,114,131,67,103"/><V80/><F121/><W19/><G2/><T115/><D74/><U5/><E126/><V41/><F119/><W113/><G75/><T0/><D105/><U32/><E104/><V122/><F129/><W42/><G42/><T35/><D117/><U76/><E98/><V72/><F122/><W28/><G28/><T109/><D115/><N who="3" m="44041" /><G77/><T90/><D109/><U85/><E32/><V123/><F7/><W18/><G107/><T92/><D35/><U44/><E24/><V34/><F34/><W97/><G131/><T29/><D69/><U64/><REACH who="1" step="1"/><E47/><REACH who="1" ten="254,234,256,246" step="2"/><V118/><F123/><W88/><G103/><T91/><D26/><U36/><E36/><V58/><F101/><W9/><G135/><T128/><D134/><U132/><E132/><V1/><F133/><W45/><G45/><T21/><D128/><U3/><E3/><V13/><F1/><W110/><G110/><T68/><D0/><U46/><E46/><V78/><F108/><W33/><G33/><T38/><D38/><U84/><E84/><V30/><F72/><W95/><G97/><T65/><D86/><U106/><E106/><V6/><F73/><W53/><G95/><T120/><D92/><U102/><E102/><V94/><F99/><W15/><G93/><T51/><D120/><U96/><E96/><V25/><F94/><W17/><G15/><T89/><D81/><U111/><E111/><V39/><F80/><W54/><G9/><T87/><D11/><U70/><AGARI ba="0,1" hai="5,10,14,40,44,49,56,59,63,64,70,76,82,85" machi="70" ten="20,8000,1" yaku="1,1,0,1,7,1,25,2,53,0" doraHai="130" doraHaiUra="50" who="1" fromWho="1" sc="254,-20,234,90,256,-40,246,-20" /><INIT seed="3,0,0,5,0,123" ten="234,324,216,226" oya="3" hai0="67,99,50,77,26,36,56,98,57,75,16,20,122" hai1="71,53,130,5,131,135,8,43,47,92,39,25,125" hai2="85,72,132,45,89,32,44,102,29,35,23,19,116" hai3="96,78,58,38,28,87,60,108,49,12,88,0,82"/><W62/><G38/><T126/><D36/><U54/><E71/><V124/><F72/><W115/><G0/><T10/><D122/><U70/><E70/><V101/><F116/><W14/><G28/><T94/><D126/><U31/><E92/><V134/><F124/><W113/><G113/><T3/><D75/><U63/><E125/><V76/><F76/><W103/><G115/><T42/><D77/><U18/><E18/><V61/><F61/><N who="3" m="23659" /><G108/><T9/><D3/><N who="1" m="63" /><E63/><V100/><F45/><W30/><G30/><T46/><D98/><U119/><E119/><V65/><F65/><W15/><G103/><N who="0" m="60919" /><D67/><U114/><E114/><V55/><F55/><N who="3" m="32111" /><G96/><T90/><D90/><AGARI ba="0,0" hai="12,14,15,78,82,87,88,90" m="32111,23659" machi="90" ten="30,2900,0" yaku="8,1,54,1" doraHai="123" who="3" fromWho="0" sc="234,-29,324,0,216,0,226,29" /><INIT seed="3,1,0,0,0,134" ten="205,324,216,255" oya="3" hai0="104,19,105,1,81,4,112,63,116,113,17,77,74" hai1="128,109,135,58,79,106,54,59,48,13,64,80,56" hai2="108,18,32,78,133,94,28,68,69,55,52,8,121" hai3="117,100,114,20,49,97,126,15,75,67,71,47,41"/><W120/><G75/><T131/><D116/><U86/><E135/><V39/><F121/><W123/><G117/><T87/><D131/><U118/><E106/><V125/><F39/><W96/><G114/><N who="0" m="44139" /><D63/><U72/><E118/><V29/><F133/><W50/><G97/><T95/><D4/><U91/><E109/><V65/><F108/><W30/><G50/><T42/><D42/><U31/><E128/><V10/><F78/><W16/><G30/><T92/><D1/><U25/><E13/><V129/><F94/><N who="0" m="35882" /><D17/><U70/><E70/><V22/><F18/><W53/><G41/><T101/><D19/><U40/><E40/><V27/><F68/><W21/><G21/><T73/><D104/><U84/><E64/><V111/><F65/><W5/><G5/><T7/><D7/><U127/><E72/><V26/><F69/><W107/><G67/><T0/><D0/><U61/><E61/><V11/><F129/><W119/><G71/><T102/><D102/><U36/><E36/><V103/><F103/><W2/><G2/><T24/><D24/><U38/><E38/><V76/><F111/><W93/><G107/><T132/><D132/><U124/><E84/><V12/><F12/><W9/><G119/><T122/><D122/><N who="3" m="46633" /><G20/><T60/><D60/><U57/><REACH who="1" step="1"/><E79/><REACH who="1" ten="205,314,216,255" step="2"/><V66/><F76/><W82/><G15/><T43/><D43/><U34/><AGARI ba="1,1" hai="25,31,34,48,54,56,57,58,59,80,86,91,124,127" machi="34" ten="30,12000,2" yaku="1,1,2,1,0,1,52,2,53,1" doraHai="134" doraHaiUra="83" who="1" fromWho="1" sc="205,-31,314,133,216,-31,255,-61" /><INIT seed="4,0,0,1,5,103" ten="174,447,185,194" oya="0" hai0="25,132,19,72,125,12,6,62,18,85,105,29,65" hai1="23,67,39,48,76,30,83,116,75,107,4,34,128" hai2="121,37,87,46,78,111,35,109,45,44,134,88,43" hai3="79,15,53,129,131,81,123,82,3,50,41,114,92"/><T112/><D72/><U124/><E116/><V21/><F35/><W120/><G41/><T60/><D112/><U47/><E34/><V115/><F121/><N who="3" m="46667" /><G3/><T59/><D125/><U135/><E39/><V126/><F126/><W100/><G15/><T68/><D132/><U20/><E124/><V36/><F134/><W54/><G114/><T5/><D105/><U74/><E74/><V110/><F115/><W95/><G82/><T61/><D85/><U119/><E107/><V108/><F78/><W17/><G17/><T133/><D133/><U38/><E38/><V64/><F64/><W2/><G2/><T94/><D94/><N who="3" m="35881" /><G100/><T0/><D19/><U84/><E135/><V32/><F32/><W122/><G122/><T14/><D14/><U77/><E83/><V90/><F111/><W91/><G91/><T1/><D1/><U96/><E77/><V9/><F9/><W102/><G102/><T57/><D68/><U55/><E76/><V66/><F43/><W56/><G53/><T52/><D0/><U22/><E75/><AGARI ba="0,0" hai="50,54,56,75,79,81,129,131" m="35881,46667" machi="75" ten="30,1000,0" yaku="13,1" doraHai="103" who="3" fromWho="1" sc="174,0,447,-10,185,0,194,10" /><INIT seed="5,0,0,0,1,42" ten="174,437,185,204" oya="1" hai0="90,16,66,33,65,10,81,127,12,23,132,38,14" hai1="113,98,1,57,59,72,79,92,71,34,24,116,58" hai2="30,3,11,53,80,64,121,93,6,109,105,103,45" hai3="46,17,123,22,7,13,115,77,35,15,107,86,51"/><U118/><E1/><V36/><F121/><W32/><G107/><T2/><D2/><U112/><E71/><V54/><F105/><W73/><G73/><T94/><D33/><U4/><E4/><V96/><F109/><W49/><G49/><T43/><D132/><U37/><E37/><V130/><F130/><W21/><G115/><N who="1" m="44106" /><E79/><V119/><F119/><W99/><G99/><T78/><D127/><U110/><E72/><V87/><F64/><W56/><G56/><T97/><D43/><U8/><E8/><V75/><F30/><W62/><G62/><T83/><D38/><U124/><E124/><V91/><REACH who="2" step="1"/><F75/><REACH who="2" ten="174,437,175,204" step="2"/><W44/><G123/><T88/><D78/><U102/><E110/><V108/><F108/><W28/><G28/><AGARI ba="0,1" hai="24,28,34,57,58,59,92,98,102,116,118" m="44106" machi="28" ten="30,1500,0" yaku="15,1" doraHai="42" who="1" fromWho="3" sc="174,0,437,25,175,0,204,-15" /><INIT seed="5,1,0,4,4,54" ten="174,462,175,189" oya="1" hai0="24,73,22,107,72,75,19,98,42,104,25,76,56" hai1="77,67,58,90,135,114,35,36,6,101,1,38,87" hai2="28,52,78,121,27,69,59,64,96,5,11,45,106" hai3="88,111,100,49,3,31,103,30,82,63,74,118,44"/><U55/><E35/><V125/><F121/><W15/><G3/><T110/><D110/><U46/><E114/><V10/><F78/><W40/><G111/><T18/><D76/><U133/><E77/><V50/><F125/><W32/><G32/><T51/><D98/><U4/><E101/><N who="3" m="38986" /><G74/><T108/><D108/><U84/><E67/><V102/><F5/><W113/><G113/><T47/><REACH who="0" step="1"/><D56/><REACH who="0" ten="164,462,175,189" step="2"/><U9/><E58/><V79/><F79/><W62/><G118/><T37/><D37/><U123/><E38/><V16/><F45/><W8/><G63/><T71/><D71/><U57/><E36/><V33/><F16/><N who="3" m="8295" /><G62/><AGARI ba="1,1" hai="10,11,27,28,33,50,52,59,62,64,69,96,102,106" machi="62" ten="40,8000,1" yaku="25,2,52,1,54,1" doraHai="54" who="2" fromWho="3" sc="164,0,462,0,175,93,189,-83" /><INIT seed="6,0,0,5,1,58" ten="164,462,268,106" oya="2" hai0="69,43,36,28,70,50,4,79,71,16,129,34,17" hai1="82,67,115,26,134,46,6,0,132,78,24,75,122" hai2="29,126,30,40,105,87,2,39,110,131,100,3,117" hai3="73,59,109,92,124,113,49,48,33,99,123,127,90"/><V74/><F110/><W64/><G33/><T96/><D129/><U97/><E115/><V94/><F117/><W102/><G73/><T45/><D4/><U32/><E122/><V101/><F74/><W106/><G123/><T20/><D79/><U54/><E67/><V51/><F131/><W21/><G109/><T116/><D116/><U84/><E97/><V8/><F39/><W53/><G113/><T66/><D34/><U37/><E75/><V107/><F87/><W44/><G21/><T62/><D96/><U114/><E114/><V91/><F51/><W76/><G76/><T104/><D104/><U12/><E0/><V56/><F56/><W11/><G11/><T60/><D60/><U83/><E83/><V5/><F8/><W130/><G130/><T63/><D63/><U7/><E54/><V18/><F5/><W68/><G68/><T95/><D95/><U118/><E118/><V112/><F94/><W125/><G64/><T108/><D108/><U103/><E103/><V120/><F101/><W72/><G72/><T52/><D28/><U47/><E37/><V93/><F100/><W77/><G77/><T22/><D22/><U23/><E32/><V10/><F107/><W88/><REACH who="3" step="1"/><G106/><REACH who="3" ten="164,462,268,96" step="2"/><T35/><D35/><U42/><E23/><V25/><F105/><W80/><G80/><T65/><D20/><U85/><E82/><V57/><F112/><W14/><G14/><T27/><D27/><U133/><E78/><V15/><F120/><W119/><G119/><T128/><D128/><U1/><E12/><N who="2" m="7447" /><F2/><W98/><G98/><T31/><D66/><RYUUKYOKU ba="0,1" sc="164,-10,462,-10,268,-10,96,30" hai3="44,48,49,53,59,88,90,92,99,102,124,125,127" /><INIT seed="7,1,1,1,1,23" ten="154,452,258,126" oya="3" hai0="132,6,28,64,4,79,85,72,49,20,84,124,7" hai1="15,100,131,121,9,27,110,45,61,65,25,133,1" hai2="62,135,48,12,90,52,24,119,114,8,104,60,5" hai3="54,32,59,36,51,107,102,88,19,21,37,68,31"/><W97/><G68/><T70/><D72/><U34/><E1/><V77/><F114/><W125/><G125/><T99/><D124/><U83/><E110/><V30/><F104/><W120/><G120/><T47/><D70/><U122/><E34/><V26/><F119/><W108/><G108/><T112/><D64/><U44/><E100/><V89/><F77/><W92/><G31/><T96/><D112/><U42/><E83/><V82/><F135/><W50/><G50/><T95/><D79/><U115/><E115/><V11/><F11/><W38/><G32/><T66/><D66/><U29/><E29/><V127/><F127/><W86/><REACH who="3" step="1"/><G38/><REACH who="3" ten="154,452,258,116" step="2"/><T105/><D132/><U128/><E133/><V113/><F30/><W71/><G71/><T81/><D28/><U22/><E121/><V63/><F113/><W69/><G69/><T18/><D105/><U116/><E122/><V109/><F109/><W33/><G33/><T58/><D58/><U3/><E116/><V41/><F48/><W76/><G76/><N who="0" m="46119" /><D49/><U17/><E131/><V56/><F56/><W80/><G80/><T130/><D130/><U14/><E128/><V39/><F82/><W74/><G74/><T91/><D47/><U117/><E117/><V129/><F39/><W75/><G75/><T35/><D35/><U93/><E45/><V126/><F129/><W43/><G43/><T10/><D10/><U40/><E44/><V67/><F41/><W94/><G94/><T2/><D2/><U98/><E3/><V123/><F126/><W134/><G134/><T16/><D20/><U103/><E40/><RYUUKYOKU ba="1,2" sc="154,15,452,-15,258,-15,116,15" hai0="4,6,7,16,18,85,91,95,96,99" hai3="19,21,36,37,51,54,59,86,88,92,97,102,107" /><INIT seed="7,2,2,1,1,88" ten="169,437,243,131" oya="3" hai0="48,29,124,76,65,67,89,100,11,20,33,5,74" hai1="127,83,129,111,3,4,134,105,82,10,104,18,90" hai2="53,133,94,103,120,84,70,109,45,128,44,2,16" hai3="26,49,0,80,56,66,106,23,21,58,24,118,28"/><W62/><G106/><T114/><D33/><U6/><E111/><V98/><F109/><W32/><G0/><T110/><D110/><U97/><E134/><V12/><F70/><W87/><G118/><T14/><D74/><U15/><E129/><V121/><F2/><W30/><G32/><T42/><D76/><U57/><E127/><V19/><F133/><W115/><G115/><T36/><D36/><U102/><E105/><V122/><F128/><W46/><G62/><T35/><D35/><U93/><E57/><V75/><F75/><W96/><G96/><T108/><D100/><U60/><E60/><V81/><F53/><W64/><G64/><T40/><D108/><U135/><E6/><V27/><F27/><W92/><G66/><N who="0" m="25099" /><D124/><U61/><E61/><V31/><F31/><W1/><G1/><T38/><D38/><U51/><E51/><V130/><F130/><W112/><G112/><T125/><D125/><U113/><E113/><V68/><F68/><W63/><G63/><T117/><D117/><U72/><E72/><V73/><F73/><W54/><REACH who="3" step="1"/><G92/><REACH who="3" ten="169,437,243,121" step="2"/><T101/><D114/><U59/><E93/><V13/><F122/><W41/><G41/><T91/><D42/><U52/><E97/><V95/><F95/><W39/><G39/><T123/><D123/><U99/><E3/><V86/><F121/><W43/><G43/><T69/><D69/><U71/><E71/><V8/><F120/><W25/><G25/><N who="0" m="16551" /><D101/><U132/><E99/><V107/><F107/><W50/><G50/><T37/><D37/><U47/><E132/><V17/><F103/><RYUUKYOKU ba="2,3" sc="169,15,437,-15,243,-15,121,15" hai0="5,11,14,40,48,89,91" hai3="21,23,24,26,28,30,46,49,54,56,58,80,87" /><INIT seed="7,3,3,4,4,14" ten="184,422,228,136" oya="3" hai0="82,123,20,84,31,71,104,51,57,18,125,83,119" hai1="88,107,133,48,40,35,44,111,49,37,52,70,93" hai2="23,45,90,6,73,92,53,34,1,21,105,112,113" hai3="95,126,8,108,29,80,24,135,89,75,116,63,16"/><W131/><G116/><T17/><D71/><U42/><E111/><V58/><F105/><W69/><G108/><T25/><D104/><U109/><E109/><V56/><F34/><W13/><G135/><T9/><D119/><U94/><E70/><V72/><F45/><W127/><G131/><T66/><D123/><U60/><E107/><V99/><F6/><W86/><G69/><T96/><D125/><N who="3" m="47625" /><G63/><N who="0" m="38255" /><D96/><U101/><E35/><V26/><F1/><W87/><G75/><T15/><D51/><U33/><E33/><V81/><F73/><W10/><G10/><T118/><D118/><U43/><E133/><V36/><F72/><W4/><G4/><N who="0" m="3495" /><D83/><U59/><E37/><V41/><F36/><W117/><G117/><T38/><D38/><U132/><E132/><V50/><F41/><W7/><G7/><T128/><D128/><U30/><E30/><V68/><F68/><W129/><G129/><T100/><D100/><U28/><E28/><V98/><F81/><W115/><G115/><T67/><D67/><U46/><E101/><V103/><F113/><W55/><G55/><T130/><D130/><U78/><E60/><V134/><F112/><W114/><G114/><T3/><D3/><U76/><E52/><N who="2" m="31767" /><F134/><W5/><G5/><T19/><D31/><U65/><E42/><V124/><F124/><W2/><G2/><T32/><D32/><U54/><E65/><V106/><F26/><W47/><G47/><T62/><D62/><N who="1" m="36215" /><E94/><N who="2" m="56663" /><F106/><W22/><G80/><T11/><D11/><U110/><E110/><V61/><AGARI ba="3,3" hai="21,23,53,58,61,92,99,103" m="56663,31767" machi="61" ten="30,2000,0" yaku="8,1,54,1" doraHai="14" who="2" fromWho="2" sc="184,-8,422,-8,228,59,136,-13" owari="176,-22.0,414,51.0,287,9.0,123,-38.0" /></mjloggm>