<mjloggm ver="2.3"><GO type="169" lobby="0"/><UN n0="%E3%82%B9%E3%83%A9%E3%82%A4%E3%83%A0%E3%83%8A%E3%82%A4%E3%83%88" n1="%39%39%39" n2="%68%61%79%61%74%6F%E2%98%86" n3="%53%48%45%45%50%32%30%30" dan="16,17,17,17" rate="2045.42,2167.61,2185.43,2171.26" sx="M,F,M,M"/><TAIKYOKU oya="0"/><INIT seed="0,0,0,4,1,32" ten="250,250,250,250" oya="0" hai0="48,127,18,99,116,14,92,115,29,64,43,134,70" hai1="102,81,82,26,37,67,120,90,28,69,80,53,23" hai2="11,0,61,79,97,111,19,129,91,62,86,50,59" hai3="4,16,65,85,83,3,93,98,49,117,75,20,119"/><T45/><D115/><U24/><E120/><V112/><F112/><W76/><G65/><T104/><D116/><U21/><E37/><V52/><F129/><W34/><G34/><T96/><D127/><U9/><E102/><V13/><F111/><W132/><G132/><T40/><D134/><U123/><E123/><V8/><F79/><W60/><G60/><T68/><D29/><U22/><E53/><V51/><F97/><W130/><G130/><T30/><D30/><U113/><E113/><V106/><F106/><W74/><G49/><T38/><D104/><U71/><E67/><V107/><F107/><W15/><G119/><T54/><D64/><U27/><E28/><V118/><F118/><W58/><G58/><T46/><D43/><U108/><E108/><V133/><F133/><W1/><G4/><T39/><D39/><U125/><E125/><V17/><F61/><W128/><G128/><T2/><D2/><U72/><E72/><V121/><F121/><W36/><G36/><T42/><D42/><U10/><REACH who="1" step="1"/><E90/><REACH who="1" ten="250,240,250,250" step="2"/><V110/><F110/><W73/><REACH who="3" step="1"/><G117/><REACH who="3" ten="250,240,250,240" step="2"/><T44/><D38/><U5/><E5/><V114/><F114/><W6/><G6/><T31/><D40/><U122/><E122/><V35/><F35/><W78/><G78/><T89/><D68/><AGARI ba="0,2" hai="9,10,21,22,23,24,26,27,68,69,71,80,81,82" machi="68" ten="50,8000,1" yaku="1,1,29,2,28,2,53,0" doraHai="32" doraHaiUra="56" who="1" fromWho="0" sc="250,-80,240,100,250,0,240,0" /><INIT seed="1,0,0,0,1,124" ten="170,340,250,240" oya="1" hai0="102,125,117,67,57,36,52,14,92,130,10,49,42" hai1="45,99,105,20,54,19,80,2,46,43,121,118,63" hai2="65,95,82,21,61,126,18,33,112,115,94,131,26" hai3="40,24,70,30,100,74,13,110,5,111,58,127,56"/><U22/><E118/><V84/><F126/><W41/><G127/><T12/><D125/><U60/><E121/><V59/><F33/><W39/><G70/><T3/><D117/><U73/><E2/><V69/><F69/><W77/><G100/><T96/><D67/><U29/><E29/><V129/><F94/><W87/><G74/><T83/><D83/><U48/><E105/><V37/><F95/><W86/><G13/><T31/><D31/><U78/><E99/><V68/><F37/><W6/><G30/><T81/><D81/><U28/><E28/><V107/><F68/><W50/><G50/><T79/><D79/><U15/><REACH who="1" step="1"/><E22/><REACH who="1" ten="170,330,250,240" step="2"/><V27/><F107/><W17/><G111/><T8/><D96/><U85/><E85/><V11/><F26/><W75/><G110/><T51/><D3/><U134/><E134/><V91/><REACH who="2" step="1"/><F11/><REACH who="2" ten="170,330,240,240" step="2"/><W1/><G24/><T108/><D10/><U98/><E98/><V104/><F104/><W0/><G0/><T97/><D8/><U103/><E103/><V25/><F25/><W93/><G1/><T122/><D97/><U90/><E90/><V35/><F35/><W109/><G109/><T72/><D102/><U119/><E119/><V53/><F53/><W44/><G87/><T132/><D108/><U64/><E64/><V9/><F9/><W120/><G86/><T101/><D101/><U16/><E16/><V71/><F71/><W4/><G17/><T106/><D106/><U62/><E62/><V66/><F66/><W47/><G5/><T114/><D52/><U89/><E89/><V123/><F123/><RYUUKYOKU ba="0,2" sc="170,-15,330,15,240,15,240,-15" hai1="15,19,20,43,45,46,48,54,60,63,73,78,80" hai2="18,21,27,59,61,65,82,84,91,112,115,129,131" /><INIT seed="1,1,2,3,5,3" ten="155,345,255,225" oya="1" hai0="21,65,130,120,2,105,6,47,135,16,87,129,55" hai1="131,12,126,20,111,75,61,43,66,116,67,128,54" hai2="118,122,91,24,62,23,104,72,19,123,56,74,127" hai3="82,80,52,124,57,11,50,32,88,46,30,51,0"/><U92/><E116/><V76/><F118/><W84/><G124/><T34/><D34/><U83/><E126/><V63/><F104/><W79/><G32/><T49/><D105/><U107/><E107/><V109/><F109/><W110/><G110/><T38/><D38/><U4/><E111/><V22/><F127/><W69/><G69/><T102/><D102/><U40/><E54/><V94/><F76/><W33/><G33/><T90/><D135/><U60/><E92/><V85/><F62/><N who="1" m="24169" /><E83/><V39/><F39/><W45/><G30/><T25/><D65/><N who="1" m="24587" /><E75/><V15/><F74/><W103/><G103/><T112/><D112/><U115/><E115/><V93/><F72/><W17/><G51/><T13/><D120/><U125/><E125/><V114/><F114/><W7/><G17/><T8/><REACH who="0" step="1"/><D2/><REACH who="0" ten="145,345,255,225" step="2"/><U134/><E134/><V106/><F106/><W29/><REACH who="3" step="1"/><G29/><REACH who="3" ten="145,345,255,215" step="2"/><T18/><D18/><U1/><E128/><V133/><F133/><W71/><G71/><T78/><D78/><U53/><E131/><V117/><F117/><W9/><G9/><T86/><D86/><AGARI ba="1,4" hai="0,7,11,45,46,50,52,57,79,80,82,84,86,88" machi="86" ten="30,8000,1" yaku="1,1,7,1,52,1,54,2,53,0" doraHai="3" doraHaiUra="108" who="3" fromWho="0" sc="145,-83,345,0,255,0,215,123" /><INIT seed="2,0,0,1,0,38" ten="62,345,255,338" oya="2" hai0="80,121,20,22,120,37,4,34,118,117,17,7,23" hai1="129,57,107,82,108,116,72,29,0,51,71,98,95" hai2="54,106,18,41,126,97,69,89,6,84,32,15,103" hai3="86,77,10,64,40,115,88,49,52,31,134,58,8"/><V19/><F69/><W123/><G123/><N who="0" m="47179" /><D37/><U122/><E108/><V99/><F32/><W125/><G134/><T90/><D34/><U30/><E122/><V111/><F111/><W63/><G125/><T42/><D80/><U53/><E71/><V76/><F76/><W44/><G115/><T55/><D90/><U28/><E107/><V92/><F126/><W130/><G130/><T14/><D55/><U113/><E116/><N who="0" m="44649" /><D42/><U124/><E113/><V131/><F131/><W66/><G31/><T75/><D75/><U112/><E112/><V62/><F41/><W102/><G102/><T132/><D132/><U59/><E124/><V3/><F3/><W2/><G77/><T60/><D60/><U47/><E0/><V48/><F62/><W45/><G2/><T104/><D104/><U35/><E35/><V5/><F97/><W79/><G79/><T46/><D46/><N who="3" m="18025" /><G40/><T85/><D85/><U25/><E129/><V119/><F119/><W61/><G61/><T21/><AGARI ba="0,0" hai="4,7,14,17,20,21,22,23" m="44649,47179" machi="21" ten="40,5200,0" yaku="12,1,34,2" doraHai="38" who="0" fromWho="0" sc="62,52,345,-13,255,-26,338,-13" /><INIT seed="3,0,0,3,3,65" ten="114,332,229,325" oya="3" hai0="37,69,39,131,79,30,129,29,17,35,110,101,9" hai1="116,83,72,108,43,25,66,117,16,87,12,26,27" hai2="91,32,55,112,134,67,20,133,23,73,122,89,61" hai3="102,115,93,28,60,99,1,47,0,132,103,36,97"/><W77/><G115/><T121/><D121/><U8/><E108/><V123/><F73/><W10/><G132/><N who="2" m="50793" /><F32/><W80/><G28/><T53/><D110/><U86/><E43/><V19/><F55/><W7/><G0/><T31/><D35/><U81/><E66/><V48/><F48/><W22/><G22/><N who="2" m="8233" /><F19/><W92/><G60/><T52/><D79/><U11/><E11/><V95/><F112/><W45/><REACH who="3" step="1"/><G36/><REACH who="3" ten="114,332,229,315" step="2"/><T34/><D39/><U78/><REACH who="1" step="1"/><E72/><AGARI ba="0,1" hai="1,7,10,45,47,72,77,80,92,93,97,99,102,103" machi="72" ten="30,12000,1" yaku="1,1,2,1,7,1,9,1,53,1" doraHai="65" doraHaiUra="76" who="3" fromWho="1" sc="114,0,332,-120,229,0,315,130" /><INIT seed="3,1,0,1,3,98" ten="114,212,229,445" oya="3" hai0="95,90,40,63,24,126,102,65,76,121,94,86,103" hai1="78,83,6,23,131,118,27,60,61,15,113,119,109" hai2="106,30,128,59,93,70,96,31,97,79,84,13,69" hai3="66,122,11,39,64,29,44,41,129,5,89,114,45"/><W46/><G122/><T105/><D121/><U18/><E109/><V37/><F37/><W35/><G114/><T75/><D126/><U49/><E113/><V130/><F106/><W28/><G129/><N who="2" m="49769" /><F59/><W53/><G35/><T62/><D105/><U88/><E131/><V134/><F13/><N who="3" m="5359" /><G39/><T91/><D40/><U92/><E49/><V125/><F125/><W55/><G41/><T112/><D112/><U104/><E104/><V34/><F96/><W135/><G135/><T7/><D7/><U16/><E6/><V19/><F19/><W21/><G89/><T110/><D110/><U58/><E83/><N who="2" m="47231" /><F134/><W52/><G21/><T32/><D75/><U72/><E72/><V43/><F43/><W77/><G77/><T17/><D76/><U116/><E78/><V73/><F73/><W87/><G87/><N who="0" m="52575" /><D32/><U80/><E80/><V3/><F3/><W123/><G123/><T4/><D4/><U117/><E58/><V99/><F99/><W10/><G10/><T108/><D108/><U132/><E132/><V68/><F34/><W14/><G14/><T67/><D67/><AGARI ba="1,0" hai="28,29,44,45,46,52,53,55,64,66,67" m="5359" machi="67" ten="30,2900,0" yaku="8,1,54,1" doraHai="98" who="3" fromWho="0" sc="114,-32,212,0,229,0,445,32" /><INIT seed="3,2,0,3,0,25" ten="82,212,229,477" oya="3" hai0="118,65,5,3,50,11,64,28,124,93,59,119,39" hai1="45,68,9,22,56,51,69,94,117,44,109,100,122" hai2="101,14,116,31,43,96,18,123,92,126,19,129,102" hai3="60,83,103,86,114,110,74,67,6,47,40,115,111"/><W15/><G74/><T52/><D39/><U112/><E109/><N who="3" m="41482" /><G103/><T84/><D124/><U75/><E122/><V63/><F116/><W10/><G60/><T21/><D119/><U32/><E75/><V132/><F126/><W57/><G57/><T29/><D118/><U12/><E32/><V76/><F123/><W120/><G67/><T20/><D20/><U66/><E22/><V49/><F129/><W48/><G120/><T42/><D42/><U77/><E112/><V36/><F36/><W88/><AGARI ba="2,0" hai="6,10,15,40,47,48,83,86,88,114,115" m="41482" machi="88" ten="30,6000,0" yaku="14,1,10,1,54,1" doraHai="25" who="3" fromWho="3" sc="82,-22,212,-22,229,-22,477,66" /><INIT seed="3,3,0,4,5,82" ten="60,190,207,543" oya="3" hai0="119,92,23,12,116,39,83,78,46,88,97,124,35" hai1="16,86,91,2,36,3,71,21,106,40,13,102,104" hai2="87,5,74,41,53,42,9,72,63,34,62,133,47" hai3="100,118,27,121,56,44,103,134,38,113,59,33,25"/><W20/><G121/><T129/><D35/><U69/><E69/><V68/><F34/><W61/><G118/><T22/><D129/><U90/><E71/><V131/><F131/><W4/><G113/><T112/><D112/><U95/><E91/><V94/><F133/><W89/><G134/><T50/><D39/><U45/><REACH who="1" step="1"/><E102/><REACH who="1" ten="60,180,207,543" step="2"/><V48/><F68/><W32/><G89/><T26/><D124/><U84/><E84/><V52/><F74/><W18/><G103/><T99/><D116/><U54/><E54/><V115/><F72/><W14/><G100/><T117/><D119/><U109/><E109/><V49/><F115/><W70/><G70/><T96/><D117/><U67/><E67/><V7/><F47/><W128/><G44/><T75/><D12/><U80/><E80/><V120/><F120/><W66/><G128/><T110/><D110/><U60/><E60/><V76/><F76/><W127/><G61/><T79/><D78/><U0/><AGARI ba="3,1" hai="0,2,3,13,16,21,36,40,45,86,90,95,104,106" machi="0" ten="30,8000,1" yaku="1,1,0,1,52,1,54,1,53,1" doraHai="82" doraHaiUra="37" who="1" fromWho="1" sc="60,-23,180,99,207,-23,543,-43" /><INIT seed="4,0,0,0,3,73" ten="37,279,184,500" oya="0" hai0="9,112,17,78,105,77,53,115,76,84,111,134,58" hai1="135,96,85,121,24,71,128,51,130,70,64,118,25" hai2="0,101,6,123,35,108,48,114,3,12,124,110,44" hai3="116,88,122,54,32,11,14,133,27,21,30,40,28"/><T98/><D134/><U63/><E118/><V81/><F123/><W45/><G116/><T99/><D111/><U72/><E121/><V103/><F35/><W10/><G133/><T80/><D17/><U2/><E72/><V89/><F114/><N who="0" m="43562" /><D9/><U90/><E135/><V49/><F12/><W43/><G122/><T19/><D19/><U109/><E109/><V39/><F39/><W50/><G32/><T62/><D105/><U127/><E71/><V7/><F81/><W47/><G30/><T126/><D126/><U20/><E127/><V106/><F89/><AGARI ba="0,0" hai="53,58,62,76,77,78,80,84,89,98,99" m="43562" machi="89" ten="30,11600,0" yaku="15,1,52,3" doraHai="73" who="0" fromWho="2" sc="37,116,279,0,184,-116,500,0" /><INIT seed="4,1,0,4,0,97" ten="153,279,68,500" oya="0" hai0="14,70,6,36,7,61,100,132,119,112,67,71,35" hai1="73,49,24,29,30,126,52,103,75,47,51,31,83" hai2="122,105,44,130,12,125,85,110,108,107,86,124,99" hai3="46,127,0,15,20,129,5,21,42,134,65,95,26"/><T4/><D119/><U84/><E126/><N who="2" m="48747" /><F44/><W111/><G46/><T45/><D35/><U72/><E49/><V113/><F12/><W69/><G20/><T13/><D112/><U56/><E56/><V96/><F113/><W53/><G95/><T77/><D132/><U114/><E114/><V39/><F39/><W19/><G19/><T9/><D77/><U123/><E123/><V89/><F130/><W101/><G21/><T94/><D71/><U11/><E11/><V76/><F122/><W93/><G53/><T3/><D3/><U88/><REACH who="1" step="1"/><E103/><REACH who="1" ten="153,269,68,500" step="2"/><N who="2" m="62695" /><F76/><W27/><G127/><T60/><D9/><U48/><E48/><V79/><F79/><W43/><G69/><T1/><D70/><U17/><E17/><V58/><F58/><W133/><G133/><T8/><D8/><U106/><E106/><V59/><F59/><W109/><G134/><T120/><D120/><U16/><E16/><V135/><F135/><W121/><G121/><T91/><D36/><U10/><E10/><V62/><F62/><W102/><G129/><T40/><D61/><U82/><E82/><N who="2" m="49335" /><F86/><W74/><G65/><T38/><D67/><U34/><AGARI ba="1,1" hai="24,29,30,31,34,47,51,52,72,73,75,83,84,88" machi="34" ten="30,7900,0" yaku="1,1,0,1,54,2,53,0" doraHai="97" doraHaiUra="57" who="1" fromWho="1" sc="153,-40,269,92,68,-21,500,-21" /><INIT seed="5,0,0,3,1,27" ten="113,361,47,479" oya="1" hai0="4,111,64,62,11,13,85,81,8,103,53,59,130" hai1="19,38,42,63,34,129,128,116,122,32,0,117,113" hai2="57,2,20,23,58,115,7,135,67,72,12,118,82" hai3="33,87,96,94,60,35,79,86,120,98,16,119,18"/><U92/><E113/><V88/><F118/><W80/><G119/><T61/><D111/><U48/><E122/><V77/><F135/><W105/><G120/><T133/><D133/><U65/><E38/><V55/><F115/><W124/><G124/><T30/><D130/><N who="1" m="50283" /><E0/><V70/><F70/><W3/><G3/><T106/><D11/><U112/><E112/><V36/><F36/><W47/><G86/><T28/><D103/><U90/><E19/><V51/><F2/><W40/><G60/><T131/><D106/><U68/><E32/><V1/><F1/><W83/><G83/><T37/><D37/><U78/><E34/><V45/><F67/><W99/><G105/><T15/><D15/><U102/><E102/><V52/><F88/><N who="3" m="55367" /><G35/><T26/><D26/><U50/><E78/><V46/><F20/><W101/><G33/><T5/><D5/><U134/><E50/><V56/><F46/><W108/><G108/><T95/><D95/><U24/><E24/><V69/><F69/><W104/><G104/><T54/><D131/><U84/><E134/><V74/><F74/><W31/><G101/><T22/><D62/><U75/><E75/><V6/><F6/><W17/><G31/><N who="0" m="11819" /><D22/><U76/><E76/><AGARI ba="0,0" hai="4,8,13,53,54,59,61,64,76,81,85" m="11819" machi="76" ten="30,7700,0" yaku="8,1,52,3" doraHai="27" who="0" fromWho="1" sc="113,77,361,-77,47,0,479,0" /><INIT seed="6,0,0,0,4,21" ten="190,284,47,479" oya="2" hai0="109,67,30,90,112,60,113,7,1,78,115,135,104" hai1="31,44,0,94,53,28,81,61,128,46,65,95,80" hai2="77,85,91,87,3,99,111,82,13,130,32,62,98" hai3="88,2,26,118,69,50,18,8,68,102,43,55,33"/><V11/><F3/><W127/><G118/><T134/><D109/><U92/><E128/><V19/><F111/><W45/><G102/><T121/><D121/><U76/><E0/><V71/><F130/><W23/><G127/><T129/><D129/><U52/><E65/><V124/><F124/><W24/><G43/><T48/><D104/><U101/><E101/><V39/><F39/><W97/><G8/><N who="0" m="2159" /><D78/><U72/><E72/><V10/><F32/><W126/><G2/><T54/><D30/><N who="1" m="11307" /><E76/><V131/><F131/><W73/><G73/><T119/><D90/><U122/><E122/><V93/><REACH who="2" step="1"/><F11/><REACH who="2" ten="190,284,37,479" step="2"/><W56/><G126/><T16/><D119/><U106/><E106/><V49/><F49/><N who="3" m="30831" /><G33/><T15/><D48/><N who="1" m="28679" /><E46/><V4/><F4/><W116/><G116/><T6/><D6/><U100/><E100/><V66/><AGARI ba="0,1" hai="10,13,19,62,66,71,77,82,85,87,91,93,98,99" machi="66" ten="30,3000,0" yaku="1,1,0,1,53,0" doraHai="21" doraHaiUra="133" who="2" fromWho="2" sc="190,-10,284,-10,37,40,479,-10" /><INIT seed="6,1,0,0,2,12" ten="180,274,77,469" oya="2" hai0="92,19,38,79,33,80,1,113,15,49,29,34,132" hai1="89,32,35,102,5,103,28,53,121,133,81,61,14" hai2="16,8,96,105,4,107,93,116,69,131,22,77,67" hai3="83,62,109,51,58,124,57,17,63,47,70,2,108"/><V52/><F116/><W130/><G83/><T88/><D38/><U94/><E133/><V27/><F77/><W85/><G17/><T44/><D1/><U104/><E104/><V50/><F131/><W54/><G85/><T110/><D29/><U43/><E121/><V37/><F37/><W68/><G2/><T106/><D106/><U95/><E43/><V127/><F127/><W125/><G51/><T91/><D110/><U71/><E81/><V99/><F99/><W75/><G75/><T36/><D36/><U76/><E76/><V112/><F112/><W23/><G23/><T129/><D132/><U115/><E115/><V9/><F67/><W126/><G47/><T18/><D113/><U84/><E28/><V134/><F69/><N who="3" m="26731" /><G130/><T66/><D66/><AGARI ba="1,0" hai="54,57,58,62,63,66,108,109,124,125,126" m="26731" machi="66" ten="40,5200,0" yaku="18,1,34,2" doraHai="12" who="3" fromWho="0" sc="180,-55,274,0,77,0,469,55" /><INIT seed="7,0,0,5,4,93" ten="125,274,77,524" oya="3" hai0="7,17,33,87,135,18,1,38,116,123,51,88,125" hai1="64,81,49,6,105,36,28,82,101,55,27,65,14" hai2="129,32,23,127,113,109,120,50,59,54,75,110,74" hai3="52,122,3,0,4,69,19,77,22,30,134,73,130"/><W21/><G122/><T80/><D116/><U39/><E39/><V117/><F32/><W2/><G52/><T35/><D38/><U71/><E36/><V90/><F117/><W62/><G19/><T128/><D123/><U133/><E6/><V114/><F23/><W72/><G62/><T95/><D125/><U10/><E10/><V56/><F120/><W131/><G77/><T44/><D128/><U67/><E14/><V8/><F8/><W91/><G91/><T98/><D135/><U37/><E37/><V20/><F20/><W45/><G45/><T111/><D111/><U34/><E133/><V70/><F90/><W96/><G96/><T26/><D7/><U25/><E25/><V43/><F75/><W46/><G22/><T16/><D1/><U57/><E71/><V66/><F74/><W53/><G69/><T68/><D68/><U11/><E11/><V84/><F84/><W79/><G4/><T103/><REACH who="0" step="1"/><D26/><REACH who="0" ten="115,274,77,524" step="2"/><U41/><E27/><V9/><F127/><W15/><G134/><T132/><D132/><U24/><E24/><V42/><F9/><W85/><G3/><T40/><AGARI ba="0,1" hai="16,17,18,33,35,40,44,51,80,87,88,95,98,103" machi="40" ten="30,8000,1" yaku="1,1,0,1,52,1,54,2,53,0" doraHai="93" doraHaiUra="106" who="0" fromWho="0" sc="115,90,274,-20,77,-20,524,-40" owari="205,-19.0,254,5.0,57,-44.0,484,58.0" /></mjloggm>