<mjloggm ver="2.3"><GO type="169" lobby="0"/><UN n0="%E3%82%8A%E3%81%A8%E3%82%8B%E3%80%82%E3%80%82" n1="%E3%82%AB%E3%83%A9%E3%82%B9%E3%81%AE%E5%AD%90" n2="%E3%81%92%E3%82%93%E3%81%9F%E3%82%8D%E3%81%AE%E3%81%8B%E3%81%91%E3%82%89" n3="%73%75%6E%61%62%61%6B%75" dan="16,16,16,16" rate="2111.32,2101.37,2073.20,2097.49" sx="M,M,M,M"/><TAIKYOKU oya="0"/><INIT seed="0,0,0,2,0,90" ten="250,250,250,250" oya="0" hai0="22,109,44,120,131,30,11,36,102,19,66,27,130" hai1="54,132,107,21,108,74,41,87,98,125,39,4,75" hai2="31,96,60,16,38,12,78,56,86,118,124,126,7" hai3="134,45,42,72,29,116,73,62,3,0,10,67,112"/><T64/><D120/><U63/><E108/><V127/><F38/><W68/><G116/><T100/><D109/><U33/><E33/><V79/><F118/><W15/><G112/><T1/><D36/><U52/><E125/><V28/><F7/><W123/><G123/><T80/><D44/><U47/><E132/><V13/><F13/><W50/><G134/><T91/><D80/><U37/><E37/><V76/><F96/><W115/><G115/><T48/><D48/><U25/><E4/><V5/><F5/><W104/><G104/><T99/><D91/><U85/><E85/><V32/><F86/><W122/><G122/><T97/><D1/><U128/><E128/><N who="0" m="49193" /><D11/><U88/><E74/><V69/><F69/><W9/><G29/><T92/><D30/><U135/><E75/><V59/><F59/><W83/><G73/><T24/><D27/><U18/><E135/><V113/><F32/><W77/><REACH who="3" step="1"/><G9/><REACH who="3" ten="250,250,250,240" step="2"/><T133/><D133/><U20/><E20/><N who="2" m="11271" /><F113/><W8/><G8/><T101/><D101/><U40/><E107/><AGARI ba="0,1" hai="19,22,24,64,66,92,97,99,100,102,107" m="49193" machi="107" ten="30,2900,0" yaku="19,1,52,1" doraHai="90" who="0" fromWho="1" sc="250,39,250,-29,250,0,240,0" /><INIT seed="0,1,0,4,2,77" ten="289,221,250,240" oya="0" hai0="37,62,121,11,55,86,110,91,135,119,116,111,78" hai1="35,102,14,10,8,108,42,132,92,7,114,15,46" hai2="51,107,50,33,53,134,29,2,59,82,81,122,23" hai3="97,84,9,105,43,22,67,68,34,100,115,47,101"/><T39/><D121/><U60/><E35/><V98/><F2/><W73/><G115/><T40/><D78/><U118/><E118/><V49/><F122/><W3/><G73/><T19/><D135/><U123/><E123/><V63/><F33/><W5/><G34/><T76/><D76/><U28/><E28/><V126/><F134/><W74/><G74/><T45/><D39/><U96/><E132/><V103/><REACH who="2" step="1"/><F126/><REACH who="2" ten="289,221,240,240" step="2"/><W109/><G3/><T32/><D32/><U6/><E114/><V72/><F72/><W131/><G109/><T79/><D119/><U125/><E108/><V0/><F0/><W127/><G127/><T99/><D116/><U65/><E125/><V113/><F113/><W89/><G131/><T52/><D111/><U64/><REACH who="1" step="1"/><E60/><REACH who="1" ten="289,211,240,240" step="2"/><V94/><F94/><W117/><G117/><T80/><D62/><U88/><E88/><V133/><F133/><W38/><G89/><T48/><D110/><U69/><E69/><V54/><F54/><W120/><G68/><T41/><D55/><U61/><E61/><V20/><F20/><W124/><G22/><T24/><D52/><U104/><E104/><V75/><F75/><W1/><G105/><T18/><D91/><U30/><E30/><V56/><F56/><W31/><G31/><T26/><D40/><U128/><E128/><V13/><F13/><W44/><G43/><T66/><D41/><U57/><E57/><V93/><F93/><W25/><G124/><T70/><D70/><U90/><E90/><V58/><F58/><W16/><G120/><T12/><D12/><U112/><E112/><RYUUKYOKU ba="1,2" sc="289,-15,211,15,240,15,240,-15" hai1="6,7,8,10,14,15,42,46,64,65,92,96,102" hai2="23,29,49,50,51,53,59,63,81,82,98,103,107" /><INIT seed="1,2,2,5,5,122" ten="274,226,255,225" oya="1" hai0="79,73,126,114,88,4,36,58,14,6,53,128,125" hai1="103,106,8,116,127,74,94,99,113,27,130,109,120" hai2="61,107,81,60,39,7,48,83,57,115,20,119,16" hai3="89,104,29,93,124,87,72,102,85,105,9,38,131"/><U65/><E120/><V135/><F119/><W32/><G38/><T56/><D114/><U112/><E116/><V43/><F107/><W12/><G32/><T82/><D128/><U0/><E130/><V118/><F118/><W26/><G131/><T98/><D36/><U63/><E74/><V18/><F115/><W55/><G72/><T5/><D14/><U22/><E127/><N who="0" m="48649" /><D53/><U1/><E112/><V108/><F39/><W97/><G124/><T41/><D41/><U28/><E113/><V78/><F135/><W45/><G26/><T19/><D19/><U44/><E109/><V64/><F108/><W62/><G29/><T10/><D10/><U110/><E110/><V37/><F37/><W117/><G117/><T25/><D25/><U132/><E132/><V15/><F7/><W24/><G24/><T76/><D76/><U2/><E44/><N who="2" m="25631" /><F78/><W21/><G45/><T121/><D121/><U75/><E75/><V71/><F71/><W30/><G30/><T67/><D67/><U91/><E8/><N who="2" m="6247" /><F61/><W50/><G62/><T31/><D31/><U123/><E123/><V77/><F77/><W69/><G69/><T96/><D96/><U59/><E0/><V92/><F18/><W17/><G17/><T90/><D98/><AGARI ba="2,2" hai="1,2,22,27,28,59,63,65,91,94,98,99,103,106" machi="98" ten="30,1500,0" yaku="7,1" doraHai="122" who="1" fromWho="0" sc="274,-21,226,41,255,0,225,0" /><INIT seed="1,3,0,5,0,22" ten="253,267,255,225" oya="1" hai0="68,63,117,52,3,91,19,32,133,23,86,48,78" hai1="49,21,123,4,24,53,27,77,84,64,89,9,55" hai2="132,56,1,83,87,121,105,10,35,69,111,71,124" hai3="15,34,66,76,38,51,122,90,109,102,30,92,12"/><U95/><E123/><V81/><F121/><W72/><G122/><T6/><D117/><U127/><E127/><V42/><F124/><W47/><G38/><T118/><D32/><U129/><E129/><V46/><F105/><W134/><G109/><T7/><D118/><U108/><E108/><V28/><F111/><W16/><G134/><T5/><D78/><U13/><E64/><V74/><F132/><W131/><G102/><T125/><D133/><U54/><E21/><V41/><F41/><W116/><G116/><T96/><D96/><U135/><E135/><V58/><F58/><W79/><G131/><T119/><D119/><U2/><E2/><V43/><F43/><W101/><G101/><T82/><D125/><U60/><E60/><V11/><F11/><W45/><G72/><T61/><D68/><U115/><E115/><V44/><F56/><W126/><G126/><T128/><D3/><U113/><E113/><V0/><F0/><W73/><G34/><T107/><D107/><U103/><E103/><V106/><F106/><W100/><G100/><T40/><D40/><U33/><E33/><V67/><F74/><W37/><G73/><T39/><D39/><U88/><E77/><V8/><F1/><W18/><G79/><T36/><D36/><U26/><E89/><V98/><F35/><W93/><G90/><T120/><D120/><U25/><N who="1" m="6656" /><DORA hai="65" /><U75/><E75/><V110/><F110/><W97/><G76/><T29/><D128/><U112/><E112/><V17/><F28/><W59/><G30/><T50/><D29/><U31/><E31/><RYUUKYOKU ba="3,0" sc="253,-10,267,30,255,-10,225,-10" hai1="4,9,13,49,53,54,55,84,88,95" /><INIT seed="1,4,0,1,5,101" ten="243,297,245,215" oya="1" hai0="122,73,61,74,93,120,77,53,62,12,16,71,100" hai1="31,19,135,36,131,90,11,46,94,133,37,97,56" hai2="41,111,28,38,1,80,103,81,59,121,48,113,116" hai3="99,69,107,95,86,0,78,42,124,51,75,84,105"/><U82/><E31/><V110/><F116/><W106/><G69/><T112/><D112/><U2/><E131/><V47/><F113/><W108/><G0/><T83/><D74/><U92/><E82/><V3/><F121/><N who="0" m="46698" /><D71/><U44/><E56/><V96/><F28/><W114/><G42/><T119/><D119/><U79/><E79/><V15/><F81/><N who="3" m="45279" /><G51/><T13/><D13/><U98/><E2/><V60/><F80/><W104/><G114/><T8/><D53/><U65/><E11/><V14/><F48/><W66/><G66/><T17/><D17/><U68/><E19/><V127/><F127/><W134/><G124/><T20/><D20/><U40/><E65/><N who="2" m="39071" /><F14/><W39/><G39/><T43/><D43/><U24/><E24/><V129/><F15/><W9/><G9/><T50/><D50/><U35/><E68/><V87/><F129/><W21/><G21/><T57/><D57/><U10/><E10/><V27/><F27/><W22/><G22/><T76/><D76/><U30/><E30/><V125/><F125/><W132/><G108/><N who="2" m="41513" /><F87/><N who="3" m="33323" /><G107/><AGARI ba="4,0" hai="1,3,38,41,47,96,103,107" m="41513,39071" machi="107" ten="30,2000,0" yaku="14,1,52,1" doraHai="101" who="2" fromWho="3" sc="243,0,297,0,245,32,215,-32" /><INIT seed="2,0,0,2,4,91" ten="243,297,277,183" oya="2" hai0="128,19,109,28,55,63,129,8,72,135,69,76,53" hai1="98,41,93,42,15,64,34,2,58,104,16,45,11" hai2="83,46,87,94,134,80,5,35,116,25,107,124,120" hai3="31,131,73,37,133,103,74,18,111,110,4,22,38"/><V57/><F107/><W77/><G133/><T1/><D28/><U49/><E34/><V81/><F134/><W122/><G122/><T70/><D135/><U24/><E104/><V56/><F120/><W20/><G131/><N who="0" m="50251" /><D109/><N who="3" m="41481" /><G103/><T7/><D19/><U10/><E2/><V126/><F116/><W101/><G101/><T47/><D47/><U39/><E39/><N who="3" m="14858" /><G4/><T82/><D63/><N who="1" m="38007" /><E24/><V125/><F46/><W68/><G68/><AGARI ba="0,0" hai="1,7,8,53,55,68,69,70,72,76,82" m="50251" machi="68" ten="30,1000,0" yaku="19,1" doraHai="91" who="0" fromWho="3" sc="243,10,297,0,277,0,183,-10" /><INIT seed="3,0,0,3,2,97" ten="253,297,277,173" oya="3" hai0="46,1,70,22,102,64,3,106,53,67,123,77,0" hai1="65,112,122,120,96,73,39,98,82,13,133,118,11" hai2="66,76,117,16,8,4,44,7,101,25,84,37,60" hai3="71,10,54,128,86,93,115,62,109,49,127,105,111"/><W88/><G115/><T132/><D123/><U15/><E112/><V28/><F117/><W68/><G105/><T6/><D132/><U78/><E133/><V31/><F37/><W43/><G127/><T108/><D108/><N who="3" m="41545" /><G128/><T14/><D70/><U103/><E118/><V135/><F44/><N who="3" m="25759" /><G10/><T114/><D77/><U35/><E39/><V20/><F76/><W74/><G74/><T92/><D106/><U27/><E96/><V12/><F135/><W18/><G18/><T9/><D22/><U56/><E13/><V30/><F4/><W79/><G79/><T23/><D23/><U121/><E27/><V134/><F134/><W95/><G93/><T72/><D72/><U81/><E35/><V116/><F116/><W47/><G47/><T91/><D114/><U130/><E130/><V57/><F84/><W104/><G104/><T50/><D67/><U69/><E78/><V34/><F34/><W41/><G41/><T89/><D64/><U58/><E73/><V94/><F94/><W80/><G95/><T124/><D124/><U55/><E65/><V59/><F57/><AGARI ba="0,0" hai="54,57,62,68,71,80,86,88" m="25759,41545" machi="57" ten="30,5800,0" yaku="14,1,10,1,54,1" doraHai="97" who="3" fromWho="2" sc="253,0,297,0,277,-58,173,58" /><INIT seed="3,1,0,0,1,18" ten="253,297,219,231" oya="3" hai0="53,64,94,108,132,95,9,121,27,104,43,96,35" hai1="119,19,133,0,87,2,40,61,69,109,67,47,120" hai2="21,70,103,126,15,46,130,88,56,22,45,114,106" hai3="102,29,122,49,79,25,73,89,28,71,85,92,14"/><W38/><G122/><T31/><D121/><U52/><E120/><V39/><F70/><W17/><G71/><T107/><D108/><U44/><E109/><V115/><F126/><W86/><G38/><T134/><D64/><U6/><E133/><N who="0" m="51305" /><D43/><U1/><E119/><V12/><F130/><W8/><G73/><T60/><D9/><U11/><E44/><N who="2" m="17003" /><F39/><W30/><G49/><T5/><D5/><U20/><E87/><V66/><F106/><N who="0" m="40490" /><D96/><U76/><E76/><V58/><F103/><W34/><G102/><T68/><D68/><U16/><E19/><V129/><F129/><W117/><G117/><T37/><D37/><U75/><E75/><V26/><F26/><W55/><G55/><T42/><D42/><U63/><E40/><V127/><F127/><W128/><G128/><T74/><D74/><U23/><E6/><V65/><F65/><W90/><REACH who="3" step="1"/><G79/><REACH who="3" ten="253,297,219,221" step="2"/><T116/><D116/><U99/><E69/><V110/><F110/><W118/><G118/><T24/><D53/><U78/><E52/><V131/><F131/><W135/><G135/><T83/><D60/><U59/><E63/><V13/><F66/><W98/><G98/><T84/><D24/><U97/><E99/><V4/><F88/><AGARI ba="1,1" hai="27,31,35,83,84,88,94,95" m="40490,51305" machi="88" ten="30,2000,0" yaku="20,1,54,1" doraHai="18" who="0" fromWho="2" sc="253,33,297,0,219,-23,221,0" /><INIT seed="4,0,0,0,1,23" ten="286,297,196,221" oya="0" hai0="15,48,27,59,35,24,42,33,100,95,67,37,40" hai1="53,20,134,0,3,123,84,73,17,45,44,69,61" hai2="117,104,85,68,72,113,112,71,7,99,133,119,16" hai3="65,124,39,109,1,74,13,11,60,92,19,66,94"/><T128/><D37/><U25/><E123/><V90/><F7/><W56/><G109/><T102/><D128/><U12/><E73/><V110/><F110/><W6/><G74/><T91/><D35/><U77/><E134/><V36/><F36/><W105/><G105/><T49/><D33/><U98/><E3/><V97/><F72/><W22/><G39/><T82/><D82/><N who="1" m="47183" /><E69/><N who="2" m="26699" /><F133/><W89/><G124/><T121/><D15/><U103/><E0/><V129/><F129/><W118/><G118/><N who="2" m="45065" /><F16/><W21/><G21/><T114/><D121/><U108/><E108/><V83/><F104/><W58/><G89/><T135/><D135/><U101/><E12/><V18/><F18/><W31/><G31/><T5/><D5/><U32/><E32/><V29/><F29/><W70/><G70/><T57/><D91/><U54/><E98/><AGARI ba="0,0" hai="83,85,90,97,98,99,112,113" m="45065,26699" machi="98" ten="40,1300,0" yaku="12,1" doraHai="23" who="2" fromWho="1" sc="286,0,297,-13,196,13,221,0" /><INIT seed="5,0,0,1,4,69" ten="286,284,209,221" oya="1" hai0="91,100,27,1,4,76,33,54,73,24,93,6,7" hai1="2,45,16,35,64,86,96,103,10,53,113,40,118" hai2="47,108,80,132,12,87,3,62,72,66,17,63,70" hai3="81,94,9,111,38,114,125,88,134,102,8,131,126"/><U55/><E118/><V37/><F108/><W133/><G111/><T34/><D1/><U89/><E35/><V82/><F3/><W14/><G114/><T115/><D100/><U11/><E113/><V23/><F132/><N who="3" m="50795" /><G38/><T128/><D115/><U123/><E123/><V99/><F99/><W36/><G36/><T135/><D128/><U83/><E64/><V46/><F63/><W42/><G42/><T95/><D135/><U41/><E10/><V58/><F70/><W28/><G28/><T110/><D110/><U68/><E68/><V129/><F129/><W107/><G131/><T13/><D13/><N who="1" m="7231" /><E2/><V25/><F37/><W104/><G102/><T43/><D34/><U39/><E39/><V78/><REACH who="2" step="1"/><F12/><REACH who="2" ten="286,284,199,221" step="2"/><W61/><G14/><T130/><D130/><U18/><E96/><V124/><F124/><W22/><G125/><T51/><D51/><U121/><E121/><V105/><F105/><W60/><G61/><T127/><D127/><U57/><E103/><V15/><F15/><W120/><G60/><T29/><D4/><U101/><E101/><V5/><F5/><W48/><G104/><T30/><D6/><U67/><E67/><V56/><F56/><W32/><G107/><T44/><D7/><U90/><E57/><V31/><F31/><W84/><G126/><T65/><D65/><U52/><E18/><V74/><F74/><W49/><G48/><T77/><D73/><U75/><E75/><V85/><F85/><W117/><G120/><T20/><D30/><U98/><E45/><V109/><F109/><W119/><G49/><N who="0" m="28967" /><D29/><U71/><E71/><RYUUKYOKU ba="0,1" sc="286,-15,284,15,199,15,221,-15" hai1="40,41,52,53,55,83,86,89,90,98" hai2="17,23,25,46,47,58,62,66,72,78,80,82,87" /><INIT seed="5,1,1,4,4,8" ten="271,299,214,206" oya="1" hai0="60,99,30,97,26,23,134,10,62,39,125,52,116" hai1="13,35,27,71,102,81,78,119,89,135,55,129,3" hai2="76,70,29,101,90,126,133,108,77,122,7,44,14" hai3="46,64,32,104,75,25,112,1,34,57,15,131,17"/><U20/><E119/><V103/><F122/><W5/><G75/><T88/><D116/><U38/><E3/><V42/><F108/><W6/><G104/><T45/><D134/><U65/><E135/><V18/><F133/><W49/><G112/><T113/><D113/><U69/><E38/><V33/><F70/><W127/><G127/><T9/><D125/><U41/><E41/><V56/><F126/><W109/><G109/><T19/><D39/><U0/><E0/><V120/><F120/><W51/><G131/><T95/><D99/><U111/><E129/><V84/><F7/><W74/><G74/><T94/><D94/><U130/><E130/><V53/><F29/><W96/><G96/><T12/><D9/><U72/><E111/><V16/><F33/><W31/><G32/><T128/><D128/><U59/><E65/><V47/><F18/><W118/><G118/><T83/><D83/><U2/><E2/><V37/><F103/><W85/><G1/><T48/><AGARI ba="1,1" hai="10,12,19,23,26,30,45,48,52,60,62,88,95,97" machi="48" ten="30,8000,1" yaku="0,1,8,1,52,1,54,2" doraHai="8" who="0" fromWho="0" sc="271,93,299,-41,214,-21,206,-21" /><INIT seed="6,0,0,0,3,74" ten="364,258,193,185" oya="2" hai0="51,81,6,83,107,72,124,8,117,71,77,14,105" hai1="98,91,129,113,15,21,3,2,65,70,32,16,68" hai2="82,132,50,111,121,19,35,120,84,80,79,96,40" hai3="10,38,41,85,63,28,67,55,48,76,0,1,128"/><V45/><F132/><W12/><G128/><T24/><D71/><U75/><E129/><V99/><F35/><W18/><G28/><T66/><D66/><U94/><E113/><V90/><F111/><W122/><G122/><T126/><D117/><U52/><E70/><V20/><F121/><W112/><G112/><T11/><D24/><U87/><E75/><V86/><REACH who="2" step="1"/><F120/><REACH who="2" ten="364,258,183,185" step="2"/><W17/><G1/><T49/><D126/><U57/><E32/><V59/><F59/><W133/><G0/><T29/><D124/><U69/><E69/><V134/><F134/><W31/><G133/><T97/><D72/><U56/><E68/><V127/><F127/><W33/><G33/><T89/><D11/><U100/><E57/><V5/><F5/><W9/><G10/><T93/><D8/><U104/><E65/><V62/><F62/><AGARI ba="0,1" hai="2,3,15,16,21,52,56,62,87,91,94,98,100,104" machi="62" ten="30,3900,0" yaku="7,1,54,2" doraHai="74" who="1" fromWho="2" sc="364,0,258,49,183,-39,185,0" /><INIT seed="7,0,0,5,1,6" ten="364,307,144,185" oya="3" hai0="87,103,62,131,14,57,94,33,82,36,107,110,0" hai1="8,34,81,125,54,51,32,59,97,101,3,29,66" hai2="19,93,129,127,20,43,67,115,111,28,35,100,46" hai3="122,79,113,11,132,106,104,25,72,80,86,83,112"/><W64/><G122/><T75/><D0/><U23/><E125/><V69/><F111/><W73/><G132/><T134/><D36/><U108/><E108/><V60/><F127/><W123/><G123/><T45/><D45/><U117/><E117/><V48/><F115/><N who="3" m="44107" /><G64/><T124/><D33/><U118/><E118/><V56/><F129/><W128/><G25/><T41/><D41/><U53/><E66/><V61/><F35/><W63/><G63/><T50/><D50/><U47/><E34/><V39/><F28/><W133/><G133/><T37/><D37/><U96/><E32/><V120/><F60/><W121/><G121/><T16/><D131/><U10/><E3/><V114/><F120/><W44/><G44/><T31/><D31/><U7/><E7/><V78/><F114/><W21/><G21/><T18/><D124/><U5/><E5/><V68/><F68/><W4/><G128/><T89/><D110/><U71/><E71/><V42/><F42/><W77/><G11/><N who="1" m="4138" /><E81/><V70/><F70/><W95/><G4/><T76/><D134/><U26/><E101/><V2/><F2/><W30/><G30/><T15/><D103/><U84/><E84/><V88/><F100/><W13/><G13/><T98/><D14/><U105/><E105/><N who="3" m="40554" /><G86/><T119/><D15/><U92/><E92/><AGARI ba="0,0" hai="72,73,77,79,80,83,92,95" m="40554,44107" machi="92" ten="30,5800,0" yaku="15,1,34,2" doraHai="6" who="3" fromWho="1" sc="364,0,307,-58,144,0,185,58" /><INIT seed="7,1,0,2,3,126" ten="364,249,144,243" oya="3" hai0="135,56,51,24,68,131,91,94,90,57,80,44,67" hai1="110,121,58,88,95,92,85,125,39,20,128,127,83" hai2="116,97,78,43,29,55,28,103,102,12,106,87,118" hai3="81,14,104,98,65,9,79,82,119,7,62,45,6"/><W84/><G119/><T113/><D131/><U122/><E39/><V18/><F118/><W19/><G45/><T40/><D135/><U77/><E20/><V89/><F116/><W96/><G104/><T34/><D113/><U64/><E64/><V23/><F43/><W16/><G7/><T86/><D68/><U101/><E128/><V2/><F2/><W21/><G81/><T114/><D67/><U25/><E25/><V15/><F103/><W117/><G117/><T47/><D114/><U69/><E58/><V52/><F78/><W63/><G63/><T36/><D24/><U33/><E33/><V46/><F12/><W132/><G132/><T109/><D34/><U3/><E69/><V49/><REACH who="2" step="1"/><F55/><REACH who="2" ten="364,249,134,243" step="2"/><W107/><G107/><T115/><D115/><U105/><E77/><V72/><F72/><W35/><G14/><T10/><D40/><U31/><E3/><V38/><F38/><W123/><G79/><T75/><D75/><U111/><E101/><V42/><F42/><W17/><G123/><T133/><D36/><U41/><E41/><V134/><F134/><W11/><G6/><T71/><D133/><U59/><E122/><V30/><F30/><W73/><G73/><T1/><D1/><U13/><E31/><V93/><AGARI ba="1,1" hai="15,18,23,28,29,46,49,52,87,89,93,97,102,106" machi="93" ten="20,5200,0" yaku="1,1,0,1,7,1,54,1,53,0" doraHai="126" doraHaiUra="76" who="2" fromWho="2" sc="364,-14,249,-14,134,65,243,-27" owari="350,44.0,235,4.0,199,-30.0,216,-18.0" /></mjloggm>