<mjloggm ver="2.3"><GO type="169" lobby="0"/><UN n0="%E5%B8%B8%E5%A4%8F%E3%83%91%E3%82%A4%E5%8A%A9" n1="%E5%B0%8F%E6%B1%A0%E5%BE%B9%E5%B9%B3" n2="%66%6F%6F%6C%5F%6B%65%79" n3="%E3%83%AD%E3%83%83%E3%83%86%E9%9B%80%EF%BC%84%E6%94%B9" dan="16,18,16,16" rate="2087.91,2220.70,2094.99,2158.79" sx="F,M,M,M"/><TAIKYOKU oya="0"/><INIT seed="0,0,0,1,2,31" ten="250,250,250,250" oya="0" hai0="18,109,44,82,125,100,67,34,27,37,39,121,81" hai1="113,50,70,93,97,25,57,110,118,62,15,40,54" hai2="56,68,99,55,96,52,73,74,22,112,107,36,17" hai3="30,132,16,46,83,12,120,102,115,77,0,63,111"/><T76/><BYE who="2" /><D121/><U26/><E118/><V114/><F114/><W1/><G115/><T101/><D125/><U14/><E113/><V24/><F24/><N who="1" m="9321" /><E70/><V127/><F127/><W72/><G30/><T21/><D109/><U75/><E75/><V95/><F95/><W33/><G33/><T45/><D67/><N who="1" m="39375" /><E40/><V78/><F78/><W87/><G111/><T7/><D7/><U133/><E133/><V85/><F85/><W98/><G132/><T80/><D76/><U122/><E122/><V47/><F47/><W8/><G120/><T103/><REACH who="0" step="1"/><D34/><REACH who="0" ten="240,250,250,250" step="2"/><U32/><E32/><V23/><F23/><W88/><G77/><T130/><D130/><U35/><E35/><V4/><F4/><W2/><G2/><T108/><D108/><U128/><E110/><V66/><F66/><W86/><G0/><T129/><D129/><U105/><E128/><V5/><F5/><UN n2="%66%6F%6F%6C%5F%6B%65%79" /><W69/><G1/><T60/><D60/><U71/><E71/><V90/><F68/><W59/><G63/><T42/><D42/><U58/><E105/><V28/><F112/><W91/><G69/><T43/><D43/><U117/><E117/><V61/><F61/><W134/><G134/><T38/><AGARI ba="0,1" hai="18,21,27,37,38,39,44,45,80,81,82,100,101,103" machi="38" ten="40,18000,2" yaku="1,1,0,1,29,2,53,2" doraHai="31" doraHaiUra="41" who="0" fromWho="0" sc="240,190,250,-60,250,-60,250,-60" /><INIT seed="0,1,0,2,1,70" ten="430,190,190,190" oya="0" hai0="133,2,76,99,17,116,87,130,84,30,26,73,57" hai1="38,127,97,53,131,88,47,63,52,79,134,111,81" hai2="120,89,48,58,115,41,39,61,119,10,68,69,93" hai3="64,91,35,4,107,55,16,94,31,123,0,96,132"/><T71/><D116/><U112/><E111/><V124/><F115/><W95/><G132/><T78/><D71/><U98/><E134/><V102/><F120/><W13/><G107/><T66/><D2/><U62/><E112/><V113/><F113/><W27/><G123/><T135/><D130/><U54/><E131/><V18/><F124/><W36/><G64/><T21/><D99/><U129/><E129/><V108/><F108/><W83/><G83/><T9/><D66/><U59/><E127/><V34/><F34/><W42/><G55/><T23/><D9/><U104/><E104/><V46/><F102/><W82/><G82/><N who="0" m="45327" /><D57/><U109/><E109/><V45/><F119/><W90/><G4/><T106/><D78/><U37/><E63/><V6/><F18/><W126/><G0/><T60/><D60/><U72/><E97/><V85/><F58/><W7/><G7/><T80/><D80/><U44/><E44/><V105/><F61/><W8/><G126/><T3/><D3/><U114/><E114/><V33/><F33/><W103/><REACH who="3" step="1"/><G95/><REACH who="3" ten="430,190,190,180" step="2"/><T32/><D106/><U77/><E77/><V100/><F105/><W1/><G1/><T65/><D133/><U75/><E75/><V43/><F100/><W20/><G20/><T40/><D23/><U15/><E54/><V29/><F6/><W50/><G50/><T49/><D49/><U51/><E51/><V121/><F121/><W74/><G74/><T92/><D32/><U24/><E53/><V25/><F10/><W22/><G22/><T128/><D135/><U67/><E52/><V86/><F48/><RYUUKYOKU ba="1,1" sc="430,-10,190,-10,190,-10,180,30" hai3="8,13,16,27,31,35,36,42,90,91,94,96,103" /><INIT seed="1,2,1,5,4,66" ten="420,180,180,210" oya="1" hai0="65,88,31,14,55,15,82,22,134,116,56,102,62" hai1="77,21,37,114,24,18,0,4,42,94,7,132,81" hai2="78,127,72,33,117,46,112,93,28,67,49,1,64" hai3="96,69,95,19,60,123,99,23,51,48,35,121,44"/><U71/><E114/><V27/><F117/><W68/><G35/><T105/><D116/><U3/><E132/><V115/><F127/><W103/><G99/><T6/><D134/><U133/><E133/><V61/><F1/><W135/><G135/><T17/><D31/><U53/><E71/><V12/><F93/><W90/><G103/><T2/><D2/><U131/><E131/><V57/><F67/><W50/><G44/><T110/><D110/><U8/><E53/><V118/><F118/><W75/><G75/><T89/><D105/><U63/><E63/><V124/><F124/><W111/><G111/><T41/><D102/><U87/><E94/><V74/><F12/><W73/><G73/><T76/><D41/><U79/><E79/><V26/><F26/><W125/><G125/><T10/><D65/><U9/><E42/><N who="2" m="24791" /><F78/><W122/><REACH who="3" step="1"/><G60/><REACH who="3" ten="420,180,180,200" step="2"/><T119/><D119/><U11/><E11/><V30/><F74/><AGARI ba="2,2" hai="6,10,14,15,17,22,55,56,62,74,76,82,88,89" machi="74" ten="30,2000,0" yaku="7,1,54,1" doraHai="66" who="0" fromWho="2" sc="420,46,180,0,180,-26,200,0" /><INIT seed="2,0,0,4,0,130" ten="466,180,154,200" oya="2" hai0="129,134,55,113,4,117,1,110,20,91,101,21,44" hai1="3,108,131,60,46,122,86,39,43,77,13,31,100" hai2="123,73,51,70,96,124,32,36,6,78,34,68,63" hai3="80,57,135,0,125,7,99,105,5,79,74,133,41"/><V50/><F123/><W84/><G125/><T132/><D113/><U16/><E3/><V58/><F36/><W102/><G41/><T2/><D129/><U10/><E131/><V82/><F124/><W98/><G98/><T92/><D110/><U17/><E108/><V87/><F70/><W83/><G57/><T29/><D101/><U114/><E114/><V42/><F68/><W23/><G23/><T118/><D55/><U65/><E122/><V85/><F6/><W88/><G0/><N who="0" m="107" /><D4/><U14/><E31/><V22/><F96/><W69/><G69/><T89/><D44/><U11/><E100/><V128/><F128/><W59/><G59/><T18/><D29/><U30/><E30/><V120/><F120/><W72/><G72/><T61/><D61/><U47/><E47/><V104/><F22/><N who="0" m="8810" /><D18/><U27/><E27/><V119/><F63/><W107/><REACH who="3" step="1"/><G105/><REACH who="3" ten="466,180,154,190" step="2"/><T90/><D117/><U103/><E43/><V81/><F119/><W93/><G93/><T71/><D92/><U15/><E46/><V52/><F104/><W66/><G66/><T64/><D118/><U115/><E65/><V75/><F75/><W116/><G116/><T106/><D64/><U94/><E94/><V35/><F73/><W95/><G95/><T37/><D106/><U127/><E127/><V121/><F121/><W112/><G112/><T33/><D71/><U111/><E115/><V97/><F97/><W24/><G24/><T25/><D25/><U38/><E111/><V54/><F42/><W67/><G67/><T49/><D37/><U62/><E38/><V26/><F26/><RYUUKYOKU ba="0,1" sc="466,-10,180,-10,154,-10,190,30" hai3="5,7,74,79,80,83,84,88,99,102,107,133,135" /><INIT seed="3,1,1,3,5,8" ten="456,170,144,220" oya="3" hai0="122,132,5,99,98,50,30,43,67,13,72,47,94" hai1="9,78,96,39,35,7,93,0,16,49,102,106,60" hai2="116,20,52,134,37,14,113,69,82,4,36,44,110" hai3="130,17,121,97,125,83,10,45,22,112,42,64,104"/><W46/><G121/><T119/><D122/><U21/><E39/><V31/><F69/><W80/><G112/><T95/><D72/><U117/><E117/><V53/><F36/><W126/><G130/><T90/><D119/><U6/><E35/><V115/><F37/><N who="3" m="21711" /><G10/><N who="0" m="4303" /><D132/><U70/><E7/><V100/><F4/><W88/><G64/><T71/><D71/><U133/><E133/><V19/><F134/><W75/><G46/><T81/><D67/><U23/><E78/><V41/><F116/><W127/><G75/><T135/><D135/><U40/><E70/><V131/><F113/><W103/><G88/><N who="0" m="55623" /><D81/><U89/><E106/><V105/><F82/><W124/><G124/><T77/><D77/><U28/><E0/><V12/><F115/><W73/><G73/><T59/><D59/><U2/><E2/><V91/><F91/><W74/><G74/><T33/><D33/><U114/><E89/><V101/><F105/><W79/><G79/><T27/><D27/><AGARI ba="1,1" hai="17,22,27,80,83,97,103,104,125,126,127" m="21711" machi="27" ten="30,1500,0" yaku="18,1" doraHai="8" who="3" fromWho="0" sc="456,-18,170,0,144,0,220,28" /><INIT seed="3,2,0,5,3,134" ten="438,170,144,248" oya="3" hai0="28,65,70,20,128,4,64,103,1,26,95,14,118" hai1="119,8,117,6,82,51,99,69,68,29,96,33,124" hai2="97,132,48,22,37,112,104,11,47,130,23,90,49" hai3="91,57,87,94,80,40,67,85,102,12,60,89,74"/><W101/><G74/><T107/><D107/><U2/><E51/><V92/><F112/><W76/><G40/><T16/><D118/><N who="1" m="45067" /><E82/><V126/><F37/><W21/><REACH who="3" step="1"/><G76/><REACH who="3" ten="438,170,144,238" step="2"/><T77/><D77/><U111/><E111/><V122/><F132/><W27/><G27/><T61/><D26/><N who="1" m="18615" /><E124/><V72/><F126/><W133/><G133/><T3/><D128/><U17/><E17/><AGARI ba="2,1" hai="12,17,21,57,60,67,80,85,87,89,91,94,101,102" machi="17" ten="40,7700,0" yaku="1,1,8,1,53,1" doraHai="134" doraHaiUra="78" who="3" fromWho="1" sc="438,0,170,-83,144,0,238,93" /><INIT seed="3,3,0,4,2,49" ten="438,87,144,331" oya="3" hai0="104,58,103,117,82,61,124,6,132,33,72,108,27" hai1="67,4,2,126,74,21,40,127,10,14,26,125,18" hai2="71,70,106,116,101,46,80,30,34,93,107,0,45" hai3="119,63,110,48,64,25,43,38,97,69,75,62,31"/><W12/><G119/><T90/><D117/><U134/><E74/><V123/><F116/><W55/><G110/><T24/><D108/><U73/><E73/><V114/><F114/><W53/><G75/><T76/><D132/><U100/><E40/><V111/><F0/><W120/><G120/><T37/><D37/><U77/><E77/><V86/><F111/><W96/><G38/><T9/><D124/><U41/><E41/><V128/><F93/><W95/><G63/><T78/><D33/><U28/><E100/><V65/><F128/><W1/><G1/><T109/><D78/><U11/><E67/><V42/><F123/><W17/><G43/><T83/><D109/><U66/><E66/><V130/><F130/><W29/><G48/><T32/><D32/><U54/><E54/><V94/><F94/><W87/><G87/><T16/><D103/><U85/><E85/><V113/><F113/><W115/><G115/><T121/><D104/><U59/><E59/><V81/><F34/><W20/><G31/><T50/><D61/><U39/><E39/><V98/><F42/><W133/><G133/><AGARI ba="3,0" hai="2,4,10,11,14,18,21,26,28,125,126,127,133,134" machi="133" ten="50,8000,1" yaku="18,1,34,3" doraHai="49" who="1" fromWho="3" sc="438,0,87,89,144,0,331,-89" /><INIT seed="4,0,0,4,0,29" ten="438,176,144,242" oya="0" hai0="40,115,94,79,117,77,56,98,128,121,26,119,110" hai1="17,63,96,88,129,101,39,52,18,109,85,113,62" hai2="46,48,9,130,13,127,38,35,16,33,93,100,106" hai3="66,19,65,1,68,70,112,57,22,86,60,24,122"/><T21/><D121/><U99/><E109/><V61/><F106/><W2/><G112/><T125/><D110/><U135/><E39/><V30/><F38/><W55/><G122/><T34/><D115/><U126/><E113/><V71/><F30/><W3/><REACH who="3" step="1"/><G86/><REACH who="3" ten="438,176,144,232" step="2"/><T116/><D116/><U111/><E85/><V89/><F130/><W87/><G87/><T118/><D119/><U72/><E129/><V0/><F127/><W76/><G76/><T43/><D79/><U5/><E126/><V50/><F89/><W107/><G107/><T14/><D77/><U84/><E88/><V75/><F75/><W108/><G108/><T53/><D128/><U133/><E72/><V103/><F93/><W44/><G44/><T58/><D125/><U37/><E111/><V67/><F103/><W8/><G8/><T131/><D94/><U11/><E101/><V124/><F100/><W12/><G12/><T82/><D14/><U10/><E84/><V27/><F124/><W6/><G6/><T81/><D131/><U28/><E5/><V132/><F132/><W7/><G7/><T80/><D118/><U54/><E133/><V97/><F46/><W59/><G59/><T64/><D58/><U134/><E135/><V123/><F123/><W32/><G32/><T102/><D56/><U83/><E134/><V91/><F91/><W114/><G114/><T49/><D34/><U92/><E92/><V41/><F35/><W78/><G78/><T42/><D117/><U69/><E11/><V25/><F33/><W51/><G51/><T73/><D73/><U20/><E10/><RYUUKYOKU ba="0,1" sc="438,-10,176,-10,144,-10,232,30" hai3="1,2,3,19,22,24,55,57,60,65,66,68,70" /><INIT seed="5,1,1,5,3,115" ten="428,166,134,262" oya="1" hai0="50,91,73,80,86,49,132,124,24,34,57,75,19" hai1="51,17,28,79,37,20,110,103,31,111,54,44,41" hai2="127,32,113,4,14,100,134,107,74,53,38,109,29" hai3="101,2,116,97,45,59,6,121,94,21,46,16,67"/><U104/><E79/><V112/><F53/><W95/><G116/><T35/><D132/><U130/><E130/><V84/><F109/><N who="1" m="41481" /><E103/><V76/><F127/><W61/><G121/><T88/><D124/><U13/><E104/><V82/><F134/><W5/><G95/><T65/><D75/><U120/><E120/><V1/><F14/><N who="3" m="9367" /><G2/><T77/><D91/><U52/><E54/><V22/><F22/><W87/><G87/><T78/><D78/><U125/><E125/><V108/><F38/><W8/><G8/><T47/><D73/><U43/><E43/><V135/><F135/><W7/><AGARI ba="1,1" hai="5,6,7,45,46,59,61,67,94,97,101" m="9367" machi="7" ten="30,2000,0" yaku="8,1,54,1" doraHai="115" who="3" fromWho="3" sc="428,-6,166,-11,134,-6,262,33" /><INIT seed="6,0,0,0,4,69" ten="422,155,128,295" oya="2" hai0="91,37,14,54,115,55,31,10,18,112,29,11,21" hai1="52,4,32,60,1,97,84,48,82,90,25,26,40" hai2="56,50,128,102,96,134,47,59,89,80,79,119,114" hai3="12,75,106,65,103,124,73,20,58,57,15,83,64"/><V81/><F119/><W95/><G124/><T22/><D91/><U99/><E1/><V117/><F117/><W113/><G113/><N who="0" m="43595" /><D37/><U66/><E4/><V130/><F134/><W17/><G15/><N who="0" m="7551" /><D55/><U44/><E40/><V85/><F114/><W78/><G106/><T132/><D132/><U49/><E49/><V108/><F108/><W94/><G73/><T35/><D54/><U105/><E32/><V6/><F6/><W131/><G131/><N who="2" m="50217" /><F102/><W74/><G74/><T68/><D68/><U135/><E135/><V36/><F36/><W70/><G70/><T123/><D123/><U129/><E129/><V19/><F19/><W41/><G41/><T33/><D29/><U39/><E39/><V111/><F111/><W101/><G101/><T23/><D31/><U120/><E120/><V63/><F63/><W38/><G38/><T125/><D125/><U27/><E105/><V51/><F51/><W100/><G100/><T92/><D35/><U7/><E7/><V43/><F96/><W28/><G28/><T62/><D62/><U116/><E116/><V61/><F61/><W88/><G103/><T98/><D33/><U87/><REACH who="1" step="1"/><E84/><AGARI ba="0,0" hai="43,47,50,56,59,79,80,81,84,85,89" m="50217" machi="84" ten="30,1500,0" yaku="19,1" doraHai="69" who="2" fromWho="1" sc="422,0,155,-15,128,15,295,0" /><INIT seed="6,1,0,4,0,134" ten="422,140,143,295" oya="2" hai0="51,104,111,41,112,116,49,53,88,67,19,30,2" hai1="12,107,16,126,32,8,84,109,1,95,18,124,25" hai2="99,103,66,22,70,36,47,115,37,97,31,34,68" hai3="74,38,128,130,64,101,100,133,119,82,45,69,42"/><V77/><F115/><W40/><G133/><T131/><D111/><U106/><E109/><V72/><F34/><W6/><G6/><T62/><D104/><U27/><E1/><V113/><F113/><W55/><G42/><T33/><D2/><U14/><E95/><V92/><F72/><W65/><G55/><T75/><D75/><U118/><E84/><V89/><F77/><N who="3" m="44343" /><G119/><T121/><D121/><U26/><E32/><V129/><F129/><N who="3" m="49771" /><G69/><T63/><D53/><U21/><REACH who="1" step="1"/><E118/><REACH who="1" ten="422,130,143,295" step="2"/><V108/><F108/><W90/><G90/><T105/><D88/><U43/><E43/><V11/><F92/><W86/><G86/><T20/><D41/><U58/><E58/><V46/><F89/><W78/><G78/><T102/><D116/><U48/><E48/><V4/><F70/><W24/><G40/><T5/><D51/><U125/><AGARI ba="1,1" hai="8,12,14,16,18,21,25,26,27,106,107,124,125,126" machi="125" ten="40,12000,2" yaku="1,1,0,1,18,1,52,3,54,1,53,0" doraHai="134" doraHaiUra="0" who="1" fromWho="1" sc="422,-31,130,133,143,-61,295,-31" /><INIT seed="7,0,0,0,4,4" ten="391,263,82,264" oya="3" hai0="30,89,134,113,57,36,32,107,47,6,93,96,37" hai1="71,12,68,41,50,108,124,25,54,31,126,122,5" hai2="66,69,65,24,74,80,40,43,42,33,3,79,128" hai3="15,14,53,26,1,82,29,100,51,83,105,115,11"/><W8/><G1/><T16/><D113/><U109/><E122/><V58/><F58/><N who="3" m="33087" /><G105/><T22/><D107/><U95/><E41/><V104/><F3/><W60/><G115/><T67/><D6/><U87/><E87/><V111/><F111/><N who="1" m="42569" /><E95/><V131/><F104/><W62/><G100/><T116/><D16/><U133/><E133/><V112/><F112/><W110/><G110/><T49/><D22/><N who="1" m="15799" /><E12/><N who="3" m="4650" /><G26/><T135/><D37/><U121/><E5/><V99/><F24/><W102/><G102/><T123/><D36/><U78/><E78/><V70/><F33/><W86/><G29/><T73/><D30/><U90/><E90/><V92/><F92/><W64/><G83/><T38/><D32/><U35/><E121/><V130/><F99/><W103/><G103/><T118/><D96/><U23/><E23/><V17/><F17/><W0/><G0/><T94/><D38/><U27/><E27/><V34/><F34/><W120/><G120/><T81/><D123/><U18/><E18/><V97/><F97/><W129/><G129/><T10/><D135/><U125/><E35/><V127/><F127/><W46/><G46/><AGARI ba="0,0" hai="46,50,54,68,71,124,125,126" m="15799,42569" machi="46" ten="40,1300,0" yaku="18,1" doraHai="4" who="1" fromWho="3" sc="391,0,263,13,82,0,264,-13" owari="391,49.0,276,8.0,82,-42.0,251,-15.0" /></mjloggm>