<mjloggm ver="2.3"><GO type="169" lobby="0"/><UN n0="%E2%98%86%E3%82%B7%E3%83%A3%E3%83%81%E3%83%8F%E3%82%B2%CE%B2%E2%98%86" n1="%EF%BC%A0%E4%B8%AD%E6%9D%91%E8%B1%AA" n2="%E2%98%85%4C%55%43%4B" n3="%70%70%61%61%6F%6F" dan="16,16,16,16" rate="2091.71,2156.55,2078.56,2118.26" sx="F,M,M,M"/><TAIKYOKU oya="0"/><INIT seed="0,0,0,4,5,76" ten="250,250,250,250" oya="0" hai0="113,90,26,110,66,108,124,75,69,84,93,83,49" hai1="91,60,34,15,59,81,52,40,71,72,65,23,56" hai2="58,86,121,105,38,61,54,95,33,50,120,35,8" hai3="41,22,109,0,78,14,92,79,18,12,30,112,127"/><T115/><D124/><U5/><E34/><V134/><F105/><W88/><G0/><T107/><D107/><U102/><E40/><V1/><F38/><W55/><G127/><T89/><D69/><U2/><E2/><V101/><F134/><W21/><G112/><T74/><D66/><U42/><E42/><V62/><F62/><W7/><G109/><N who="0" m="42091" /><D26/><U25/><E102/><V28/><F28/><W94/><G41/><T98/><D49/><U87/><E72/><AGARI ba="0,0" hai="72,74,75,83,84,89,90,93,98,113,115" m="42091" machi="72" ten="30,12000,1" yaku="14,1,10,1,34,2,52,1" doraHai="76" who="0" fromWho="1" sc="250,120,250,-120,250,0,250,0" /><INIT seed="0,1,0,3,5,11" ten="370,130,250,250" oya="0" hai0="108,130,109,54,82,41,58,105,39,110,13,7,34" hai1="73,1,37,72,23,133,65,74,91,42,114,102,8" hai2="120,29,18,116,103,67,76,129,2,115,87,64,132" hai3="99,47,75,50,63,26,28,93,126,59,56,24,17"/><T98/><D34/><U3/><E133/><V131/><F120/><W92/><G75/><T57/><D130/><N who="2" m="49674" /><F115/><W9/><G126/><T95/><D105/><U107/><E114/><V83/><F2/><W6/><G17/><T36/><D82/><U43/><E65/><V55/><F132/><W117/><G117/><T16/><D7/><U61/><E61/><V70/><F70/><W134/><G134/><T78/><D78/><U121/><E121/><V10/><F103/><W33/><G24/><T106/><D106/><U15/><E23/><V94/><F29/><W32/><G32/><T123/><D123/><U97/><E91/><N who="2" m="53631" /><F55/><W100/><G93/><T85/><D85/><U69/><E69/><V113/><F113/><W68/><G68/><T66/><D66/><U19/><REACH who="1" step="1"/><E37/><REACH who="1" ten="370,120,250,250" step="2"/><V122/><F122/><W30/><G63/><N who="0" m="36279" /><D58/><U40/><AGARI ba="1,1" hai="1,3,8,15,19,40,42,43,72,73,74,97,102,107" machi="40" ten="40,5200,0" yaku="1,1,0,1,52,1,53,0" doraHai="11" doraHaiUra="44" who="1" fromWho="1" sc="370,-27,120,65,250,-14,250,-14" /><INIT seed="1,0,0,3,3,6" ten="343,185,236,236" oya="1" hai0="127,66,97,24,3,85,131,29,23,117,49,8,38" hai1="14,44,65,31,46,79,41,28,120,116,73,36,118" hai2="72,105,87,92,86,75,125,16,113,40,67,100,91" hai3="128,80,0,112,121,59,26,111,135,84,102,22,110"/><U62/><E120/><V114/><F67/><W7/><G121/><T133/><D117/><U55/><E79/><V103/><F105/><W76/><G112/><N who="2" m="43113" /><F40/><W27/><G135/><T37/><D133/><U70/><E73/><N who="2" m="28235" /><F125/><W95/><G128/><T123/><D127/><U130/><E130/><V54/><F54/><W52/><G7/><T50/><D131/><U33/><E33/><V64/><F64/><W126/><G0/><T106/><D123/><U61/><E28/><V89/><F16/><N who="3" m="12615" /><G126/><T5/><D66/><N who="1" m="41295" /><E31/><V129/><F129/><W60/><G111/><T115/><D115/><U56/><E14/><V18/><F18/><W94/><G110/><T119/><D119/><U93/><E93/><AGARI ba="0,0" hai="86,87,89,91,92,93,100,103" m="28235,43113" machi="93" ten="30,3900,0" yaku="11,1,34,2" doraHai="6" who="2" fromWho="1" sc="343,0,185,-39,236,39,236,0" /><INIT seed="2,0,0,3,4,27" ten="343,146,275,236" oya="2" hai0="18,92,45,128,94,102,119,91,109,85,135,60,127" hai1="47,131,96,70,34,100,11,23,82,35,133,6,110" hai2="8,7,0,69,54,28,130,124,39,73,81,43,95" hai3="87,42,68,97,103,126,15,76,113,86,120,20,33"/><V84/><F124/><W79/><G33/><T49/><D127/><U93/><E70/><V32/><F69/><W41/><G126/><T59/><D119/><U134/><E110/><V105/><F105/><W99/><G68/><T75/><D109/><U48/><E131/><V78/><F130/><W31/><G120/><T62/><D128/><U72/><E23/><V123/><F54/><W36/><G36/><T2/><D75/><U63/><E63/><V106/><F106/><W112/><G20/><T117/><D2/><U24/><E82/><V38/><F123/><W114/><G15/><T30/><D117/><U14/><E72/><V111/><F111/><W1/><G113/><T21/><D30/><U115/><E115/><V17/><F17/><W19/><G19/><T98/><D59/><U52/><REACH who="1" step="1"/><E24/><REACH who="1" ten="343,136,275,236" step="2"/><N who="2" m="18439" /><F73/><W44/><G112/><T129/><D129/><U12/><E12/><V10/><F81/><W67/><G1/><T53/><D135/><AGARI ba="0,1" hai="6,11,14,34,35,47,48,52,93,96,100,133,134,135" machi="135" ten="40,8000,1" yaku="1,1,20,1,54,1,53,2" doraHai="27" doraHaiUra="29" who="1" fromWho="0" sc="343,-80,136,90,275,0,236,0" /><INIT seed="3,0,0,5,2,70" ten="263,226,275,236" oya="3" hai0="80,74,37,123,40,110,101,96,61,128,120,109,14" hai1="50,60,69,99,39,7,102,30,43,57,67,94,88" hai2="5,92,79,103,34,111,48,68,122,46,33,1,83" hai3="64,115,132,15,17,59,82,78,36,18,55,66,6"/><W51/><G115/><T31/><D14/><U38/><E7/><V125/><F111/><N who="0" m="42506" /><D128/><U65/><E30/><V62/><F125/><W41/><G132/><T107/><D31/><U54/><E65/><V118/><F68/><W126/><G126/><T87/><D61/><U105/><E43/><V84/><F62/><W8/><G36/><T129/><D129/><U106/><E106/><V58/><F58/><W133/><G133/><T28/><D28/><U12/><E12/><V21/><F118/><W113/><G41/><T47/><D74/><U131/><E131/><V22/><F122/><W95/><G113/><T23/><D23/><U20/><E20/><V97/><F22/><W134/><G134/><T16/><D16/><N who="3" m="6249" /><G95/><T45/><D45/><U35/><E35/><V71/><F71/><W32/><G32/><T124/><D124/><U90/><E90/><AGARI ba="0,0" hai="37,40,47,80,87,90,96,101,107,120,123" m="42506" machi="90" ten="30,2000,0" yaku="14,1,52,1" doraHai="70" who="0" fromWho="1" sc="263,20,226,-20,275,0,236,0" /><INIT seed="4,0,0,1,0,2" ten="283,206,275,236" oya="0" hai0="22,104,94,92,67,129,37,90,0,46,124,26,52" hai1="39,59,96,99,123,49,126,10,86,1,24,128,89" hai2="16,98,44,70,105,50,3,131,57,109,81,95,112" hai3="119,54,110,74,75,9,15,120,87,32,68,133,45"/><T130/><D104/><U14/><E39/><V83/><F70/><W125/><G87/><T27/><D67/><U91/><E1/><V34/><F34/><W62/><G62/><T21/><D124/><U66/><E123/><V33/><F33/><W5/><G54/><T116/><D116/><U72/><E72/><V106/><F109/><W80/><G45/><T108/><D108/><U118/><E118/><V134/><F134/><W29/><G80/><T31/><D0/><U11/><E126/><V71/><F131/><N who="0" m="50186" /><D90/><N who="1" m="34315" /><E128/><V122/><F71/><W48/><G68/><T103/><D103/><U7/><E86/><V102/><F112/><W6/><G75/><T121/><D121/><U135/><E135/><V113/><F3/><W55/><G74/><T17/><D37/><U79/><E79/><V73/><F113/><W28/><G125/><T40/><D40/><U107/><E107/><V65/><F73/><W114/><G119/><T60/><D46/><U43/><E11/><V63/><F106/><W8/><G120/><T82/><D82/><U4/><E24/><V132/><F105/><W58/><G114/><T76/><D76/><U35/><E35/><V53/><F132/><W38/><G38/><T84/><D84/><U117/><E117/><V85/><F85/><W61/><G9/><T41/><D41/><U23/><E23/><V51/><F122/><W20/><G20/><T77/><D77/><U88/><N who="1" m="34323" /><U12/><DORA hai="19" /><E43/><V127/><F127/><W101/><G101/><T42/><D42/><U64/><E64/><V36/><F36/><W78/><G133/><RYUUKYOKU ba="0,0" sc="283,30,206,-10,275,-10,236,-10" hai0="17,21,22,26,27,31,52,60,92,94" /><INIT seed="4,1,0,1,1,95" ten="313,196,265,226" oya="0" hai0="42,2,74,111,20,0,53,73,107,132,120,27,58" hai1="39,10,75,67,125,8,112,79,62,101,24,124,35" hai2="1,117,134,104,126,80,72,4,37,113,121,49,130" hai3="115,33,70,68,118,63,114,77,83,18,40,11,28"/><T78/><D120/><U26/><E39/><V93/><RYUUKYOKU type="yao9" ba="1,0" sc="313,0,196,0,265,0,226,0" hai2="1,4,37,49,72,80,93,104,113,117,121,126,130,134" /><INIT seed="4,2,0,0,2,44" ten="313,196,265,226" oya="0" hai0="3,131,78,134,90,20,106,85,13,118,107,16,128" hai1="124,102,82,68,86,113,64,71,28,100,126,92,19" hai2="74,58,23,69,114,73,11,63,61,101,18,50,8" hai3="109,135,12,39,75,42,112,103,95,4,10,6,133"/><T105/><D118/><U51/><E28/><V22/><F69/><W29/><G109/><T52/><D3/><U15/><E113/><V94/><F114/><W56/><G112/><T123/><D123/><U121/><E121/><V84/><F74/><W60/><G75/><T70/><D70/><N who="1" m="26667" /><E64/><V37/><F37/><W30/><G6/><T98/><D134/><N who="3" m="51209" /><G39/><T91/><D78/><N who="1" m="46423" /><E92/><V96/><F73/><W9/><G9/><N who="2" m="3657" /><F84/><W55/><G42/><T34/><D34/><U36/><E36/><V89/><F101/><W117/><G117/><T127/><D85/><U57/><E19/><V88/><F89/><W1/><G1/><T38/><D38/><U0/><E15/><N who="2" m="9567" /><F23/><W66/><G66/><T93/><D91/><U62/><E0/><V7/><F7/><W45/><G103/><T47/><D106/><U24/><E24/><V119/><F119/><W116/><G116/><T33/><D107/><U99/><E99/><V129/><F129/><N who="0" m="49738" /><D105/><U111/><E111/><V46/><F58/><W41/><G95/><T65/><D33/><U130/><E130/><V25/><F25/><W31/><G45/><T43/><D98/><U26/><E26/><V110/><F110/><W97/><G97/><T125/><D93/><U27/><E27/><V115/><F115/><W48/><G4/><T21/><D21/><U17/><E100/><V72/><F72/><W79/><G10/><T132/><D132/><U5/><E102/><V35/><F35/><W49/><G79/><T81/><D20/><U77/><E77/><V53/><AGARI ba="2,0" hai="46,50,53,61,63,88,94,96" m="9567,3657" machi="53" ten="30,4000,0" yaku="8,1,52,1,54,1" doraHai="44" who="2" fromWho="2" sc="313,-22,196,-12,265,46,226,-12" /><INIT seed="5,0,0,5,1,29" ten="291,184,311,214" oya="1" hai0="85,81,131,38,93,13,19,76,92,107,120,4,69" hai1="53,80,125,66,2,33,36,129,22,60,12,99,52" hai2="6,35,61,83,118,25,65,132,43,106,79,124,109" hai3="98,113,27,86,96,100,101,5,47,94,57,110,105"/><U97/><E2/><V62/><F118/><W112/><G110/><T126/><D107/><U77/><E36/><V71/><F109/><W116/><G116/><T37/><D69/><U49/><E129/><V123/><F62/><W0/><G47/><T17/><D131/><U23/><E125/><V135/><F124/><W54/><G27/><T34/><D126/><U14/><E33/><V119/><F119/><W9/><REACH who="3" step="1"/><G86/><REACH who="3" ten="291,184,311,204" step="2"/><T114/><D85/><N who="1" m="48271" /><E66/><V11/><F123/><W44/><G44/><T51/><D120/><U70/><E70/><V127/><F127/><W89/><G89/><T103/><D76/><U31/><E60/><AGARI ba="0,1" hai="0,5,9,54,57,60,94,96,98,100,101,105,112,113" machi="60" ten="40,2600,0" yaku="1,1,53,1" doraHai="29" doraHaiUra="102" who="3" fromWho="1" sc="291,0,184,-26,311,0,204,36" /><INIT seed="6,0,0,5,4,39" ten="291,158,311,240" oya="2" hai0="9,4,14,57,29,101,3,109,125,43,115,55,37" hai1="56,83,26,18,71,19,133,61,12,34,16,118,88" hai2="107,59,17,123,11,117,113,106,110,120,50,116,100" hai3="6,98,129,47,85,94,75,40,35,69,114,89,90"/><V46/><F59/><W65/><G35/><T23/><D109/><U70/><E118/><V25/><F100/><W104/><G129/><T77/><D125/><U132/><E12/><V49/><F25/><W67/><G75/><T102/><D77/><U52/><E34/><V30/><F113/><W81/><G114/><T60/><D115/><U124/><E26/><V84/><F84/><W44/><G104/><T103/><D3/><U96/><E124/><V78/><F30/><W93/><G6/><T58/><D58/><U20/><E20/><V0/><F78/><W80/><G69/><T135/><D135/><N who="1" m="51787" /><E83/><V51/><F123/><W66/><REACH who="3" step="1"/><G47/><REACH who="3" ten="291,158,311,230" step="2"/><T82/><D4/><U15/><E15/><N who="2" m="7423" /><F46/><W38/><AGARI ba="0,1" hai="38,40,44,65,66,67,80,81,85,89,90,93,94,98" machi="38" ten="30,4000,0" yaku="1,1,0,1,52,1,53,0" doraHai="39" doraHaiUra="22" who="3" fromWho="3" sc="291,-10,158,-10,311,-20,230,50" /><INIT seed="7,0,0,1,2,89" ten="281,148,291,280" oya="3" hai0="78,59,5,10,69,56,117,44,76,32,93,29,70" hai1="112,118,34,43,110,6,108,51,41,66,71,99,8" hai2="134,132,35,92,86,121,54,21,58,125,80,133,11" hai3="13,113,27,36,16,101,3,9,126,119,131,4,68"/><W102/><G119/><T106/><D117/><U23/><E118/><V55/><F35/><W64/><G36/><T85/><D106/><U77/><E34/><V120/><F125/><W105/><G126/><T67/><D44/><U33/><E33/><V74/><F74/><W104/><G131/><T94/><D32/><U75/><E112/><V46/><F46/><W61/><G27/><T88/><D29/><U60/><E23/><V57/><F11/><W19/><G113/><T38/><D38/><U100/><E51/><N who="2" m="30943" /><F21/><W90/><G90/><N who="0" m="53583" /><D69/><U84/><E84/><V0/><F92/><W20/><REACH who="3" step="1"/><G19/><REACH who="3" ten="281,148,291,270" step="2"/><T37/><D37/><U111/><E77/><N who="0" m="29801" /><D70/><U130/><E130/><V15/><F0/><W17/><G17/><T127/><D127/><U81/><E75/><V2/><F2/><W26/><G26/><T28/><D28/><U48/><E81/><V129/><F129/><W128/><G128/><T22/><D22/><U107/><REACH who="1" step="1"/><E48/><REACH who="1" ten="281,138,291,270" step="2"/><N who="2" m="31079" /><F15/><AGARI ba="0,2" hai="6,8,15,41,43,60,66,71,99,100,107,108,110,111" machi="15" ten="40,2600,0" yaku="1,1,53,1" doraHai="89" doraHaiUra="7" who="1" fromWho="2" sc="281,0,138,46,291,-26,270,0" /><INIT seed="8,0,0,5,3,117" ten="281,184,265,270" oya="0" hai0="125,58,109,50,96,84,114,39,12,81,6,59,53" hai1="121,60,78,112,0,13,98,120,46,34,48,87,2" hai2="126,119,3,29,103,134,102,14,16,26,133,130,85" hai3="8,104,86,52,55,77,69,7,42,63,111,128,118"/><T36/><D114/><U82/><E34/><N who="2" m="20791" /><F3/><W56/><G111/><T107/><D109/><U22/><E112/><V75/><F119/><W100/><G118/><T74/><D74/><U131/><E131/><V83/><F75/><W70/><G128/><T25/><D125/><U72/><E72/><V116/><F116/><W5/><G42/><T94/><D107/><U123/><E60/><V4/><F4/><W24/><G7/><T15/><D25/><U93/><E22/><N who="2" m="11543" /><F130/><W97/><G24/><T11/><D15/><U101/><REACH who="1" step="1"/><E13/><REACH who="1" ten="281,174,265,270" step="2"/><V106/><F126/><W9/><G9/><T73/><D73/><U90/><E90/><N who="2" m="51519" /><F106/><W37/><G104/><T35/><D35/><U20/><E20/><V61/><F61/><W71/><G63/><T132/><D12/><U95/><E95/><V99/><F102/><W38/><G100/><T89/><D94/><U41/><AGARI ba="0,1" hai="0,2,41,46,48,78,82,87,93,98,101,120,121,123" machi="41" ten="30,8000,1" yaku="1,1,0,1,52,3,53,0" doraHai="117" doraHaiUra="124" who="1" fromWho="1" sc="281,-40,174,90,265,-20,270,-20" /><INIT seed="9,0,0,3,3,61" ten="241,264,245,250" oya="1" hai0="106,44,12,1,70,50,95,121,64,105,6,131,89" hai1="71,85,80,60,133,81,68,84,75,15,125,43,38" hai2="27,104,92,62,35,100,45,120,86,26,82,109,52" hai3="53,111,17,114,14,39,103,124,51,25,108,36,10"/><U30/><E75/><V46/><F120/><W116/><G114/><T13/><D121/><U8/><E30/><V119/><F109/><W74/><G74/><T132/><D1/><U110/><E110/><V130/><F104/><W96/><G124/><T19/><D132/><U134/><E125/><V5/><F35/><W94/><G116/><T79/><D79/><N who="1" m="46111" /><E60/><V76/><F119/><W102/><G111/><T56/><D70/><U112/><E112/><V118/><F118/><W117/><G117/><T63/><D131/><U22/><E22/><V34/><F5/><W32/><G103/><T33/><D33/><U9/><E43/><V16/><F130/><W28/><REACH who="3" step="1"/><G108/><REACH who="3" ten="241,264,245,240" step="2"/><T123/><D123/><U65/><E133/><V55/><F34/><W122/><G122/><T4/><D105/><U58/><E134/><V42/><F100/><W18/><G18/><T41/><D106/><U37/><E37/><V77/><F16/><W87/><G87/><N who="0" m="52671" /><D13/><U59/><E38/><V47/><F27/><W0/><G0/><T24/><D24/><U107/><E107/><V67/><F26/><W88/><G88/><T127/><D127/><U48/><E15/><V54/><F77/><W129/><G129/><T126/><D126/><U73/><E73/><V97/><F42/><W49/><G49/><T69/><D69/><U135/><E135/><V31/><F31/><W72/><G72/><T2/><D2/><U78/><E68/><N who="2" m="42103" /><F97/><W3/><G3/><T128/><D128/><U83/><E71/><V57/><F57/><AGARI ba="0,1" hai="10,14,17,25,28,32,36,39,51,53,57,94,96,102" machi="57" ten="30,3900,0" yaku="1,1,7,1,53,1" doraHai="61" doraHaiUra="7" who="3" fromWho="2" sc="241,0,264,0,245,-39,240,49" /><INIT seed="10,0,0,1,5,9" ten="241,264,206,289" oya="2" hai0="60,67,20,56,27,76,84,128,123,101,78,105,59" hai1="16,92,74,66,55,130,54,0,5,25,23,26,13" hai2="42,41,14,6,10,53,131,90,51,24,91,44,35" hai3="71,31,77,96,114,39,50,110,17,104,121,108,48"/><V99/><F131/><W125/><G39/><T83/><D128/><U87/><E74/><V70/><F70/><W18/><G121/><T95/><D123/><U117/><E130/><V127/><F127/><W57/><G57/><T112/><D112/><U15/><E0/><V122/><F122/><W49/><G71/><T109/><D109/><U3/><E3/><V47/><F99/><W28/><G50/><T120/><D105/><U98/><E87/><V45/><F35/><W22/><G22/><T129/><D129/><U119/><E66/><V30/><F24/><N who="1" m="9321" /><E117/><V36/><REACH who="2" step="1"/><F30/><REACH who="2" ten="241,264,196,289" step="2"/><W64/><G96/><N who="0" m="59551" /><D120/><U21/><E119/><V40/><F40/><W2/><G125/><T100/><D100/><N who="1" m="60487" /><E23/><V113/><F113/><W37/><G114/><T81/><D56/><U111/><E111/><V134/><F134/><W1/><G110/><T132/><D132/><U86/><E86/><V29/><F29/><W124/><G124/><T73/><D73/><U135/><E135/><V106/><F106/><W11/><G104/><T32/><D32/><U102/><E102/><V80/><F80/><N who="0" m="30794" /><D84/><U88/><E88/><V8/><F8/><AGARI ba="0,1" hai="5,8,13,15,16,21,54,55" m="60487,9321" machi="8" ten="30,7700,0" yaku="8,1,52,2,54,1" doraHai="9" who="1" fromWho="2" sc="241,0,264,87,196,-77,289,0" owari="241,-16.0,351,45.0,119,-38.0,289,9.0" /></mjloggm>