<mjloggm ver="2.3"><GO type="169" lobby="0"/><UN n0="%E8%87%AA%E5%A0%95%E8%90%BD%E5%A4%A7%E5%AD%A6%E9%99%A2%E7%94%9F" n1="%E3%81%97%E3%81%A9%E3%83%BC" n2="%6E%61%6E%6E%61%6E%79%61" n3="%23%37%34%E5%A4%A7%E6%B2%BB%E9%83%8E" dan="17,16,16,16" rate="2155.77,2063.36,2048.72,2092.91" sx="M,M,M,M"/><TAIKYOKU oya="0"/><INIT seed="0,0,0,1,2,91" ten="250,250,250,250" oya="0" hai0="103,104,128,58,73,32,59,12,52,34,75,125,57" hai1="111,89,102,47,39,120,112,101,70,123,96,11,9" hai2="93,2,55,88,119,127,87,66,26,60,71,86,117" hai3="56,36,94,92,46,43,44,25,5,72,15,10,74"/><T90/><D128/><U110/><E70/><V108/><F2/><W18/><G46/><T76/><D125/><U65/><E65/><V21/><F127/><W69/><G69/><T0/><D0/><U78/><E78/><V16/><F108/><N who="1" m="41513" /><E89/><V4/><F4/><W122/><G122/><N who="1" m="46634" /><E112/><V17/><F55/><W53/><G25/><T84/><D12/><U107/><E102/><V130/><F130/><W24/><G24/><T106/><D106/><U1/><E1/><V129/><F129/><W62/><REACH who="3" step="1"/><G5/><REACH who="3" ten="250,250,250,240" step="2"/><T100/><D59/><U67/><E67/><V31/><REACH who="2" step="1"/><F87/><REACH who="2" ten="250,250,240,240" step="2"/><W27/><G27/><T37/><D84/><U48/><E39/><V124/><F124/><W14/><G14/><T13/><D37/><U99/><E99/><V20/><F20/><W49/><G49/><T51/><D13/><U19/><E19/><AGARI ba="0,2" hai="16,17,19,21,26,31,60,66,71,86,88,93,117,119" machi="19" ten="40,8000,1" yaku="1,1,52,1,54,2,53,0" doraHai="91" doraHaiUra="40" who="2" fromWho="1" sc="250,0,250,-80,240,100,240,0" /><INIT seed="1,0,0,1,2,42" ten="250,170,340,240" oya="1" hai0="68,45,18,124,106,11,77,40,34,26,29,51,38" hai1="54,25,125,112,70,8,58,32,100,94,12,103,2" hai2="74,97,20,110,41,46,53,115,88,22,4,24,43" hai3="129,102,64,60,109,108,48,85,7,121,84,111,80"/><U96/><E2/><V93/><F74/><W0/><G121/><T105/><D124/><U67/><E125/><V35/><F110/><W118/><G129/><T99/><D68/><U21/><E112/><V65/><F35/><W63/><G118/><T71/><D71/><U69/><E32/><V3/><F65/><W62/><G102/><T116/><D116/><U76/><E76/><V120/><F120/><W61/><G0/><T10/><D77/><U130/><E103/><V27/><F4/><W75/><G7/><T101/><D106/><U57/><E67/><V52/><F3/><W17/><G75/><T19/><REACH who="0" step="1"/><D38/><REACH who="0" ten="240,170,340,240" step="2"/><U78/><E78/><V127/><F127/><W59/><G80/><T31/><D31/><U36/><E36/><V132/><F115/><W83/><G83/><T49/><D49/><U66/><E130/><V5/><F132/><W6/><G6/><T9/><AGARI ba="0,1" hai="9,10,11,18,19,26,29,34,40,45,51,99,101,105" machi="9" ten="30,4000,0" yaku="1,1,0,1,52,1,53,0" doraHai="42" doraHaiUra="133" who="0" fromWho="0" sc="240,50,170,-20,340,-10,240,-10" /><INIT seed="2,0,0,2,0,27" ten="290,150,330,230" oya="2" hai0="20,70,39,96,34,9,132,119,15,106,91,73,68" hai1="71,12,127,114,123,115,51,58,16,89,44,3,25" hai2="57,113,63,131,124,67,133,104,14,0,1,84,37" hai3="76,87,78,24,109,61,75,45,130,5,69,112,83"/><V18/><F113/><W35/><G112/><T26/><D34/><U134/><E71/><V72/><F72/><W79/><G109/><T95/><D132/><U48/><E3/><V74/><F74/><W116/><G116/><T81/><D119/><U6/><E134/><V62/><F133/><W88/><G130/><T92/><D39/><U64/><E123/><V42/><F104/><W107/><G107/><T128/><D106/><U31/><E115/><V2/><F131/><W135/><G135/><T117/><D117/><U100/><E114/><V4/><F4/><W54/><G5/><T40/><D40/><U111/><E6/><V122/><F122/><W43/><G69/><T126/><D126/><U10/><E127/><V60/><F84/><W11/><G11/><T29/><D128/><U49/><E100/><V94/><F94/><W90/><G90/><T59/><D59/><U125/><E125/><V110/><F110/><W103/><G103/><T120/><D120/><U121/><E121/><V65/><F124/><W102/><G102/><T85/><D95/><U36/><E89/><V28/><F65/><W80/><G54/><T30/><D73/><U52/><E36/><V77/><F37/><W21/><G61/><T53/><D53/><U105/><E105/><V55/><F63/><W50/><REACH who="3" step="1"/><G35/><REACH who="3" ten="290,150,330,220" step="2"/><T98/><D70/><U118/><E111/><V93/><F62/><W38/><G38/><T47/><D68/><U99/><E118/><V86/><F60/><W23/><G23/><T129/><D129/><U41/><E52/><V8/><F55/><W22/><G22/><RYUUKYOKU ba="0,1" sc="290,-10,150,-10,330,-10,220,30" hai3="21,24,43,45,50,75,76,78,79,80,83,87,88" /><INIT seed="3,1,1,3,2,63" ten="280,140,320,250" oya="3" hai0="107,34,32,91,127,116,83,57,36,44,89,74,17" hai1="39,16,126,65,50,105,122,30,95,42,117,133,7" hai2="72,45,77,21,76,20,102,129,56,134,60,87,88" hai3="61,96,73,37,26,22,109,132,100,111,113,66,9"/><W59/><G113/><T86/><D116/><U97/><E105/><V38/><F102/><W49/><G37/><T69/><D69/><U121/><E117/><V48/><F38/><W80/><G9/><T93/><D107/><U25/><E39/><V68/><F68/><W130/><G49/><T3/><D3/><U19/><E7/><V53/><F129/><W98/><G130/><T104/><D104/><U40/><E133/><V78/><F72/><W55/><G132/><T52/><D127/><U8/><E126/><V47/><F134/><W41/><G41/><T75/><D75/><U31/><E122/><V128/><F45/><W94/><G98/><T1/><D1/><U13/><E121/><V18/><F18/><W71/><G71/><T112/><D112/><U84/><E84/><V99/><F99/><W92/><G92/><T124/><D124/><U35/><E35/><V12/><F12/><W106/><G106/><T0/><D0/><U15/><E65/><N who="2" m="39047" /><F128/><W14/><G14/><T103/><D103/><N who="1" m="60863" /><E25/><V4/><F4/><W135/><G135/><T29/><D74/><U131/><E131/><V64/><F64/><W82/><G55/><T11/><D36/><U110/><E110/><N who="3" m="41994" /><G73/><T125/><D125/><U46/><E42/><V54/><F53/><W120/><G120/><T79/><D52/><U90/><E90/><V70/><F70/><W43/><G43/><T123/><D91/><U114/><E114/><V58/><F47/><W5/><G5/><T67/><D44/><U51/><E51/><V27/><F27/><W108/><N who="3" m="42002" /><W23/><DORA hai="33" /><G26/><RYUUKYOKU ba="1,1" sc="280,-30,140,10,320,10,250,10" hai1="8,13,15,16,19,30,31,40,46,50" hai2="20,21,48,54,58,76,77,78,87,88" hai3="22,23,59,61,66,80,82,94,96,100" /><INIT seed="3,2,1,1,5,66" ten="250,150,330,260" oya="3" hai0="17,121,79,84,3,40,125,78,32,106,53,58,110" hai1="49,27,132,26,70,85,115,28,65,57,91,51,63" hai2="127,131,5,21,129,118,31,33,35,93,94,114,103" hai3="81,14,88,38,90,130,30,105,97,116,76,45,19"/><W71/><G116/><T39/><D106/><U22/><E115/><V52/><F5/><W29/><G130/><N who="2" m="49673" /><F114/><W74/><G71/><T61/><D121/><U109/><E109/><V16/><F31/><W13/><G13/><T47/><D110/><U6/><E132/><V86/><F127/><W89/><G38/><T46/><D125/><U64/><E6/><V7/><F7/><W75/><G75/><T20/><D3/><U122/><E122/><V99/><F118/><W68/><G45/><T11/><D32/><U80/><E65/><V55/><F86/><W60/><G105/><T98/><D11/><U72/><E72/><V96/><F35/><W95/><G60/><T2/><D2/><U107/><E107/><V23/><F23/><W123/><G68/><T120/><D120/><U44/><E44/><V113/><F33/><W128/><G128/><T104/><D84/><U62/><REACH who="1" step="1"/><E27/><REACH who="1" ten="250,140,330,260" step="2"/><N who="2" m="14759" /><F113/><W12/><G123/><T73/><D73/><U42/><E42/><V9/><F9/><W67/><G67/><T36/><D46/><U43/><E43/><V134/><F134/><W34/><G34/><T117/><D117/><U83/><E83/><V25/><F25/><W37/><G12/><N who="0" m="9255" /><D36/><U111/><E111/><V119/><F119/><W1/><G37/><T87/><D39/><U92/><E92/><V77/><F94/><W102/><REACH who="3" step="1"/><G1/><REACH who="3" ten="250,140,330,250" step="2"/><T108/><D47/><U48/><E48/><V101/><F55/><W54/><G54/><T124/><D53/><U41/><E41/><V0/><F52/><W69/><G69/><T4/><D108/><U10/><E10/><AGARI ba="2,3" hai="10,14,19,29,30,74,76,81,88,89,90,95,97,102" machi="10" ten="40,7700,0" yaku="1,1,6,1,54,1,53,0" doraHai="66" doraHaiUra="100" who="3" fromWho="1" sc="250,0,140,-83,330,0,250,113" /><INIT seed="3,3,0,3,0,0" ten="250,57,330,363" oya="3" hai0="55,31,2,128,132,1,112,104,27,52,35,100,32" hai1="117,51,78,124,15,83,119,84,59,114,24,60,108" hai2="94,22,121,4,19,49,87,48,89,120,57,109,90" hai3="73,126,44,58,88,12,33,105,113,72,74,101,46"/><W115/><G33/><T16/><D112/><U64/><E108/><V29/><F109/><W85/><G58/><T125/><D128/><U91/><E114/><N who="3" m="43530" /><G12/><T23/><D125/><U40/><E124/><V38/><F38/><W56/><G56/><T106/><D132/><U123/><E123/><N who="2" m="47179" /><F29/><W54/><G54/><T76/><D76/><U110/><E110/><V63/><F4/><W131/><G44/><T3/><D35/><U116/><E24/><N who="2" m="14431" /><F90/><W98/><G46/><T122/><D122/><U65/><E65/><AGARI ba="3,0" hai="48,49,57,63,65,87,89,94" m="14431,47179" machi="65" ten="30,1000,0" yaku="13,1" doraHai="0" who="2" fromWho="1" sc="250,0,57,-19,330,19,363,0" /><INIT seed="4,0,0,4,1,21" ten="250,38,349,363" oya="0" hai0="40,67,132,68,14,87,126,47,79,4,73,55,37" hai1="58,105,49,52,116,88,46,86,62,94,128,32,96" hai2="30,23,27,63,133,6,50,125,90,115,31,5,129" hai3="100,38,43,57,70,120,123,18,106,61,60,13,111"/><T97/><D132/><U17/><E116/><V66/><F133/><W59/><G111/><T12/><D126/><U8/><E128/><V25/><F129/><W75/><G75/><T82/><D55/><U45/><E32/><V44/><F90/><W74/><G74/><T127/><D127/><U118/><E118/><V93/><F93/><W85/><G70/><T99/><D99/><U28/><E28/><V110/><F115/><W54/><G85/><T33/><D33/><U51/><E105/><V36/><F36/><W113/><G113/><T131/><D131/><U135/><E135/><V69/><F125/><W103/><G43/><T22/><D97/><U0/><E0/><V112/><F110/><W107/><G38/><T15/><D87/><U10/><E96/><V7/><F112/><W95/><G95/><T77/><D77/><U89/><E89/><V53/><REACH who="2" step="1"/><F6/><REACH who="2" ten="250,38,339,363" step="2"/><W16/><G107/><T78/><D79/><U124/><E124/><V71/><F71/><W108/><G106/><T24/><D68/><U41/><REACH who="1" step="1"/><E17/><REACH who="1" ten="250,28,339,363" step="2"/><V109/><F109/><W26/><G108/><T20/><D4/><U11/><E11/><V1/><F1/><W122/><G18/><T114/><D114/><U3/><E3/><V19/><F19/><W56/><G120/><T130/><D130/><U101/><E101/><V35/><AGARI ba="0,2" hai="5,7,23,25,27,30,31,35,44,50,53,63,66,69" machi="35" ten="20,8000,1" yaku="1,1,0,1,7,1,52,2,53,0" doraHai="21" doraHaiUra="121" who="2" fromWho="2" sc="250,-40,28,-20,339,100,363,-20" /><INIT seed="5,0,0,0,4,106" ten="210,8,439,343" oya="1" hai0="130,110,30,50,15,128,108,107,43,55,88,46,54" hai1="124,49,126,127,111,37,103,17,38,69,129,83,87" hai2="86,78,105,121,113,132,32,85,123,92,1,45,98" hai3="70,48,6,8,20,35,18,90,40,42,99,117,3"/><U33/><E69/><V14/><F1/><W84/><G70/><T100/><D30/><U135/><E33/><V102/><F32/><W34/><G99/><T118/><D15/><U95/><E135/><V122/><F14/><W0/><G117/><T12/><D12/><U16/><E129/><N who="0" m="49769" /><D100/><U59/><E49/><V74/><F45/><W76/><G76/><T39/><D107/><U62/><E111/><N who="0" m="42537" /><D88/><N who="1" m="51327" /><E95/><V31/><F31/><W91/><G0/><T66/><D118/><U75/><E75/><V24/><F24/><W25/><G91/><T96/><D96/><U26/><E103/><V41/><F41/><W73/><G73/><T61/><D39/><N who="1" m="14859" /><E26/><V77/><F132/><W133/><G133/><T51/><D51/><U29/><E29/><V52/><F105/><W13/><G3/><T119/><D119/><U104/><E104/><V71/><F123/><W65/><G34/><T28/><D28/><U36/><N who="1" m="14867" /><U134/><DORA hai="68" /><E134/><V4/><F122/><W80/><G35/><T125/><D61/><U120/><E120/><V9/><F102/><W11/><G48/><T94/><D94/><U81/><E81/><V23/><F98/><W21/><G80/><T101/><D101/><U114/><E114/><V2/><F92/><W64/><G13/><T131/><N who="0" m="49777" /><T109/><N who="0" m="42545" /><DORA hai="10" /><T7/><DORA hai="115" /><D7/><U89/><E89/><V47/><F113/><W60/><G6/><T44/><D44/><U5/><E5/><V63/><F4/><W93/><G90/><T53/><D66/><AGARI ba="0,0" hai="16,17,59,62,66,124,126,127" m="14867,51327" machi="66" ten="50,18000,2" yaku="18,1,52,4,54,2" doraHai="106,68,10,115" who="1" fromWho="0" sc="210,-180,8,180,439,0,343,0" /><INIT seed="5,1,0,5,1,39" ten="30,188,439,343" oya="1" hai0="118,79,52,100,29,23,68,19,133,82,104,5,65" hai1="134,131,81,25,120,77,47,18,110,108,12,4,44" hai2="88,26,74,73,76,102,11,63,35,98,116,80,13" hai3="84,115,54,71,48,22,97,45,122,61,113,15,30"/><U21/><E120/><V70/><F116/><W126/><G122/><T6/><D118/><U135/><E131/><V46/><F46/><W56/><G71/><T112/><D29/><N who="1" m="17583" /><E47/><V24/><F74/><W89/><G126/><T59/><D112/><N who="3" m="43081" /><G97/><T62/><D133/><N who="1" m="50699" /><E44/><V93/><F35/><W105/><G105/><T106/><D106/><U127/><E81/><V17/><F70/><W43/><G30/><T99/><D65/><U114/><E77/><V9/><F63/><W51/><G22/><T8/><D8/><N who="1" m="4103" /><E114/><V31/><F31/><W3/><G3/><T40/><D68/><U58/><E58/><V107/><F9/><W0/><G0/><T2/><D2/><U78/><E78/><V87/><AGARI ba="1,0" hai="11,13,17,24,26,73,76,80,87,88,93,98,102,107" machi="87" ten="20,8000,1" yaku="0,1,7,1,24,2,54,1" doraHai="39" who="2" fromWho="2" sc="30,-21,188,-41,439,83,343,-21" /><INIT seed="6,0,0,5,3,134" ten="9,147,522,322" oya="2" hai0="98,42,34,76,40,31,93,46,72,120,26,75,73" hai1="113,109,89,132,25,13,59,32,103,92,81,66,18" hai2="48,22,96,56,71,121,107,94,52,84,29,38,117" hai3="54,123,122,86,1,58,50,35,97,17,101,133,119"/><V49/><F117/><W129/><G35/><T70/><D120/><U85/><E109/><V82/><F38/><W118/><G1/><T30/><D70/><U131/><E131/><V23/><F71/><W102/><G129/><T2/><D31/><U62/><E132/><V9/><F107/><W88/><G133/><T115/><D2/><U128/><E128/><V105/><F105/><W80/><G102/><T135/><D135/><U130/><E130/><V43/><F9/><W78/><G78/><T63/><D63/><U67/><E113/><V114/><F121/><W36/><G36/><T110/><D110/><U111/><E111/><V53/><F43/><W37/><G37/><T16/><D115/><U116/><E116/><V124/><F29/><W126/><G123/><T14/><D76/><U79/><E103/><V127/><F94/><W95/><G122/><T100/><D46/><U6/><E6/><V3/><F96/><W77/><G126/><N who="2" m="48169" /><F114/><W104/><REACH who="3" step="1"/><G17/><REACH who="3" ten="9,147,522,312" step="2"/><T27/><D27/><U15/><E25/><V74/><F3/><W28/><G28/><T83/><D83/><U64/><E81/><V39/><F39/><W12/><G12/><T91/><D100/><U55/><E15/><V61/><F74/><AGARI ba="0,1" hai="50,54,58,74,77,80,86,88,95,97,101,104,118,119" machi="74" ten="30,8000,1" yaku="1,1,7,1,24,2,54,1,53,0" doraHai="134" doraHaiUra="69" who="3" fromWho="2" sc="9,0,147,0,522,-80,312,90" /><INIT seed="7,0,0,1,0,0" ten="9,147,442,402" oya="3" hai0="69,31,123,128,99,110,17,68,51,82,37,115,27" hai1="9,48,25,76,80,91,5,28,18,118,112,113,1" hai2="59,46,122,104,116,106,86,53,105,55,39,54,125" hai3="21,78,120,98,58,66,47,23,44,60,87,11,61"/><W29/><G120/><T72/><D37/><U19/><E118/><V13/><F116/><W95/><G11/><T117/><D117/><U62/><E91/><V81/><F122/><W108/><G108/><T74/><D74/><N who="1" m="43031" /><E62/><V77/><F125/><W20/><G29/><T133/><D133/><U35/><E48/><V10/><F39/><W63/><G87/><T90/><D90/><U8/><E8/><V94/><F94/><W100/><G78/><T124/><D124/><U49/><E49/><V33/><F46/><AGARI ba="0,0" hai="20,21,23,44,46,47,58,60,61,63,66,95,98,100" machi="46" ten="40,2000,0" yaku="8,1" doraHai="0" who="3" fromWho="2" sc="9,0,147,0,442,-20,402,20" /><INIT seed="7,1,0,4,0,109" ten="9,147,422,422" oya="3" hai0="70,41,27,24,128,124,11,29,84,107,97,48,46" hai1="114,58,105,10,54,79,63,133,104,127,123,80,30" hai2="32,0,93,132,82,16,96,6,7,101,9,2,3" hai3="119,85,35,67,65,18,69,17,115,14,117,28,90"/><W64/><G69/><T53/><D128/><U50/><E123/><V83/><F32/><W81/><G115/><T44/><D44/><U26/><E127/><V94/><F132/><W61/><G61/><T51/><D51/><U57/><E114/><V47/><F47/><W59/><G59/><T5/><D5/><U131/><E133/><V103/><F16/><W95/><G18/><T20/><D20/><U72/><E10/><V62/><F62/><W108/><G108/><T23/><D23/><U129/><E129/><V39/><F39/><W112/><G112/><T111/><D111/><U113/><E113/><V19/><F19/><W73/><G73/><T125/><D125/><U71/><E71/><V91/><F91/><W106/><G106/><T68/><D68/><U36/><E36/><V121/><F121/><W43/><G43/><T4/><D4/><U77/><E77/><V76/><F76/><W13/><G13/><T45/><D45/><U110/><E110/><V21/><F21/><W34/><G81/><T49/><D49/><U135/><E135/><V1/><F6/><W56/><G56/><T15/><D15/><U38/><E38/><V98/><AGARI ba="1,0" hai="0,1,2,3,7,9,82,83,93,94,96,98,101,103" machi="98" ten="40,2700,0" yaku="0,1,9,1" doraHai="109" who="2" fromWho="2" sc="9,-8,147,-8,422,30,422,-14" owari="1,-50.0,139,-26.0,452,55.0,408,21.0" /></mjloggm>