<mjloggm ver="2.3"><GO type="169" lobby="0"/><UN n0="%E3%82%A4%E3%83%B3%E3%82%B6%E3%83%BC%E3%82%AE%CE%B1" n1="%E5%88%9D%E4%BB%A3%E2%98%86" n2="%6D%69%6C%6C%72%65%65%66" n3="%E3%82%AB%E3%83%9C%E3%83%81%E3%83%A3%E3%82%BF%E3%83%8D" dan="16,16,17,17" rate="2076.66,2042.65,2175.92,2156.78" sx="M,M,M,M"/><TAIKYOKU oya="0"/><INIT seed="0,0,0,3,4,134" ten="250,250,250,250" oya="0" hai0="3,20,64,84,51,115,135,5,119,128,68,94,80" hai1="50,40,56,34,65,9,48,118,129,30,78,106,93" hai2="47,122,120,116,96,2,41,88,105,71,18,43,36" hai3="66,14,104,107,61,13,114,38,98,87,6,12,81"/><T39/><D119/><U75/><E118/><V112/><F116/><W89/><G38/><T109/><D115/><U49/><E106/><V76/><F71/><W133/><G114/><T85/><D39/><U101/><E129/><V126/><F112/><W37/><G37/><T92/><D135/><U70/><E70/><V46/><F76/><W42/><G42/><T111/><D128/><U124/><E124/><V55/><F55/><W0/><G133/><T16/><D51/><U130/><E130/><V100/><F2/><W32/><G32/><T52/><D52/><U79/><E75/><V25/><F126/><W127/><G127/><T15/><D64/><U4/><E34/><V125/><F125/><W31/><G31/><T45/><D45/><U74/><E74/><V22/><REACH who="2" step="1"/><F88/><REACH who="2" ten="250,250,240,250" step="2"/><N who="3" m="51311" /><G0/><T21/><D68/><U8/><E79/><V29/><F29/><W24/><G89/><T26/><D3/><U86/><E78/><V77/><F77/><W23/><G66/><T11/><D109/><U95/><E30/><V110/><F110/><W19/><G98/><T57/><D111/><U7/><E40/><V62/><F62/><W91/><G91/><T83/><D85/><U102/><E86/><V82/><F82/><W99/><G99/><T54/><D83/><U117/><E117/><V97/><F97/><W113/><G113/><T73/><D73/><U35/><E65/><V33/><F33/><W123/><G61/><N who="0" m="36023" /><D21/><U121/><E35/><V72/><F72/><W69/><G69/><T90/><AGARI ba="0,1" hai="5,11,15,16,20,26,80,84,90,92,94" m="36023" machi="90" ten="30,3000,0" yaku="8,1,54,1" doraHai="134" who="0" fromWho="0" sc="250,40,250,-10,240,-10,250,-10" /><INIT seed="0,1,0,1,0,119" ten="290,240,230,240" oya="0" hai0="41,73,131,14,92,116,95,129,88,48,103,20,56" hai1="130,49,42,47,13,16,91,109,102,4,85,100,81" hai2="128,21,64,79,107,89,94,54,9,43,12,45,113" hai3="74,26,50,23,111,121,122,90,28,106,96,68,39"/><T37/><D116/><U53/><E109/><V117/><F107/><W59/><G39/><T19/><D73/><U60/><E130/><N who="0" m="49673" /><D37/><U8/><E60/><V80/><F117/><W27/><G111/><T114/><D114/><U69/><E69/><V82/><F128/><W67/><G74/><T135/><D135/><U134/><E134/><V97/><F113/><W30/><G68/><T7/><D7/><U40/><E4/><V10/><F64/><W65/><G50/><T76/><D76/><U86/><E86/><V83/><F54/><W120/><G59/><T133/><D133/><U61/><E61/><V93/><F79/><W125/><G125/><T11/><D103/><AGARI ba="1,0" hai="8,13,16,40,42,47,49,53,81,85,91,100,102,103" machi="103" ten="40,8000,1" yaku="25,2,8,1,54,1" doraHai="119" who="1" fromWho="0" sc="290,-83,240,83,230,0,240,0" /><INIT seed="1,0,0,4,3,46" ten="207,323,230,240" oya="1" hai0="87,20,32,48,34,6,135,37,134,51,132,39,127" hai1="58,38,119,82,122,88,36,81,44,91,71,10,2" hai2="79,126,28,110,106,121,93,13,117,5,33,68,11" hai3="41,54,25,59,14,35,111,105,115,73,7,69,22"/><U60/><E119/><V77/><F68/><W83/><G69/><T102/><D6/><U50/><E122/><V80/><F121/><W75/><G115/><T4/><D4/><U17/><E71/><V129/><F117/><W42/><G105/><T57/><D127/><U12/><E2/><V123/><F106/><W78/><G75/><T45/><D102/><U133/><E133/><V29/><F123/><W16/><G111/><T21/><D87/><U97/><E38/><N who="0" m="14345" /><D57/><U74/><E36/><V8/><F110/><W0/><G0/><T43/><D51/><U95/><E91/><V92/><F126/><W23/><G35/><AGARI ba="0,0" hai="20,21,32,34,35,43,45,48,132,134,135" m="14345" machi="35" ten="40,2600,0" yaku="20,1,52,1" doraHai="46" who="0" fromWho="3" sc="207,26,323,0,230,0,240,-26" /><INIT seed="2,0,0,2,2,8" ten="233,323,230,214" oya="2" hai0="87,35,20,57,119,83,60,34,11,25,134,90,108" hai1="105,27,113,94,45,61,6,118,125,100,30,36,13" hai2="73,32,84,89,122,79,4,18,101,51,128,5,91" hai3="86,126,31,92,109,132,2,22,38,131,103,120,130"/><V85/><F32/><W50/><G38/><T40/><D119/><U68/><E118/><V53/><F122/><W46/><G120/><T62/><D134/><U19/><E113/><V1/><F128/><W33/><G33/><T80/><D40/><U74/><E125/><V111/><F101/><W77/><G2/><T43/><D43/><U15/><E74/><V135/><F135/><W70/><G70/><T95/><D108/><U76/><E76/><V121/><F121/><W47/><G132/><T17/><D11/><U64/><E6/><V59/><F111/><W93/><G109/><T116/><D116/><U112/><E112/><V52/><F73/><W71/><G71/><T123/><D123/><U115/><E115/><V16/><F1/><W48/><G126/><T56/><D34/><N who="1" m="20831" /><E19/><N who="2" m="7211" /><F53/><W66/><G103/><T65/><REACH who="0" step="1"/><D35/><REACH who="0" ten="223,323,230,214" step="2"/><U14/><E36/><V44/><F44/><W99/><G47/><T78/><D78/><U81/><E45/><V42/><F42/><W124/><G77/><T117/><D117/><U21/><E21/><V0/><F79/><W110/><G110/><T96/><D96/><N who="1" m="61575" /><E81/><N who="2" m="49295" /><F0/><W10/><G22/><T9/><D9/><U69/><E69/><V58/><F58/><W97/><G10/><T127/><D127/><U75/><E75/><V104/><F104/><W41/><G124/><T106/><D106/><U55/><E94/><AGARI ba="0,1" hai="4,5,51,52,59,85,91,94" m="49295,7211" machi="94" ten="30,5800,0" yaku="8,1,54,2" doraHai="8" who="2" fromWho="1" sc="223,0,323,-58,230,68,214,0" /><INIT seed="2,1,0,3,0,35" ten="223,265,298,214" oya="2" hai0="10,93,113,98,19,115,39,86,22,87,17,54,41" hai1="27,112,94,72,3,25,126,92,70,100,121,8,99" hai2="26,43,76,75,56,33,85,104,117,95,55,128,79" hai3="109,5,46,40,42,37,102,13,2,4,28,62,15"/><V66/><F104/><W132/><G109/><T78/><D39/><U59/><E112/><V71/><F117/><W12/><G132/><T110/><D41/><U50/><E126/><V114/><F114/><W89/><G42/><T16/><D110/><U80/><E121/><V77/><F75/><W51/><G102/><N who="0" m="60751" /><D115/><U64/><E64/><V134/><F134/><W96/><G28/><T105/><D105/><U58/><E70/><V125/><F125/><W83/><G37/><T133/><D113/><U116/><E116/><V63/><F128/><W130/><G130/><T120/><D120/><U61/><E94/><V119/><F119/><W31/><G96/><T69/><D69/><U127/><E127/><V49/><F33/><W103/><G103/><T36/><D36/><U124/><E124/><V7/><F26/><W74/><G31/><T1/><D1/><U91/><E50/><V11/><F43/><W73/><G62/><T97/><D97/><U52/><E58/><V24/><F24/><W6/><REACH who="3" step="1"/><G2/><REACH who="3" ten="223,265,298,204" step="2"/><T0/><D0/><U84/><REACH who="1" step="1"/><E72/><REACH who="1" ten="223,255,298,204" step="2"/><V53/><F63/><W90/><G90/><T20/><D133/><U129/><E129/><V82/><F77/><W44/><G44/><T107/><D78/><U32/><E32/><V34/><F79/><W135/><G135/><T23/><D107/><U123/><E123/><V65/><F34/><W30/><G30/><T47/><D10/><U81/><E81/><V108/><F11/><W60/><G60/><T118/><D118/><U21/><E21/><V48/><F76/><W67/><G67/><T29/><D29/><RYUUKYOKU ba="1,2" sc="223,10,255,10,298,-30,204,10" hai0="16,17,19,20,22,23,47,54,86,87" hai1="3,8,25,27,52,59,61,80,84,91,92,99,100" hai3="4,5,6,12,13,15,40,46,51,73,74,83,89" /><INIT seed="3,2,2,2,2,123" ten="233,265,268,214" oya="3" hai0="22,97,93,26,69,103,78,111,74,129,76,28,35" hai1="21,92,27,48,94,119,82,130,40,95,0,37,1" hai2="132,56,105,84,31,44,127,9,7,117,124,58,39" hai3="3,10,41,5,63,32,2,6,85,102,49,96,72"/><W122/><G122/><T120/><D120/><U36/><E130/><V113/><F105/><W83/><G72/><T126/><D126/><N who="2" m="48170" /><F117/><W17/><G32/><T61/><D129/><U66/><E119/><V20/><F132/><W67/><G17/><T98/><D74/><U12/><E66/><V108/><F108/><W57/><G6/><T134/><D134/><U133/><E12/><N who="2" m="5183" /><F113/><W42/><G3/><T8/><D8/><U104/><E104/><V29/><F84/><W62/><G62/><T25/><D98/><U11/><E133/><V16/><F44/><W125/><G125/><T81/><D111/><U79/><E11/><V14/><F39/><W73/><G73/><T64/><D81/><U106/><E106/><V88/><F88/><W110/><G110/><T80/><D80/><U99/><E99/><V131/><F131/><W38/><G38/><T107/><D93/><U91/><E91/><V13/><F13/><W75/><G75/><T71/><D69/><U47/><E37/><V114/><F114/><W116/><G116/><T52/><D52/><U89/><E89/><V100/><F100/><W4/><G4/><T43/><D43/><U109/><E36/><V19/><F19/><AGARI ba="2,2" hai="19,22,25,26,28,35,61,64,71,76,78,97,103,107" machi="19" ten="30,3900,0" yaku="7,1,25,2" doraHai="123" who="0" fromWho="2" sc="233,65,265,0,268,-45,214,0" /><INIT seed="4,0,0,4,5,105" ten="298,265,223,214" oya="0" hai0="7,54,53,124,107,110,117,133,87,71,73,135,59" hai1="21,13,98,33,90,6,42,74,106,70,44,25,69" hai2="84,19,23,99,86,75,30,101,46,9,2,4,1" hai3="62,121,34,113,5,132,91,103,95,37,52,8,63"/><T60/><D117/><U32/><E74/><V64/><F2/><W92/><G34/><T36/><D110/><U29/><E6/><V51/><F64/><W122/><G37/><T81/><D36/><U112/><E112/><V65/><F65/><W126/><G113/><T56/><D107/><U127/><E127/><V100/><F30/><W116/><G116/><T134/><D124/><U0/><E0/><V96/><F75/><W17/><G126/><T89/><D7/><U114/><E114/><V50/><F50/><W85/><G132/><T80/><D71/><U45/><E45/><V68/><F68/><W39/><G39/><T12/><D12/><U41/><E41/><V49/><F49/><W26/><G5/><T58/><D60/><U22/><E33/><V40/><F99/><W67/><G67/><T78/><AGARI ba="0,0" hai="53,54,56,58,59,73,78,80,81,87,89,133,134,135" machi="78" ten="40,7800,0" yaku="0,1,20,1,52,1" doraHai="105" who="0" fromWho="0" sc="298,78,265,-26,223,-26,214,-26" /><INIT seed="4,1,0,4,3,13" ten="376,239,197,188" oya="0" hai0="69,43,2,92,133,7,19,99,56,97,22,5,45" hai1="93,67,76,63,53,74,49,117,78,12,70,131,111" hai2="15,126,55,96,6,68,100,14,59,124,54,9,31" hai3="81,40,106,116,46,95,27,18,89,28,4,109,105"/><T44/><D69/><U77/><E111/><V134/><F68/><W86/><G116/><T112/><D112/><U108/><E117/><V32/><F134/><W75/><G109/><T119/><D119/><U24/><E108/><V58/><F31/><W37/><G4/><T23/><D133/><U113/><E113/><V123/><F32/><W0/><G0/><T41/><D56/><N who="2" m="21546" /><F15/><W115/><G115/><T50/><D2/><U20/><E131/><V33/><F33/><W30/><G30/><T118/><D118/><U10/><E93/><N who="2" m="58383" /><F123/><W85/><G75/><T103/><D99/><U88/><E74/><V73/><F73/><W128/><G128/><T65/><D65/><U104/><E104/><V121/><F121/><W90/><REACH who="3" step="1"/><G18/><REACH who="3" ten="376,239,197,178" step="2"/><T84/><D19/><U48/><E53/><V39/><F39/><W64/><G64/><T101/><D7/><U125/><E67/><V3/><F3/><W110/><G110/><T114/><D5/><U61/><E61/><V94/><F126/><W127/><G127/><T87/><D114/><U51/><E125/><V36/><F124/><W62/><G62/><T57/><D43/><U82/><E63/><V38/><F36/><W16/><G16/><T34/><D41/><U8/><E70/><V83/><F38/><W66/><G66/><T120/><D120/><U129/><E129/><V26/><F55/><W91/><G91/><T102/><D50/><U130/><E130/><V107/><F54/><W1/><G1/><T132/><D132/><U52/><E48/><V17/><F6/><W135/><G135/><T72/><D72/><RYUUKYOKU ba="1,1" sc="376,-10,239,-10,197,-10,178,30" hai3="27,28,37,40,46,81,85,86,89,90,95,105,106" /><INIT seed="5,2,1,5,1,18" ten="366,229,187,208" oya="1" hai0="47,103,100,4,83,0,1,54,39,58,88,113,92" hai1="53,44,90,68,57,17,94,131,42,124,56,115,129" hai2="43,74,84,121,9,67,89,130,64,108,112,15,77" hai3="36,32,12,75,10,126,34,59,80,16,86,111,134"/><U123/><E123/><V5/><F121/><W107/><G111/><T50/><D83/><U116/><E115/><V33/><F108/><W30/><G36/><T8/><D0/><U65/><E116/><V72/><F33/><W28/><G107/><T29/><D29/><U78/><E78/><V104/><F104/><W105/><G105/><T110/><D113/><U91/><E124/><V31/><F112/><W82/><G126/><T120/><D120/><U127/><E127/><V13/><F31/><W125/><G125/><T3/><D3/><U135/><E135/><V46/><F130/><N who="1" m="49673" /><E90/><V63/><F15/><W117/><G134/><T14/><D1/><U19/><E68/><V23/><F23/><W69/><G69/><T6/><D6/><U76/><E76/><V26/><F26/><W98/><G117/><T95/><D110/><U128/><E65/><V40/><F67/><W37/><G34/><T21/><D4/><U66/><E66/><V61/><F77/><W27/><G75/><T79/><D79/><U97/><E57/><V109/><F109/><W85/><G37/><T93/><D58/><U101/><E101/><V87/><F64/><W45/><G59/><T38/><D39/><N who="1" m="21599" /><E128/><V24/><F74/><W62/><G62/><AGARI ba="2,1" hai="17,19,53,56,62,91,94,97" m="21599,49673" machi="62" ten="30,1500,0" yaku="19,1" doraHai="18" who="1" fromWho="3" sc="366,0,229,31,187,0,208,-21" /><INIT seed="5,3,0,2,3,93" ten="366,260,187,187" oya="1" hai0="14,33,100,39,31,21,0,133,35,16,52,82,22" hai1="79,20,28,42,81,124,59,38,10,86,73,68,107" hai2="2,92,49,11,69,30,63,77,101,97,108,78,98" hai3="129,116,50,134,127,62,45,7,118,115,123,120,26"/><U128/><E107/><V83/><F108/><W17/><G7/><T96/><D39/><U66/><E124/><V72/><F30/><W60/><G26/><T15/><D0/><U99/><E128/><V126/><F126/><W23/><G127/><T9/><D82/><U117/><E117/><N who="3" m="45162" /><G23/><T84/><D84/><U131/><E131/><V102/><F78/><W41/><G17/><T24/><D52/><U130/><E130/><V103/><F49/><N who="3" m="26799" /><G129/><T119/><D133/><U4/><E28/><V57/><F69/><W43/><G134/><T122/><D122/><N who="3" m="46633" /><G115/><T19/><D119/><U135/><E20/><V112/><F112/><W61/><G50/><T94/><AGARI ba="3,0" hai="9,14,15,16,19,21,22,24,31,33,35,94,96,100" machi="94" ten="20,5200,0" yaku="0,1,7,1,52,1,54,1" doraHai="93" who="0" fromWho="0" sc="366,61,260,-29,187,-16,187,-16" /><INIT seed="6,0,0,3,5,123" ten="427,231,171,171" oya="2" hai0="32,20,15,122,80,45,81,94,67,6,1,49,46" hai1="101,17,42,118,58,83,76,86,116,56,129,70,21" hai2="5,8,75,85,23,29,37,105,69,82,114,125,119" hai3="68,33,53,63,130,107,0,73,92,39,72,93,44"/><V7/><F69/><W104/><G0/><T11/><D32/><U48/><E70/><V34/><F105/><W109/><G33/><T59/><D122/><U134/><E134/><V113/><F37/><W2/><G2/><T66/><D94/><U99/><E129/><V97/><F75/><W41/><G130/><T54/><D1/><U57/><E42/><V115/><F119/><W47/><G68/><T103/><D103/><U31/><E31/><V74/><F74/><W110/><G63/><N who="0" m="36343" /><D20/><U13/><REACH who="1" step="1"/><E48/><REACH who="1" ten="427,221,171,171" step="2"/><V38/><F38/><W16/><G39/><T127/><D49/><U117/><E117/><V35/><F35/><W27/><G41/><T71/><D71/><U100/><E100/><V62/><F34/><W26/><G53/><T60/><D67/><U65/><E65/><V87/><F114/><W84/><REACH who="3" step="1"/><G84/><REACH who="3" ten="427,221,171,161" step="2"/><T22/><D66/><U36/><E36/><V132/><F115/><W95/><G95/><AGARI ba="0,2" hai="13,17,21,56,57,58,76,83,86,95,99,101,116,118" machi="95" ten="40,1300,0" yaku="1,1,53,0" doraHai="123" doraHaiUra="102" who="1" fromWho="3" sc="427,0,221,33,171,0,161,-13" /><INIT seed="7,0,0,3,0,11" ten="427,254,171,148" oya="3" hai0="101,68,106,42,26,132,75,121,12,92,20,90,63" hai1="102,53,107,104,36,34,30,31,105,22,87,23,39" hai2="72,113,97,125,110,122,112,37,71,61,17,66,118" hai3="77,41,14,124,15,51,93,78,49,86,47,35,0"/><W91/><G0/><T46/><D75/><U89/><E34/><V127/><F110/><W33/><G124/><N who="2" m="47689" /><F118/><W65/><G65/><T19/><D121/><U28/><E53/><V8/><F72/><W133/><G133/><T69/><D132/><U109/><E109/><V80/><F122/><W73/><G73/><T126/><D126/><U5/><E5/><V120/><F120/><W96/><G33/><T29/><D101/><U38/><E102/><V54/><F80/><AGARI ba="0,0" hai="22,23,28,30,31,36,38,39,80,87,89,104,105,107" machi="80" ten="50,3200,0" yaku="29,2" doraHai="11" who="1" fromWho="2" sc="427,0,254,32,171,-32,148,0" owari="427,52.0,286,9.0,139,-36.0,148,-25.0" /></mjloggm>