<mjloggm ver="2.3"><GO type="169" lobby="0"/><UN n0="%E5%89%AF%E5%AF%AE%E9%95%B7" n1="%E5%B2%A1%E6%9D%91%E9%9D%96%E5%B9%B8" n2="%EF%BC%A0%E6%A3%AE" n3="%43%52%41%5A%59%42%45%45" dan="16,16,16,17" rate="2100.48,2173.45,2082.56,2187.65" sx="M,M,F,M"/><TAIKYOKU oya="0"/><INIT seed="0,0,0,5,0,5" ten="250,250,250,250" oya="0" hai0="8,135,120,109,52,84,9,35,16,91,102,133,95" hai1="19,62,85,56,2,26,69,43,38,90,134,51,14" hai2="80,17,88,104,25,57,67,114,1,87,21,117,31" hai3="76,131,73,58,12,118,46,44,4,42,27,30,36"/><T110/><D35/><U41/><E134/><N who="0" m="51209" /><D120/><U89/><E2/><V126/><F104/><W45/><G118/><T59/><D102/><U92/><E69/><V64/><F117/><W68/><G68/><T78/><D78/><U0/><E0/><V23/><F114/><W98/><G131/><T22/><D110/><U39/><E39/><V11/><F126/><W74/><G98/><T127/><D127/><U3/><E3/><V77/><F77/><W130/><G130/><T103/><D103/><U40/><E38/><V54/><F1/><W113/><G113/><T94/><D94/><U65/><E26/><V106/><F106/><W83/><G74/><T34/><D34/><U48/><REACH who="1" step="1"/><E90/><REACH who="1" ten="250,240,250,250" step="2"/><V86/><F86/><W93/><G36/><T105/><D109/><U96/><E96/><V53/><F53/><W79/><G27/><N who="0" m="14791" /><D105/><U125/><E125/><V111/><F111/><W124/><G124/><T50/><AGARI ba="0,1" hai="8,9,50,52,59,84,91,95" m="14791,51209" machi="50" ten="30,12000,1" yaku="20,1,52,2,54,2" doraHai="5" who="0" fromWho="0" sc="250,130,240,-40,250,-40,250,-40" /><INIT seed="0,1,0,1,4,117" ten="380,200,210,210" oya="0" hai0="97,7,29,103,65,39,47,55,98,72,79,11,32" hai1="36,71,22,15,60,118,127,80,124,131,112,45,113" hai2="52,121,68,20,54,49,87,120,16,23,108,94,111" hai3="104,26,95,78,27,50,24,40,125,64,2,100,43"/><T63/><D55/><N who="2" m="21034" /><F49/><W57/><G104/><T69/><D98/><U116/><E80/><V53/><N who="2" m="21042" /><V75/><DORA hai="101" /><F68/><W17/><G2/><T13/><D79/><U37/><E22/><N who="2" m="8235" /><F75/><W130/><G130/><T134/><D134/><U99/><E99/><V1/><F1/><W128/><G128/><T132/><D132/><U70/><E15/><V19/><F87/><W106/><G106/><N who="0" m="63855" /><D47/><U33/><E33/><V48/><F48/><W38/><G38/><N who="1" m="14954" /><E131/><V119/><F94/><W14/><G125/><N who="1" m="48202" /><E45/><V129/><F129/><W73/><G73/><T107/><D39/><U76/><E76/><V92/><F92/><W89/><G78/><T88/><D72/><U58/><E58/><V35/><F35/><W30/><G100/><T3/><D3/><U96/><E96/><V51/><F51/><W62/><G50/><T67/><D107/><U56/><E56/><V123/><F119/><N who="1" m="45609" /><E60/><V74/><F74/><W105/><G105/><T82/><D82/><U46/><E46/><V109/><AGARI ba="1,0" hai="16,19,108,109,111,120,121,123" m="8235,21042" machi="109" ten="50,16000,3" yaku="28,2,14,1,52,3,54,2" doraHai="117,101" who="2" fromWho="2" sc="380,-81,200,-41,210,163,210,-41" /><INIT seed="1,0,0,2,1,97" ten="299,159,373,169" oya="1" hai0="34,116,63,129,103,24,58,130,66,8,91,7,132" hai1="73,89,82,15,96,35,11,123,107,53,13,59,72" hai2="118,54,106,115,81,23,5,29,67,30,105,83,51" hai3="48,41,124,6,88,61,40,135,104,4,36,17,21"/><U16/><E123/><V27/><F118/><W18/><G36/><T60/><D116/><U57/><E35/><V128/><F128/><W22/><G104/><T85/><D132/><U75/><E53/><V94/><F115/><W78/><G78/><T62/><D34/><U134/><E134/><V98/><F67/><W26/><G135/><T65/><D24/><U127/><E127/><V31/><F5/><W33/><G33/><T131/><D58/><U44/><E44/><N who="2" m="28007" /><F106/><W25/><G124/><T110/><D110/><U77/><E15/><V93/><F105/><W50/><G61/><T100/><D66/><U117/><E117/><V38/><F38/><W119/><REACH who="3" step="1"/><G119/><REACH who="3" ten="299,159,373,159" step="2"/><T28/><D65/><U120/><E120/><V109/><F109/><W12/><G12/><N who="0" m="5151" /><D28/><N who="2" m="10858" /><F93/><AGARI ba="0,1" hai="60,62,63,85,91,93,100,103,129,130,131" m="5151" machi="93" ten="40,5200,0" yaku="19,1,52,2" doraHai="97" who="0" fromWho="2" sc="299,62,159,0,373,-52,159,0" /><INIT seed="2,0,0,1,5,63" ten="361,159,321,159" oya="2" hai0="111,29,116,104,74,2,39,10,68,35,86,131,121" hai1="83,51,110,93,12,107,114,128,109,62,76,134,91" hai2="133,56,80,117,75,82,120,45,66,15,90,125,60" hai3="95,30,123,41,67,27,64,38,130,122,31,47,85"/><V118/><F120/><W61/><G130/><T71/><D86/><U53/><E114/><V79/><F125/><W28/><G61/><T20/><D20/><U88/><E107/><V24/><F133/><W106/><G106/><T23/><D23/><U25/><E128/><V21/><F15/><W32/><G32/><T52/><D52/><U81/><E134/><V26/><F45/><W55/><G27/><T36/><D29/><U126/><E126/><V65/><F26/><W89/><REACH who="3" step="1"/><G55/><REACH who="3" ten="361,159,321,149" step="2"/><T96/><D104/><U18/><E25/><V17/><REACH who="2" step="1"/><F65/><AGARI ba="0,1" hai="28,30,31,38,41,47,64,65,67,85,89,95,122,123" machi="65" ten="40,8000,1" yaku="1,1,2,1,52,3,53,0" doraHai="63" doraHaiUra="92" who="3" fromWho="2" sc="361,0,159,0,321,-80,149,90" /><INIT seed="3,0,0,0,4,9" ten="361,159,241,239" oya="3" hai0="112,40,60,62,80,34,22,89,55,1,81,135,73" hai1="39,74,38,108,23,29,83,8,120,5,96,57,114" hai2="32,11,20,117,128,122,30,102,72,118,67,31,6" hai3="36,113,93,94,127,16,91,25,71,59,130,17,92"/><W24/><G113/><T47/><D34/><U0/><E114/><V33/><F122/><W124/><G71/><T2/><D112/><U88/><E120/><V99/><F72/><W104/><G104/><T66/><D55/><U21/><E108/><V125/><F128/><W79/><G130/><T129/><D129/><U77/><E29/><V82/><F125/><N who="3" m="48203" /><G36/><T58/><D80/><U131/><E131/><V70/><F82/><W75/><G91/><T97/><D62/><U4/><E4/><V107/><F20/><W110/><G110/><T27/><D135/><U105/><E105/><V133/><F133/><W51/><G79/><T49/><D97/><U15/><E57/><V85/><F85/><W84/><G84/><T54/><D66/><U48/><E48/><V78/><F78/><W109/><G75/><T43/><D43/><U86/><E96/><V28/><F67/><W68/><G68/><T61/><D61/><U63/><E63/><V52/><F70/><W19/><G109/><T101/><D101/><U35/><E35/><V65/><F65/><W100/><G100/><T45/><D89/><U10/><E23/><V37/><F37/><W42/><G59/><T106/><D106/><U121/><E21/><V123/><F123/><W18/><N who="3" m="4608" /><DORA hai="12" /><W7/><G7/><T132/><D132/><U115/><E115/><V87/><F87/><W126/><N who="3" m="48211" /><W116/><DORA hai="44" /><G116/><N who="2" m="44649" /><F32/><W26/><G51/><T53/><D49/><U103/><E121/><V50/><F33/><W69/><G69/><T119/><D73/><U3/><E103/><V46/><F6/><RYUUKYOKU ba="0,0" sc="361,-15,159,-15,241,15,239,15" hai2="11,28,30,31,46,50,52,99,102,107" hai3="24,25,26,42,92,93,94" /><INIT seed="3,1,0,4,5,115" ten="346,144,256,254" oya="3" hai0="36,38,124,85,112,116,60,117,111,51,121,1,43" hai1="40,107,24,88,0,131,54,71,14,83,110,30,57" hai2="80,70,48,49,7,109,126,31,106,98,68,114,95" hai3="101,2,72,39,84,135,123,113,16,87,78,92,23"/><W12/><G123/><T119/><D1/><U45/><E71/><V5/><F114/><W86/><G113/><T128/><D112/><U91/><E0/><V105/><F109/><W32/><G2/><T3/><D3/><U118/><E107/><V25/><F126/><W58/><G39/><T122/><D85/><U52/><E110/><V56/><F80/><W8/><G32/><T96/><D96/><U20/><E131/><V134/><F134/><W35/><G35/><T50/><D111/><U108/><E108/><V62/><F105/><W66/><G135/><T130/><D60/><U120/><E120/><N who="0" m="46185" /><D124/><U63/><E54/><N who="2" m="34071" /><F106/><W100/><G72/><T79/><D79/><U69/><E69/><V47/><F68/><W42/><G42/><T4/><D4/><N who="2" m="1610" /><F47/><W99/><G78/><T90/><D90/><U127/><E127/><V46/><F46/><W21/><G101/><T64/><D64/><U55/><E55/><V10/><F10/><W102/><G100/><T6/><D6/><U82/><E82/><V41/><F70/><W44/><G44/><N who="0" m="26015" /><D50/><N who="1" m="26919" /><E83/><V15/><F41/><W93/><G92/><T17/><D17/><N who="1" m="10295" /><E118/><V19/><F95/><W75/><G75/><T97/><D97/><U22/><AGARI ba="1,0" hai="22,24,30,52,57,63,88,91" m="10295,26919" machi="22" ten="30,4000,0" yaku="8,1,54,2" doraHai="115" who="1" fromWho="1" sc="346,-11,144,43,256,-11,254,-21" /><INIT seed="4,0,0,1,3,67" ten="335,187,245,233" oya="0" hai0="105,58,32,23,110,43,80,108,64,118,4,121,10" hai1="119,123,103,55,70,37,92,2,112,34,13,26,63" hai2="16,66,96,94,33,125,12,72,101,81,84,75,24" hai3="38,39,99,129,95,111,45,89,18,42,124,61,86"/><T73/><D32/><U40/><E2/><V7/><F125/><W57/><G111/><N who="0" m="42539" /><D118/><U91/><E123/><V9/><F66/><W59/><G124/><T62/><D121/><U87/><E119/><V15/><F33/><W65/><G129/><T130/><D130/><U126/><E126/><V113/><F24/><W53/><G18/><T22/><D43/><U120/><E120/><V128/><F113/><W30/><G30/><T71/><D105/><U8/><E112/><V83/><F128/><W48/><G99/><T25/><D58/><U131/><E103/><V77/><REACH who="2" step="1"/><F83/><REACH who="2" ten="335,187,235,233" step="2"/><W82/><REACH who="3" step="1"/><G82/><REACH who="3" ten="335,187,235,223" step="2"/><T11/><D80/><U0/><E131/><V74/><F74/><W115/><G115/><T1/><D73/><U133/><E87/><V6/><F6/><W114/><G114/><T78/><D25/><U54/><E26/><V117/><F117/><W3/><G3/><T52/><D4/><U88/><E0/><V79/><F79/><W41/><G41/><T17/><D78/><U20/><E40/><V69/><F69/><W104/><G104/><T106/><D106/><U35/><E70/><V116/><F116/><W49/><AGARI ba="0,2" hai="38,39,42,45,48,49,53,57,59,61,65,86,89,95" machi="49" ten="20,2700,0" yaku="1,1,0,1,7,1,53,0" doraHai="67" doraHaiUra="19" who="3" fromWho="3" sc="335,-13,187,-7,235,-7,223,47" /><INIT seed="5,0,0,0,4,78" ten="322,180,228,270" oya="1" hai0="29,62,34,36,26,23,35,112,91,56,99,85,109" hai1="89,90,129,77,18,45,9,82,24,31,118,21,67" hai2="115,19,11,27,98,40,133,61,52,44,92,42,49" hai3="71,65,127,32,107,16,120,6,7,53,79,3,88"/><U33/><E118/><V117/><F133/><W37/><G120/><T113/><D109/><U119/><E119/><V20/><F117/><W74/><G32/><T68/><D36/><U4/><E129/><V46/><F115/><N who="0" m="44106" /><D68/><U25/><E45/><V123/><F123/><W50/><G37/><T51/><D51/><U106/><E67/><V126/><F126/><W121/><G107/><T59/><D99/><U116/><E106/><V130/><F130/><W125/><G121/><T41/><D41/><U54/><E54/><V80/><F11/><W13/><G3/><T2/><D2/><U122/><E122/><V84/><F61/><W14/><G65/><N who="0" m="39111" /><D59/><U110/><E110/><V111/><F46/><W105/><G71/><T58/><D58/><U69/><E69/><V60/><F60/><W104/><G105/><T72/><D72/><U86/><REACH who="1" step="1"/><E116/><REACH who="1" ten="322,170,228,270" step="2"/><V128/><F111/><W95/><G104/><T100/><D34/><U15/><AGARI ba="0,1" hai="4,9,15,18,21,24,25,31,33,77,82,86,89,90" machi="15" ten="20,12000,1" yaku="1,1,2,1,0,1,7,1,52,1,53,0" doraHai="78" doraHaiUra="131" who="1" fromWho="1" sc="322,-40,170,130,228,-40,270,-40" /><INIT seed="5,1,0,4,3,47" ten="282,300,188,230" oya="1" hai0="36,89,100,28,77,119,26,1,93,35,103,132,52" hai1="84,44,127,9,76,43,105,58,56,129,15,57,98" hai2="19,38,53,25,111,87,63,106,131,12,91,18,82" hai3="130,108,24,107,68,78,122,109,40,83,27,4,8"/><U29/><E129/><V71/><F106/><W99/><G122/><T10/><D36/><U48/><E127/><V66/><F111/><W120/><G120/><T85/><D119/><U65/><E29/><V92/><F131/><W31/><G130/><T75/><D132/><U59/><E105/><V101/><F38/><W62/><G40/><T17/><D75/><U11/><E98/><V37/><F37/><W86/><G24/><T123/><D77/><U3/><E3/><V74/><F25/><W113/><G113/><T81/><D123/><U7/><E11/><V104/><F53/><W22/><G68/><T72/><D93/><U128/><E128/><V32/><F12/><W55/><G62/><T118/><D72/><U2/><E2/><V116/><F32/><W121/><G55/><T16/><D1/><U80/><E59/><V33/><F33/><W115/><G115/><T46/><D17/><U112/><E112/><V114/><F114/><W6/><G121/><T95/><D95/><U69/><E69/><V73/><F116/><W54/><G54/><T133/><D133/><U97/><E97/><N who="2" m="61487" /><F73/><W134/><G134/><T14/><D118/><U30/><E30/><V117/><F117/><W94/><G107/><T125/><D125/><U96/><E96/><V124/><F124/><W45/><G109/><T60/><D60/><AGARI ba="1,0" hai="7,9,15,43,44,48,56,57,58,60,65,76,80,84" machi="60" ten="40,12000,1" yaku="25,2,8,1,52,1" doraHai="47" who="1" fromWho="0" sc="282,-123,300,123,188,0,230,0" /><INIT seed="5,2,0,0,2,64" ten="159,423,188,230" oya="1" hai0="46,124,122,57,96,24,51,75,3,56,117,98,34" hai1="89,95,78,55,67,65,86,58,45,90,41,19,22" hai2="53,0,121,72,36,127,116,97,73,113,112,76,6" hai3="119,37,81,30,84,8,49,50,21,91,110,82,85"/><U87/><E78/><V13/><F121/><W32/><G110/><T94/><D117/><U5/><E5/><V135/><F116/><W59/><G119/><T28/><D75/><U109/><E109/><V128/><F36/><W15/><G37/><T43/><D122/><U107/><E107/><V18/><F135/><W93/><G32/><T54/><D3/><U4/><E4/><V103/><F128/><W17/><G59/><T108/><D108/><U101/><E101/><V11/><F53/><W130/><G130/><T2/><D2/><U29/><E29/><V80/><F127/><W126/><G126/><T60/><D124/><U66/><E45/><V44/><F44/><W14/><G93/><T52/><REACH who="0" step="1"/><D94/><REACH who="0" ten="149,423,188,230" step="2"/><U47/><E95/><V35/><F73/><W100/><G100/><T27/><D27/><U79/><E87/><V16/><F35/><W33/><G33/><T61/><AGARI ba="2,1" hai="24,28,34,43,46,51,52,54,56,57,60,61,96,98" machi="61" ten="20,8000,1" yaku="1,1,0,1,7,1,9,1,54,1,53,0" doraHai="64" doraHaiUra="114" who="0" fromWho="0" sc="149,96,423,-42,188,-22,230,-22" /><INIT seed="6,0,0,1,4,84" ten="245,381,166,208" oya="2" hai0="49,70,7,68,51,44,3,14,104,109,108,10,112" hai1="129,4,118,30,126,87,72,110,24,71,103,33,96" hai2="73,53,15,50,114,22,54,19,101,13,20,83,45" hai3="64,9,18,28,76,55,93,88,59,60,69,106,39"/><V116/><F116/><W86/><G106/><T48/><D104/><U91/><E118/><V75/><F114/><W52/><G39/><T125/><D112/><U124/><E110/><V120/><F120/><W40/><G40/><T37/><D125/><U47/><E72/><V12/><F101/><W5/><G28/><T61/><D3/><U102/><E71/><V16/><F83/><W79/><G18/><T127/><D127/><N who="1" m="48683" /><E96/><V121/><F121/><W82/><G69/><T26/><D26/><U35/><E35/><V100/><F100/><W99/><REACH who="3" step="1"/><G76/><REACH who="3" ten="245,381,166,198" step="2"/><T122/><D70/><U11/><E30/><V133/><F133/><W46/><G46/><T80/><D44/><U92/><E47/><V89/><F53/><W135/><G135/><T1/><D37/><U90/><E4/><V38/><F38/><W23/><G23/><T131/><D68/><U132/><E132/><V34/><F34/><W42/><G42/><T25/><D109/><U134/><E134/><V57/><F45/><W111/><G111/><T97/><D108/><U117/><E33/><V119/><F119/><W105/><G105/><T95/><D122/><U65/><E117/><V27/><REACH who="2" step="1"/><F89/><REACH who="2" ten="245,381,156,198" step="2"/><W41/><G41/><T107/><D107/><U0/><E91/><V32/><F32/><W66/><G66/><T77/><D77/><U98/><E65/><V62/><F62/><W94/><G94/><T63/><D95/><U85/><E90/><V2/><F2/><AGARI ba="0,2" hai="2,5,9,52,55,59,60,64,79,82,86,88,93,99" machi="2" ten="30,8000,1" yaku="1,1,7,1,52,1,54,2,53,0" doraHai="84" doraHaiUra="21" who="3" fromWho="2" sc="245,0,381,0,156,-80,198,100" /><INIT seed="7,0,0,2,2,127" ten="245,381,76,298" oya="3" hai0="47,116,39,126,89,100,12,76,115,133,84,16,80" hai1="53,28,15,105,65,101,31,46,37,69,9,66,0" hai2="62,14,57,110,103,64,4,122,124,71,36,11,19" hai3="114,68,90,88,119,20,63,77,72,50,32,91,18"/><W7/><G119/><T135/><D116/><U6/><E101/><V27/><F36/><W40/><G32/><T5/><D126/><U60/><E105/><V73/><F110/><W121/><G121/><T3/><D100/><U96/><E96/><V82/><F122/><W107/><G107/><T1/><D5/><U81/><E66/><V130/><F124/><W129/><G7/><T61/><D89/><U55/><E55/><V75/><F75/><W59/><G68/><T99/><D99/><U41/><E81/><V125/><F125/><W120/><G120/><T23/><D61/><U44/><E0/><V10/><F130/><W109/><G109/><T83/><D83/><U8/><E8/><V24/><F103/><W48/><G114/><T56/><D56/><U128/><E128/><V22/><F82/><W106/><G106/><T79/><D79/><U111/><E111/><V49/><F73/><W92/><G129/><T95/><D95/><U26/><E26/><V97/><F97/><N who="3" m="57479" /><G77/><T108/><D108/><U113/><E113/><V43/><F71/><W78/><G78/><T52/><D39/><U85/><E85/><V117/><F117/><W35/><G35/><T25/><D25/><N who="2" m="9802" /><F4/><W102/><G72/><T51/><REACH who="0" step="1"/><D115/><REACH who="0" ten="235,381,76,298" step="2"/><U2/><E2/><AGARI ba="0,1" hai="1,2,3,12,16,23,47,51,52,76,80,84,133,135" machi="2" ten="40,12000,2" yaku="1,1,2,1,54,2,53,2" doraHai="127" doraHaiUra="131" who="0" fromWho="1" sc="235,130,381,-120,76,0,298,0" owari="365,46.0,261,-14.0,76,-42.0,298,10.0" /></mjloggm>