<mjloggm ver="2.3"><GO type="169" lobby="0"/><UN n0="%E3%83%8F%E3%82%B4%E2%98%85%E6%B2%B3%E7%AB%A5" n1="%E3%83%95%E3%83%AA%E3%83%86%E3%83%B3" n2="%E6%B9%98%E5%8C%97%E2%91%AD%E4%B8%89%E4%BA%95%E5%AF%BF" n3="%49%63%68%69%67%65%6B%69" dan="18,16,17,18" rate="2180.17,2081.73,2177.27,2269.79" sx="M,M,M,M"/><TAIKYOKU oya="0"/><INIT seed="0,0,0,1,4,33" ten="250,250,250,250" oya="0" hai0="8,66,62,50,71,73,84,10,57,81,41,118,110" hai1="35,108,43,47,20,22,63,78,18,86,91,79,27" hai2="6,133,29,123,87,23,89,92,49,5,132,119,99" hai3="53,12,88,32,28,83,64,51,48,101,103,128,114"/><T19/><D73/><U115/><E108/><V74/><F74/><W80/><G114/><T1/><D118/><U38/><E35/><V102/><F119/><W109/><G109/><T90/><D110/><U42/><E115/><V97/><F123/><W30/><G64/><T69/><D8/><U68/><E43/><V52/><F29/><W13/><G32/><T16/><D41/><U61/><E22/><V75/><F75/><W17/><G128/><T95/><D81/><U124/><E124/><V36/><F36/><W113/><G113/><T98/><D98/><N who="2" m="37386" /><F102/><W121/><G53/><T106/><D106/><U67/><E63/><V72/><F72/><W94/><G17/><T85/><D85/><U55/><E55/><V116/><F116/><W104/><G94/><AGARI ba="0,0" hai="18,20,27,38,42,47,61,67,68,78,79,86,91,94" machi="94" ten="30,1000,0" yaku="7,1" doraHai="33" who="1" fromWho="3" sc="250,0,250,10,250,0,250,-10" /><INIT seed="1,0,0,3,0,23" ten="250,260,250,240" oya="1" hai0="106,67,37,109,102,9,0,113,124,25,52,133,26" hai1="135,92,34,16,117,48,69,14,103,49,32,65,104" hai2="5,114,75,127,87,89,131,108,8,50,46,3,59" hai3="27,31,39,118,110,44,22,15,90,105,96,123,70"/><U53/><E104/><V111/><F75/><W76/><G123/><T97/><D113/><U45/><E117/><V18/><F114/><W121/><G121/><T4/><D37/><U28/><E135/><V61/><F127/><W20/><G70/><T129/><D124/><U36/><E36/><V33/><F33/><W99/><G118/><T68/><D133/><U2/><E2/><V101/><F101/><W120/><G120/><T115/><D115/><U71/><E103/><V1/><F1/><W38/><G105/><T30/><D109/><N who="2" m="42058" /><F131/><W47/><G110/><T21/><D129/><U132/><E132/><V64/><F18/><W130/><G130/><T95/><D106/><U86/><E32/><V78/><F78/><W66/><G66/><T6/><D6/><U72/><E65/><V63/><F61/><W51/><G76/><T85/><D85/><U112/><E72/><V41/><F87/><W17/><G90/><AGARI ba="0,0" hai="3,5,8,41,46,50,59,63,64,89,90" m="42058" machi="90" ten="30,1000,0" yaku="14,1" doraHai="23" who="2" fromWho="3" sc="250,0,260,0,250,10,240,-10" /><INIT seed="2,0,0,0,2,13" ten="250,260,260,230" oya="2" hai0="116,9,119,129,106,20,4,11,5,8,44,51,67" hai1="123,63,108,89,48,97,37,109,50,80,133,107,30" hai2="34,54,112,15,115,114,21,124,2,27,7,82,23" hai3="16,86,40,101,95,131,105,41,45,39,92,61,17"/><V113/><F82/><W96/><G131/><T71/><D106/><U72/><E37/><V99/><F99/><W100/><G41/><T104/><D104/><U24/><E133/><V12/><F54/><W78/><G105/><T47/><D129/><U28/><E123/><V118/><F118/><N who="0" m="45098" /><D20/><N who="2" m="7754" /><F124/><W94/><G61/><N who="0" m="40431" /><D44/><U122/><E122/><V31/><N who="2" m="28672" /><DORA hai="134" /><V36/><F36/><W75/><G75/><T10/><N who="0" m="2048" /><DORA hai="83" /><T49/><D49/><U43/><E63/><V120/><F7/><W90/><G78/><T132/><D132/><U64/><E64/><V29/><F2/><W121/><G121/><T128/><D128/><U26/><E107/><V76/><F76/><W1/><G1/><T84/><D84/><U62/><E62/><V69/><F69/><W130/><G130/><T42/><AGARI ba="0,0" hai="4,5,42,47,51" m="2048,40431,45098" machi="42" ten="50,1600,0" yaku="12,1" doraHai="13,134,83" who="0" fromWho="0" sc="250,16,260,-4,260,-8,230,-4" /><INIT seed="3,0,0,0,1,82" ten="266,256,252,226" oya="3" hai0="22,36,109,133,131,30,135,7,31,61,15,0,1" hai1="128,65,72,45,115,11,83,85,35,73,20,39,63" hai2="44,121,19,100,58,62,126,119,23,29,69,92,13" hai3="70,26,46,75,12,41,97,118,127,53,2,3,43"/><W51/><G118/><T120/><D36/><U88/><E115/><V64/><F119/><W55/><G75/><T129/><D61/><U103/><E35/><V90/><F121/><W52/><G70/><T89/><D89/><U117/><E117/><V5/><F126/><W9/><G127/><T111/><D15/><U95/><E128/><N who="0" m="49225" /><D120/><U105/><E11/><V28/><F69/><W4/><G43/><T18/><D7/><U110/><E110/><N who="0" m="41993" /><D18/><U132/><E88/><V87/><F5/><W112/><G112/><T38/><D38/><U33/><E63/><V17/><F100/><W125/><G125/><T98/><D98/><U80/><E103/><V60/><F62/><W116/><G116/><T114/><D114/><U50/><E39/><V54/><F19/><W123/><G123/><T40/><D40/><U96/><E96/><V78/><F78/><W130/><G130/><T14/><D14/><U99/><E99/><V66/><REACH who="2" step="1"/><F44/><REACH who="2" ten="266,256,242,226" step="2"/><W47/><G47/><T56/><D56/><U74/><E45/><V86/><F86/><W106/><REACH who="3" step="1"/><G26/><REACH who="3" ten="266,256,242,216" step="2"/><N who="0" m="16727" /><D31/><AGARI ba="0,2" hai="13,17,23,28,29,31,54,58,60,64,66,87,90,92" machi="31" ten="40,5200,0" yaku="1,1,8,1,52,1,53,0" doraHai="82" doraHaiUra="101" who="2" fromWho="0" sc="266,-52,256,0,242,72,216,0" /><INIT seed="4,0,0,4,1,62" ten="214,256,314,216" oya="0" hai0="128,105,135,63,38,20,110,39,30,57,31,27,18" hai1="79,87,123,76,108,3,131,97,5,112,104,19,10" hai2="70,59,102,40,133,13,36,109,71,17,126,72,29" hai3="91,14,129,130,7,107,1,73,89,28,51,46,95"/><T25/><D105/><U4/><E108/><V94/><F109/><W24/><G107/><T106/><D110/><U120/><E131/><N who="3" m="50186" /><G73/><T42/><D128/><U90/><E112/><V49/><F72/><W100/><G1/><T92/><D106/><U34/><E34/><V54/><F29/><W96/><G7/><T26/><D135/><U56/><E5/><V37/><F133/><W82/><G14/><T60/><D92/><U88/><E56/><V122/><F122/><W125/><G82/><T103/><D103/><U9/><E120/><V11/><F126/><W45/><G125/><T65/><D42/><U111/><E123/><V66/><F70/><W77/><G77/><T81/><D81/><U12/><E111/><V6/><F6/><W86/><G86/><T64/><D38/><U55/><E55/><V15/><F15/><W52/><G46/><T74/><D39/><U44/><E44/><N who="2" m="23567" /><F36/><W61/><G61/><T35/><D74/><U23/><E10/><V69/><F94/><W0/><G0/><T33/><D63/><U84/><E97/><V98/><F98/><W80/><G80/><T2/><D2/><U83/><E104/><V41/><F102/><W134/><G134/><T101/><D101/><U117/><E117/><V114/><F114/><W121/><G121/><T75/><D75/><U116/><E116/><V53/><F13/><W119/><G119/><T16/><REACH who="0" step="1"/><D18/><REACH who="0" ten="204,256,314,216" step="2"/><U58/><E79/><V43/><F17/><W48/><G51/><T113/><D113/><U93/><E76/><V47/><F49/><W99/><G99/><T78/><D78/><RYUUKYOKU ba="0,1" sc="204,10,256,10,314,-30,216,10" hai0="16,20,25,26,27,30,31,33,35,57,60,64,65" hai1="3,4,9,12,19,23,58,83,84,87,88,90,93" hai3="24,28,45,48,52,89,91,95,96,100" /><INIT seed="4,1,1,4,0,43" ten="214,266,284,226" oya="0" hai0="90,107,1,8,78,97,39,34,12,20,69,37,89" hai1="17,4,95,113,58,127,27,68,87,126,116,15,132" hai2="60,40,109,51,48,59,3,22,9,105,121,106,54" hai3="118,112,66,83,123,44,53,128,120,135,129,6,49"/><T18/><D69/><U101/><E68/><V102/><F121/><N who="3" m="46667" /><G6/><T75/><D34/><U72/><E72/><V133/><F109/><W77/><G118/><T134/><D134/><U110/><E110/><V100/><F133/><W38/><G135/><T28/><D107/><U0/><E132/><V84/><F105/><W47/><G66/><T114/><D114/><U35/><E58/><V108/><F106/><W103/><G103/><T104/><D104/><U24/><E113/><V70/><F70/><W16/><G16/><T98/><D1/><U11/><E116/><V26/><F108/><W46/><G38/><T14/><D37/><U21/><E101/><V23/><F9/><W119/><G119/><T96/><D39/><U29/><E24/><V82/><F3/><W86/><G112/><T19/><REACH who="0" step="1"/><D28/><REACH who="0" ten="204,266,284,226" step="2"/><U13/><E0/><V74/><F74/><W93/><G93/><T73/><D73/><U130/><E95/><V25/><F82/><AGARI ba="1,2" hai="8,12,14,18,19,20,75,78,82,89,90,96,97,98" machi="82" ten="40,2000,0" yaku="1,1,53,0" doraHai="43" doraHaiUra="111" who="0" fromWho="2" sc="204,43,266,0,284,-23,226,0" /><INIT seed="4,2,0,1,2,24" ten="247,266,261,226" oya="0" hai0="15,11,35,116,33,32,118,42,94,77,46,80,93" hai1="115,75,29,84,100,70,64,120,87,83,2,105,92" hai2="108,61,51,53,40,96,60,28,125,71,79,113,48" hai3="103,5,44,7,18,82,52,90,25,81,19,76,78"/><T27/><D27/><U129/><E2/><V41/><F79/><W131/><G131/><T54/><D54/><U122/><E29/><V85/><F85/><W16/><G103/><T102/><D102/><U63/><E129/><V117/><F96/><W95/><G25/><T36/><D94/><U20/><E20/><V121/><F121/><W6/><G78/><T109/><D93/><U39/><E39/><V59/><F108/><W127/><G127/><T23/><D23/><U55/><E55/><V101/><F101/><W26/><G26/><T132/><D132/><U31/><E31/><V17/><F28/><W10/><G10/><T98/><D98/><N who="1" m="61591" /><E87/><V88/><F17/><W74/><G82/><T62/><D62/><U134/><E134/><V112/><F125/><W9/><G9/><T124/><D124/><U14/><E14/><V58/><F53/><W99/><REACH who="3" step="1"/><G19/><REACH who="3" ten="247,266,261,216" step="2"/><T72/><REACH who="0" step="1"/><D109/><REACH who="0" ten="237,266,261,216" step="2"/><U111/><E111/><V104/><F104/><W110/><G110/><T119/><D119/><U123/><E83/><V106/><F106/><W43/><G43/><T8/><D8/><U135/><E135/><V1/><F117/><W133/><G133/><T57/><D57/><U97/><E122/><V37/><F71/><W12/><G12/><T4/><AGARI ba="2,2" hai="4,11,15,32,33,35,36,42,46,72,77,80,116,118" machi="4" ten="30,3000,0" yaku="1,1,0,1,53,0" doraHai="24" doraHaiUra="45" who="0" fromWho="0" sc="237,56,266,-12,261,-12,216,-12" /><INIT seed="4,3,0,0,5,78" ten="293,254,249,204" oya="0" hai0="103,91,106,93,110,35,58,10,54,95,28,26,133" hai1="71,129,45,38,43,83,117,109,7,32,112,111,120" hai2="4,94,68,69,63,116,6,40,88,104,12,113,67" hai3="134,128,51,24,121,9,22,11,90,70,119,75,84"/><T97/><D133/><U0/><E117/><V34/><F104/><W72/><G70/><T107/><D10/><N who="1" m="2407" /><E120/><V96/><F34/><W115/><G119/><T65/><D65/><U61/><E129/><V87/><F116/><W41/><G134/><T17/><D110/><U64/><E112/><V29/><F29/><W44/><G128/><T122/><D122/><U57/><E57/><V131/><F113/><W53/><G115/><T86/><D17/><U127/><E127/><V55/><F69/><W89/><G121/><T13/><D13/><U99/><E99/><V74/><F74/><W1/><G90/><T25/><D25/><U5/><E5/><V59/><F40/><W50/><G75/><T73/><D73/><U125/><E83/><V114/><F114/><W30/><G72/><T130/><D130/><U101/><E101/><V8/><F131/><W98/><G98/><T47/><D47/><U37/><E125/><V3/><F3/><W77/><G77/><T80/><REACH who="0" step="1"/><D95/><REACH who="0" ten="283,254,249,204" step="2"/><U42/><E109/><V60/><F96/><W123/><G1/><T124/><D124/><U108/><E111/><V132/><F132/><W36/><G123/><T16/><D16/><AGARI ba="3,1" hai="4,6,8,12,16,55,59,60,63,67,68,87,88,94" machi="16" ten="30,3900,0" yaku="7,1,54,2" doraHai="78" who="2" fromWho="0" sc="283,-48,254,0,249,58,204,0" /><INIT seed="5,0,0,0,3,35" ten="235,254,307,204" oya="1" hai0="84,68,5,133,28,22,61,48,111,60,83,78,36" hai1="130,18,105,134,52,39,76,40,103,125,57,34,102" hai2="85,81,8,45,50,79,21,91,2,113,59,49,98" hai3="87,15,62,24,77,127,38,55,37,44,92,118,20"/><U1/><E34/><V89/><F113/><W42/><G127/><T99/><D36/><U110/><E125/><V112/><F112/><W122/><G122/><T108/><D5/><U132/><E105/><V6/><F98/><W30/><G118/><T54/><D133/><N who="1" m="51307" /><E76/><V33/><F33/><W7/><G38/><T67/><D99/><U80/><E80/><V74/><F59/><W47/><G42/><T65/><D28/><U129/><E18/><V106/><F106/><W3/><G37/><T101/><D101/><N who="1" m="38411" /><E1/><V51/><F21/><W12/><G3/><T86/><D22/><U4/><E4/><V93/><REACH who="2" step="1"/><F91/><REACH who="2" ten="235,254,297,204" step="2"/><W46/><G20/><T135/><D135/><U121/><E121/><V26/><F26/><W66/><G24/><T82/><D108/><U16/><E110/><V70/><F70/><W32/><G32/><T72/><D111/><U94/><E57/><V73/><F73/><W31/><G47/><AGARI ba="0,1" hai="2,6,8,45,47,49,50,51,74,79,81,85,89,93" machi="47" ten="40,2600,0" yaku="1,1,52,1,53,0" doraHai="35" doraHaiUra="19" who="2" fromWho="3" sc="235,0,254,0,297,36,204,-26" /><INIT seed="6,0,0,3,5,68" ten="235,254,333,178" oya="2" hai0="56,133,71,63,117,40,43,128,48,9,34,50,69" hai1="15,93,49,124,127,89,52,109,75,101,106,53,98" hai2="125,20,113,64,131,2,14,72,5,28,97,6,8" hai3="82,84,74,24,126,21,7,76,73,22,94,114,104"/><V31/><F72/><W23/><G104/><T54/><D34/><U67/><E109/><V81/><F64/><W99/><G126/><N who="1" m="48170" /><E75/><V27/><F125/><W39/><G114/><T86/><D128/><U42/><E15/><V10/><F81/><W122/><G122/><T111/><D111/><U120/><E120/><V57/><F97/><W35/><G7/><T123/><D123/><U51/><E67/><V103/><F103/><W58/><G58/><T119/><D86/><N who="1" m="52407" /><E42/><N who="0" m="15913" /><D9/><U0/><E0/><N who="2" m="39" /><F57/><W108/><G108/><T105/><D105/><U30/><E30/><N who="2" m="17767" /><F131/><W18/><G18/><T38/><D71/><U132/><E132/><V37/><F37/><W87/><G74/><T29/><D133/><U83/><E83/><V3/><F113/><W96/><G99/><T79/><D69/><U115/><E115/><V1/><AGARI ba="0,0" hai="1,2,3,6,10,14,28,31" m="17767,39" machi="1" ten="30,12000,1" yaku="35,5" doraHai="68" who="2" fromWho="2" sc="235,-40,254,-40,333,120,178,-40" /><INIT seed="6,1,0,1,5,83" ten="195,214,453,138" oya="2" hai0="44,91,120,72,117,14,23,104,90,3,70,127,55" hai1="114,4,35,29,75,31,66,118,124,101,60,43,95" hai2="17,121,134,25,65,80,1,12,69,107,110,6,87" hai3="88,27,103,98,16,123,94,106,32,92,79,5,116"/><V8/><F107/><W112/><G116/><T71/><D3/><U81/><E118/><V54/><F121/><W30/><G123/><T131/><D72/><U74/><E43/><V119/><F119/><W37/><G37/><T40/><D104/><U125/><E4/><V33/><F110/><W15/><G79/><T53/><D120/><U111/><E81/><V36/><F36/><W59/><G112/><T45/><D117/><U21/><E35/><V34/><F134/><W46/><G46/><T11/><D23/><U19/><E95/><V96/><F96/><W133/><G133/><T41/><D127/><N who="1" m="48715" /><E101/><V0/><F65/><W62/><G5/><T89/><D131/><U100/><E100/><V50/><F69/><W86/><G106/><T135/><D135/><U58/><E111/><V130/><F130/><W61/><G59/><T76/><D71/><U68/><E58/><V48/><F34/><W99/><G98/><T20/><D70/><U10/><E10/><AGARI ba="1,0" hai="10,15,16,27,30,32,61,62,86,88,92,94,99,103" machi="10" ten="30,7700,0" yaku="7,1,52,1,54,2" doraHai="83" who="3" fromWho="1" sc="195,0,214,-80,453,0,138,80" /><INIT seed="7,0,0,0,4,122" ten="195,134,453,218" oya="3" hai0="62,110,132,56,15,68,108,117,128,3,97,2,134" hai1="89,5,107,106,22,99,48,81,38,21,84,39,18" hai2="133,20,90,82,12,58,126,25,92,59,83,27,72" hai3="6,57,77,103,120,114,104,29,54,73,76,69,79"/><W131/><G120/><T44/><D68/><U113/><E113/><V67/><F126/><W70/><G114/><T24/><D117/><U112/><E112/><V42/><F133/><N who="0" m="51306" /><D128/><U87/><E5/><V78/><F42/><W129/><G73/><T94/><D15/><U121/><E121/><V55/><F67/><W35/><G6/><T66/><D44/><U80/><E48/><N who="2" m="31079" /><F59/><W7/><G7/><T31/><D2/><U130/><E130/><N who="3" m="49674" /><G103/><N who="0" m="60855" /><D3/><U60/><E60/><V10/><F72/><W115/><G104/><T63/><D63/><U71/><E71/><N who="3" m="27146" /><G115/><T8/><D8/><U96/><REACH who="1" step="1"/><E89/><REACH who="1" ten="195,124,453,218" step="2"/><V123/><F123/><W100/><G100/><T74/><D74/><U105/><E105/><V101/><F78/><W36/><G79/><T30/><D30/><U9/><E9/><V32/><F101/><W51/><G77/><T85/><D85/><U19/><AGARI ba="0,1" hai="18,19,21,22,38,39,80,81,84,87,96,99,106,107" machi="19" ten="25,6400,0" yaku="1,1,0,1,22,2,53,0" doraHai="122" doraHaiUra="118" who="1" fromWho="1" sc="195,-16,124,74,453,-16,218,-32" owari="179,-32.0,198,0.0,437,53.0,186,-21.0" /></mjloggm>