<mjloggm ver="2.3"><GO type="169" lobby="0"/><UN n0="%73%65%61%73%75%69" n1="%E3%82%A2%E3%82%AB%E2%98%86%E3%82%A6%E3%83%BC%E3%83%94%E3%83%B3" n2="%E3%83%95%E3%83%AB%E3%82%BC%E3%83%B3%E3%83%84" n3="%2E%E3%82%A4%E3%83%AA%E3%82%A2%E3%82%B9" dan="17,17,17,16" rate="2098.55,2183.21,2181.04,2151.55" sx="M,M,M,M"/><TAIKYOKU oya="0"/><INIT seed="0,0,0,2,2,13" ten="250,250,250,250" oya="0" hai0="22,130,83,129,60,0,62,4,109,112,94,3,39" hai1="43,21,90,10,65,9,76,101,98,126,58,40,73" hai2="29,74,92,57,119,59,103,93,113,78,84,36,116" hai3="64,19,18,46,54,77,118,121,2,26,117,100,108"/><T50/><D39/><U107/><E126/><V131/><F36/><W68/><G2/><N who="0" m="555" /><D4/><U88/><E10/><V1/><F1/><W8/><G108/><T47/><D112/><U114/><E9/><V66/><F113/><W7/><G121/><T125/><D125/><U5/><E5/><V53/><F74/><W56/><G7/><T106/><D106/><U71/><E71/><V17/><F29/><W51/><G100/><T45/><D94/><U91/><E114/><V82/><F66/><W12/><G77/><T23/><D83/><U44/><E21/><N who="0" m="7689" /><D50/><U15/><E15/><V111/><F93/><W89/><G26/><T132/><D109/><U80/><REACH who="1" step="1"/><E44/><REACH who="1" ten="250,240,250,250" step="2"/><N who="0" m="16969" /><D132/><U128/><E128/><AGARI ba="0,1" hai="60,62,128,129,130" m="16969,7689,555" machi="128" ten="40,7700,0" yaku="28,2,19,1" doraHai="13" who="0" fromWho="1" sc="250,87,240,-77,250,0,250,0" /><INIT seed="0,1,0,2,2,43" ten="337,163,250,250" oya="0" hai0="44,48,122,22,40,0,50,67,125,31,108,111,94" hai1="24,84,25,83,87,58,60,107,19,120,21,134,61" hai2="85,70,102,6,116,33,72,129,55,2,96,54,88" hai3="115,100,15,27,46,127,42,78,30,104,101,23,95"/><T123/><D0/><U113/><E120/><V109/><F72/><W110/><G115/><T93/><D67/><U69/><E134/><V86/><F33/><W3/><G104/><T57/><D125/><U131/><E131/><V63/><F129/><W135/><G3/><T79/><D79/><U16/><E107/><V124/><F124/><W29/><G127/><T47/><D57/><U38/><E38/><V119/><F109/><N who="0" m="42058" /><D31/><U13/><E113/><V5/><F2/><W77/><G110/><T80/><D80/><U66/><E83/><V53/><F70/><W76/><G135/><T130/><D130/><U12/><E24/><V49/><F116/><W34/><G95/><N who="0" m="36363" /><D22/><U9/><REACH who="1" step="1"/><E25/><REACH who="1" ten="337,153,250,250" step="2"/><V121/><F121/><N who="0" m="46090" /><D40/><U56/><E56/><V18/><F119/><W99/><G42/><T91/><D91/><U35/><E35/><V10/><F88/><W68/><G78/><T74/><D74/><U41/><E41/><V105/><F105/><W17/><G77/><T81/><D81/><U82/><E82/><V14/><F102/><W26/><G76/><T90/><D90/><U118/><E118/><V45/><F96/><W52/><G101/><T51/><AGARI ba="1,1" hai="44,47,48,50,51" m="46090,36363,42058" machi="51" ten="40,18000,2" yaku="28,2,14,1,10,1,52,2" doraHai="43" who="0" fromWho="0" sc="337,193,153,-61,250,-61,250,-61" /><INIT seed="0,2,0,2,0,134" ten="530,92,189,189" oya="0" hai0="46,30,65,72,35,85,23,84,24,133,5,20,96" hai1="47,48,77,54,68,79,3,33,19,97,116,87,104" hai2="7,131,113,6,117,75,4,32,60,123,129,43,15" hai3="81,108,42,109,91,110,102,98,103,38,125,63,89"/><T58/><D72/><U74/><E116/><V18/><F32/><W106/><G42/><T31/><D133/><U64/><E3/><V128/><F75/><W28/><G38/><T93/><D5/><U49/><E74/><V59/><F113/><W57/><G28/><T78/><D46/><U52/><E33/><V119/><F43/><W90/><G57/><T16/><D35/><U73/><E73/><V127/><F123/><W2/><G63/><N who="0" m="38135" /><D78/><U115/><E115/><V100/><F100/><N who="3" m="62743" /><G2/><T66/><D66/><U121/><E121/><V37/><F37/><W40/><G40/><T50/><D50/><U67/><E104/><V55/><F119/><W70/><G70/><T29/><D23/><U34/><E34/><V92/><F117/><W62/><G62/><T25/><D25/><U26/><E97/><V12/><F12/><W112/><G112/><T120/><D120/><U94/><E68/><V45/><F45/><W107/><G107/><T76/><D76/><N who="1" m="29259" /><E19/><V14/><F18/><W114/><G114/><T17/><D31/><U0/><E26/><V95/><F14/><W105/><G105/><T41/><D41/><N who="1" m="24687" /><E0/><V69/><F15/><W71/><G71/><T118/><D118/><U122/><E122/><V124/><F69/><W27/><G27/><T56/><D30/><U21/><E21/><V80/><F80/><W61/><G61/><T126/><D29/><U36/><E36/><V9/><F9/><W53/><G81/><T111/><D24/><U101/><E49/><V51/><F51/><W1/><G1/><T99/><D20/><U83/><E83/><RYUUKYOKU ba="2,0" sc="530,-10,92,-10,189,30,189,-10" hai2="4,6,7,55,59,60,92,95,124,127,128,129,131" /><INIT seed="1,3,0,5,5,76" ten="520,82,219,179" oya="1" hai0="39,99,133,92,68,50,97,44,53,27,58,12,29" hai1="63,121,114,119,115,131,135,95,107,0,116,65,57" hai2="56,113,24,72,19,49,80,42,22,127,79,17,16" hai3="77,90,3,47,33,67,40,104,98,25,118,91,132"/><U89/><E0/><V55/><F127/><W100/><G3/><T87/><D68/><U41/><E107/><V101/><F113/><N who="1" m="43017" /><E95/><V84/><F101/><W37/><G132/><T110/><D110/><U130/><E89/><V78/><F72/><W23/><G118/><N who="1" m="45098" /><E121/><V59/><F42/><W48/><G33/><T85/><D133/><U83/><E83/><V134/><F134/><W64/><G77/><T36/><D12/><U30/><E30/><V94/><F94/><W106/><G106/><T5/><D5/><U1/><E1/><V105/><F105/><W109/><G109/><T31/><D31/><U103/><E103/><V120/><F120/><W128/><G37/><T10/><D10/><U28/><E28/><N who="2" m="17431" /><F79/><W38/><G38/><T66/><D99/><U96/><E96/><V46/><AGARI ba="3,0" hai="16,17,19,46,49,55,56,59,78,80,84" m="17431" machi="46" ten="30,4000,0" yaku="8,1,52,1,54,1" doraHai="76" who="2" fromWho="2" sc="520,-13,82,-23,219,49,179,-13" /><INIT seed="2,0,0,5,3,63" ten="507,59,268,166" oya="2" hai0="35,6,9,79,76,60,4,43,133,80,30,69,109" hai1="7,95,51,135,71,119,121,102,128,32,67,100,134" hai2="42,40,45,17,19,31,24,48,62,78,18,107,129" hai3="73,2,12,53,92,83,25,124,94,52,88,61,10"/><V58/><F107/><W1/><G124/><T15/><D109/><U29/><E119/><V112/><F112/><W127/><G127/><T113/><D113/><U20/><E128/><V0/><F0/><W5/><G1/><T97/><D43/><U81/><E121/><V77/><F42/><W16/><G73/><T14/><D133/><N who="1" m="50699" /><E32/><V122/><F129/><W3/><G3/><T33/><D97/><U131/><E131/><V84/><F122/><W13/><G25/><T70/><D60/><N who="1" m="40423" /><E95/><N who="3" m="36394" /><G2/><T87/><D76/><U96/><E7/><V99/><F99/><W34/><G34/><T91/><D79/><U120/><E96/><V118/><F118/><W22/><G61/><T44/><D35/><U54/><E81/><V110/><F110/><W105/><G105/><T86/><D33/><U26/><E120/><V59/><F84/><AGARI ba="0,0" hai="5,10,12,13,16,22,52,53,83,84,88" m="36394" machi="84" ten="30,7700,0" yaku="8,1,54,3" doraHai="63" who="3" fromWho="2" sc="507,0,59,0,268,-77,166,77" /><INIT seed="3,0,0,2,2,59" ten="507,59,191,243" oya="3" hai0="60,118,64,130,7,107,104,8,119,66,65,122,61" hai1="42,70,54,111,74,113,40,82,30,32,1,62,3" hai2="56,33,94,127,58,12,112,102,47,109,21,36,89" hai3="13,49,20,85,11,23,15,131,78,105,128,88,46"/><W48/><G105/><T71/><D122/><U24/><E42/><V52/><F33/><W110/><G78/><T95/><D130/><N who="3" m="49705" /><G110/><T135/><D135/><U96/><E111/><V0/><F0/><W100/><G100/><T19/><D19/><U126/><E113/><V2/><F2/><W6/><G15/><T28/><D28/><U67/><E126/><V10/><F102/><W57/><G57/><T83/><D83/><U79/><E54/><V68/><F68/><W129/><G129/><T103/><D95/><U98/><E98/><V77/><F77/><W99/><G99/><T27/><D27/><U97/><E97/><V38/><F109/><W115/><G115/><T80/><D80/><U72/><E72/><V50/><F112/><W5/><G5/><T123/><D123/><U76/><E76/><V120/><F127/><W53/><G48/><T81/><D81/><AGARI ba="0,0" hai="6,11,13,20,23,46,49,53,81,85,88" m="49705" machi="81" ten="30,2900,0" yaku="19,1,54,1" doraHai="59" who="3" fromWho="0" sc="507,-29,59,0,191,0,243,29" /><INIT seed="3,1,0,0,5,101" ten="478,59,191,272" oya="3" hai0="47,119,46,72,90,125,8,120,96,17,63,95,113" hai1="131,45,25,68,92,121,102,98,13,126,36,64,99" hai2="22,62,117,11,82,127,107,73,112,0,20,129,104" hai3="34,21,32,40,109,52,49,54,31,5,12,116,14"/><W60/><G116/><T19/><D120/><U65/><E121/><V29/><F117/><W50/><G109/><T97/><D119/><U42/><E126/><V84/><F112/><W70/><G40/><T38/><D72/><U93/><E131/><V100/><F73/><W115/><G115/><T10/><D125/><U87/><E68/><V61/><F127/><W130/><G130/><T123/><D123/><U80/><E13/><V33/><F33/><W67/><G32/><T128/><D128/><U89/><REACH who="1" step="1"/><E25/><REACH who="1" ten="478,49,191,272" step="2"/><V9/><F129/><W85/><G12/><T58/><D113/><U4/><E4/><V2/><F2/><W111/><G5/><T43/><D46/><U83/><E83/><V132/><F82/><W77/><G14/><T3/><D3/><U27/><E27/><V35/><F0/><W124/><G70/><T55/><D10/><U134/><E134/><V37/><F11/><W110/><G124/><T30/><D8/><U78/><AGARI ba="1,1" hai="36,42,45,64,65,78,80,87,89,92,93,98,99,102" machi="78" ten="20,2700,0" yaku="1,1,0,1,7,1,53,0" doraHai="101" doraHaiUra="106" who="1" fromWho="1" sc="478,-8,49,40,191,-8,272,-14" /><INIT seed="4,0,0,3,0,106" ten="470,89,183,258" oya="0" hai0="90,43,131,93,41,107,60,29,135,122,52,55,39" hai1="51,36,84,53,12,80,77,117,83,109,119,37,14" hai2="7,27,108,111,68,128,85,110,104,22,45,75,97" hai3="49,82,124,72,54,98,129,78,74,88,0,16,26"/><T48/><D107/><U19/><E109/><V63/><F128/><W69/><G0/><T25/><D131/><U125/><E125/><V121/><F121/><W99/><G69/><T17/><D135/><U123/><E123/><V67/><F7/><W5/><G129/><T92/><D122/><U89/><E14/><V91/><F45/><W21/><G124/><T103/><D39/><U116/><E80/><V9/><F9/><W10/><G72/><T105/><D105/><U134/><E134/><V46/><F46/><W81/><G81/><T100/><D60/><U15/><E15/><V113/><F113/><W87/><G74/><T20/><D29/><U102/><E102/><N who="0" m="38953" /><D55/><U120/><E120/><V71/><F75/><W56/><REACH who="3" step="1"/><G78/><REACH who="3" ten="470,89,183,248" step="2"/><T13/><D25/><U130/><E77/><V62/><F71/><W3/><AGARI ba="0,1" hai="3,5,10,16,21,26,49,54,56,82,87,88,98,99" machi="3" ten="20,12000,2" yaku="1,1,2,1,0,1,7,1,54,2,53,0" doraHai="106" doraHaiUra="115" who="3" fromWho="3" sc="470,-60,89,-30,183,-30,248,130" /><INIT seed="5,0,0,2,4,44" ten="410,59,153,378" oya="1" hai0="84,37,50,114,22,115,73,35,5,76,53,47,95" hai1="70,99,30,31,126,27,41,132,20,3,26,101,8" hai2="122,116,133,130,1,129,103,74,36,58,109,28,123" hai3="68,25,131,104,15,33,108,100,64,105,119,9,38"/><U18/><E70/><V106/><RYUUKYOKU type="yao9" ba="0,0" sc="410,0,59,0,153,0,378,0" hai2="1,28,36,58,74,103,106,109,116,122,123,129,130,133" /><INIT seed="5,1,0,0,2,60" ten="410,59,153,378" oya="1" hai0="82,45,101,50,99,44,90,59,126,134,8,15,83" hai1="131,88,1,104,4,113,42,120,3,10,62,67,61" hai2="100,9,5,68,27,69,94,58,96,12,85,34,130" hai3="30,75,98,124,71,32,20,132,135,86,51,118,24"/><U84/><E104/><V16/><F130/><W65/><G118/><T26/><D134/><N who="3" m="51241" /><G75/><T110/><D110/><U78/><E120/><V19/><F58/><W35/><G124/><T11/><D126/><U81/><E131/><V74/><F74/><W129/><G129/><T123/><D123/><U57/><E113/><V92/><F34/><W76/><G98/><T125/><D125/><U108/><E108/><V128/><F128/><W70/><G51/><T23/><D59/><U29/><E29/><V109/><F109/><W102/><G102/><T127/><D127/><U41/><E3/><V121/><F121/><W46/><G46/><T55/><D45/><U31/><E31/><V47/><F47/><W91/><G76/><T89/><D83/><U95/><REACH who="1" step="1"/><E62/><REACH who="1" ten="410,49,153,378" step="2"/><V21/><F19/><W117/><G117/><T79/><D89/><U115/><E115/><V28/><F28/><W54/><G30/><T52/><D90/><U22/><E22/><V49/><F21/><W111/><G91/><T133/><D133/><U122/><E122/><V119/><F16/><W72/><G111/><T25/><D23/><U33/><E33/><V43/><F119/><W103/><G32/><T87/><D8/><U80/><E80/><V105/><F9/><W7/><G35/><T112/><D112/><U37/><E37/><V116/><F116/><W53/><G20/><T18/><D82/><U73/><AGARI ba="1,1" hai="1,4,10,41,42,57,61,67,73,78,81,84,88,95" machi="73" ten="20,12000,1" yaku="1,1,0,1,7,1,52,1,54,1,53,0" doraHai="60" doraHaiUra="17" who="1" fromWho="1" sc="410,-41,49,133,153,-41,378,-41" /><INIT seed="5,2,0,4,0,46" ten="369,182,112,337" oya="1" hai0="81,15,38,19,63,88,119,14,57,132,5,48,125" hai1="108,126,115,101,56,124,68,93,89,23,67,75,21" hai2="78,3,1,105,73,79,70,9,102,58,134,129,72" hai3="83,106,123,90,133,77,44,92,8,25,110,53,4"/><U32/><E68/><V74/><F70/><W41/><G123/><T7/><D119/><U16/><E32/><V29/><F129/><W122/><G110/><T27/><D38/><U43/><E75/><V94/><F105/><W85/><G122/><T40/><D132/><U30/><E108/><V80/><F134/><W71/><G106/><T66/><D125/><U54/><E101/><V37/><F37/><W47/><G71/><T34/><D34/><U84/><E67/><V51/><F29/><W39/><G133/><T59/><D27/><U130/><E130/><V62/><F51/><W33/><G33/><T82/><D15/><N who="1" m="9375" /><E43/><V107/><F107/><W45/><G25/><T24/><D24/><N who="1" m="16671" /><E115/><V65/><F9/><W109/><G53/><N who="0" m="31911" /><D40/><U22/><E22/><V0/><REACH who="2" step="1"/><F80/><REACH who="2" ten="369,182,102,337" step="2"/><W6/><G109/><T49/><D82/><U111/><E111/><V20/><F20/><W52/><G83/><T103/><D81/><U112/><E112/><V69/><F69/><W61/><G39/><T113/><D113/><U131/><E131/><V28/><F28/><W42/><G77/><T117/><D117/><U18/><E126/><V96/><AGARI ba="2,1" hai="0,1,3,58,62,65,72,73,74,78,79,94,96,102" machi="96" ten="40,5200,0" yaku="1,1,0,1,53,1" doraHai="46" doraHaiUra="98" who="2" fromWho="2" sc="369,-15,182,-28,102,68,337,-15" /><INIT seed="6,0,0,2,1,23" ten="354,154,170,322" oya="2" hai0="107,121,14,1,11,60,98,124,25,96,118,28,48" hai1="61,129,50,123,81,91,126,66,112,69,27,111,53" hai2="38,102,114,93,73,74,0,35,3,125,33,127,110" hai3="76,71,67,39,31,80,68,22,77,24,88,26,94"/><V100/><F38/><W41/><G39/><T103/><D121/><U70/><E111/><V16/><F110/><W43/><G68/><T47/><D1/><N who="2" m="586" /><F16/><W17/><G71/><T92/><D124/><N who="2" m="47690" /><F114/><W20/><G67/><T36/><D60/><U10/><E126/><V7/><F7/><W18/><G31/><T37/><D118/><U72/><E123/><V52/><F52/><W122/><G122/><T8/><D37/><U6/><E112/><V40/><F40/><N who="3" m="15435" /><G80/><T134/><D36/><U46/><E70/><V29/><F93/><W9/><G9/><T113/><D113/><U116/><E116/><V85/><F85/><AGARI ba="0,0" hai="17,18,20,22,24,26,76,77,85,88,94" m="15435" machi="85" ten="30,7700,0" yaku="8,1,52,2,54,1" doraHai="23" who="3" fromWho="2" sc="354,0,154,0,170,-77,322,77" /><INIT seed="7,0,0,3,3,13" ten="354,154,93,399" oya="3" hai0="24,99,129,36,7,132,111,31,43,47,125,14,69" hai1="53,76,97,98,1,105,71,27,42,104,122,8,121" hai2="83,20,18,22,119,33,91,2,131,113,15,67,62" hai3="130,135,29,84,114,126,60,81,59,133,74,128,72"/><W9/><G114/><T70/><D111/><U46/><E71/><V107/><F33/><W41/><G126/><T32/><D125/><U51/><E76/><V94/><F2/><W12/><G41/><T85/><D132/><N who="3" m="50761" /><G29/><T73/><D129/><N who="3" m="49769" /><G84/><T77/><D85/><U16/><E1/><V127/><F131/><W102/><G102/><T4/><D99/><U44/><E97/><V34/><F127/><W39/><G39/><T101/><D101/><U79/><E79/><V23/><F113/><W57/><G81/><T118/><D118/><U123/><E98/><V45/><F119/><W92/><G92/><T110/><D110/><U120/><E123/><V0/><F107/><W124/><G124/><T117/><D117/><U95/><E95/><V66/><F34/><W134/><G134/><T109/><D109/><U82/><E82/><V90/><F0/><W112/><G112/><T75/><D4/><U30/><E30/><V100/><F100/><W52/><G57/><T87/><D87/><U11/><E105/><V49/><F83/><W78/><G78/><T25/><D25/><U96/><E104/><V61/><F94/><W63/><G63/><T103/><D103/><U64/><E120/><V108/><F108/><W106/><G106/><T19/><D7/><AGARI ba="0,0" hai="7,9,12,52,59,60,72,74" m="49769,50761" machi="7" ten="30,5800,0" yaku="20,1,19,1,54,1" doraHai="13" who="3" fromWho="0" sc="354,-58,154,0,93,0,399,58" owari="296,10.0,154,-25.0,93,-41.0,457,56.0" /></mjloggm>