<mjloggm ver="2.3"><GO type="169" lobby="0"/><UN n0="%E6%B8%8B%E8%B0%B7%E3%81%AE%64%6F%76%65" n1="%E5%B1%B1%E5%B9%B8%E5%95%86%E5%BA%97" n2="%74%61%63%6F%73" n3="%E3%81%82%E3%81%84%E3%81%82%E3%81%8A%E3%81%84" dan="17,16,16,19" rate="2140.45,2121.37,2095.19,2216.22" sx="M,M,M,M"/><TAIKYOKU oya="0"/><INIT seed="0,0,0,1,4,20" ten="250,250,250,250" oya="0" hai0="2,74,52,1,129,30,8,108,105,46,10,100,73" hai1="84,60,75,115,7,40,42,109,111,47,127,117,110" hai2="38,80,133,99,126,128,87,15,102,32,49,93,72" hai3="0,107,26,29,13,21,41,83,69,82,120,3,71"/><T31/><D129/><U9/><E75/><V58/><F38/><W78/><G107/><T57/><D46/><U23/><E117/><V28/><F128/><W39/><G120/><T27/><D100/><U113/><E60/><V134/><F126/><W19/><G82/><T79/><D105/><U122/><E122/><V70/><F70/><W85/><G41/><T106/><D106/><U132/><E127/><V67/><F72/><W5/><G39/><T44/><D44/><U119/><E119/><V11/><F32/><W37/><G37/><T53/><D57/><U86/><E23/><V17/><F28/><W55/><G55/><T35/><D35/><U63/><E63/><V22/><F22/><W101/><G101/><T98/><D98/><U64/><E64/><V45/><F58/><W18/><G18/><T77/><D108/><U51/><E42/><V88/><REACH who="2" step="1"/><F67/><REACH who="2" ten="250,250,240,250" step="2"/><W91/><G71/><T90/><REACH who="0" step="1"/><D90/><REACH who="0" ten="240,250,240,250" step="2"/><U97/><E97/><V89/><F89/><W130/><G91/><T95/><D95/><U81/><E81/><V56/><F56/><W43/><G130/><T54/><D54/><AGARI ba="0,2" hai="11,15,17,45,49,54,80,87,88,93,99,102,133,134" machi="54" ten="40,8000,1" yaku="1,1,25,2,54,1,53,0" doraHai="20" doraHaiUra="33" who="2" fromWho="0" sc="240,-80,250,0,240,100,250,0" /><INIT seed="1,0,0,2,5,45" ten="160,250,340,250" oya="1" hai0="64,21,112,125,28,101,50,52,12,13,8,54,109" hai1="107,92,88,71,57,14,100,77,39,32,90,30,22" hai2="84,111,58,35,26,95,55,1,83,10,79,127,42" hai3="104,124,89,72,16,70,121,78,93,113,41,33,38"/><U118/><E71/><V4/><F111/><W44/><G33/><T130/><D112/><U36/><E77/><V69/><F69/><W65/><G113/><T103/><D109/><U96/><E90/><V20/><F127/><W86/><G121/><T117/><D117/><U43/><E118/><V53/><F35/><W115/><G124/><T120/><D125/><U9/><E32/><V47/><F58/><W40/><G40/><T134/><D134/><U0/><E0/><V2/><F95/><W123/><G123/><T99/><D120/><U105/><E105/><V5/><F5/><W27/><G115/><T23/><D64/><U59/><E43/><V119/><F119/><W49/><G104/><T18/><D130/><U37/><E22/><V15/><F1/><W135/><G135/><T122/><D122/><U17/><REACH who="1" step="1"/><E30/><REACH who="1" ten="160,240,340,250" step="2"/><V75/><F2/><W51/><G78/><T63/><D28/><U129/><E129/><V68/><F68/><W94/><G72/><T61/><D21/><U29/><E29/><N who="2" m="17607" /><F75/><W106/><G106/><T85/><D23/><U11/><E11/><V131/><F131/><W56/><G70/><T128/><D8/><U133/><E133/><V87/><F87/><AGARI ba="0,1" hai="9,14,17,36,37,39,57,59,87,88,92,96,100,107" machi="87" ten="40,3900,0" yaku="1,1,54,1,53,0" doraHai="45" doraHaiUra="110" who="1" fromWho="2" sc="160,0,240,49,340,-39,250,0" /><INIT seed="1,1,0,4,1,92" ten="160,289,301,250" oya="1" hai0="90,98,80,23,100,96,16,45,123,30,55,68,35" hai1="31,132,15,78,127,101,106,62,119,102,52,6,133" hai2="84,59,1,77,88,114,58,20,86,26,17,75,2" hai3="33,113,27,0,63,129,91,19,111,85,103,61,72"/><U32/><E119/><V46/><F114/><W38/><G38/><T109/><D68/><U81/><E31/><V24/><F75/><W118/><G0/><T74/><D35/><U34/><E101/><V49/><F77/><W65/><G72/><T42/><D30/><U126/><E15/><V99/><F2/><W9/><G103/><T71/><D71/><U89/><E89/><V112/><F1/><W40/><G40/><T95/><D109/><U29/><E6/><V108/><F108/><W53/><G9/><T82/><D55/><U3/><E3/><V14/><F26/><W79/><G79/><T4/><D4/><U10/><E10/><V13/><F13/><W128/><G53/><T44/><D123/><U135/><E102/><V11/><F86/><W64/><G111/><T93/><D74/><N who="1" m="43223" /><E29/><V67/><F112/><W18/><G33/><N who="1" m="12906" /><E106/><V73/><F73/><W70/><G113/><T122/><D122/><U39/><E39/><V125/><F84/><W121/><G121/><T36/><D44/><U41/><E41/><V60/><F59/><AGARI ba="1,0" hai="52,59,62,126,127,132,133,135" m="12906,43223" machi="59" ten="40,3900,0" yaku="20,1,54,1" doraHai="92" who="1" fromWho="2" sc="160,0,289,42,301,-42,250,0" /><INIT seed="1,2,0,0,5,12" ten="160,331,259,250" oya="1" hai0="62,91,20,31,129,5,118,108,51,88,55,89,119" hai1="4,110,3,124,64,46,44,65,60,79,52,103,21" hai2="27,42,128,99,126,47,131,82,72,14,15,73,112" hai3="105,33,107,76,116,16,120,98,135,8,41,115,30"/><U75/><E103/><V2/><F2/><W114/><G76/><T45/><D108/><U109/><E124/><V85/><F126/><W54/><G41/><T43/><D129/><N who="2" m="49738" /><F112/><W71/><G71/><T23/><D5/><U84/><E75/><N who="2" m="28747" /><F99/><W40/><G40/><T83/><D83/><N who="1" m="47231" /><E4/><V80/><F27/><N who="3" m="18655" /><G98/><T53/><D31/><U24/><E3/><V48/><F80/><W35/><G35/><T0/><D0/><U102/><E102/><V87/><F87/><W19/><G107/><T18/><D23/><U36/><E36/><V100/><F100/><W57/><G105/><T127/><D127/><U113/><E113/><V92/><F92/><W94/><G94/><T7/><D7/><U50/><E46/><V29/><F29/><W95/><G95/><T25/><REACH who="0" step="1"/><D62/><REACH who="0" ten="150,331,259,250" step="2"/><U49/><E60/><V81/><F14/><N who="3" m="7239" /><G115/><T104/><D104/><U38/><E38/><V34/><F15/><W93/><G114/><T37/><D37/><U77/><E50/><V90/><F34/><W125/><G125/><T70/><D70/><U10/><E109/><V67/><F82/><W130/><G130/><T66/><D66/><AGARI ba="2,1" hai="42,47,48,66,67,81,85,90" m="28747,49738" machi="66" ten="30,1000,0" yaku="19,1" doraHai="12" who="2" fromWho="0" sc="150,-16,331,0,259,26,250,0" /><INIT seed="2,0,0,5,3,63" ten="134,331,285,250" oya="2" hai0="30,82,59,78,77,124,88,65,10,131,106,112,23" hai1="53,96,122,13,27,31,73,108,104,114,21,133,71" hai2="56,93,107,116,99,60,19,67,127,11,29,97,75" hai3="58,44,118,12,103,8,43,1,62,121,18,32,49"/><V98/><F75/><W113/><G32/><T90/><D112/><U64/><E73/><V28/><F127/><W105/><G113/><T34/><D34/><U91/><E114/><V57/><F107/><W38/><G121/><T134/><D124/><U45/><E122/><V115/><F115/><W68/><G118/><T119/><D119/><U72/><E72/><V7/><F19/><W47/><G1/><T74/><D131/><U20/><E104/><V15/><F116/><W87/><G87/><T14/><D78/><U9/><E71/><V85/><REACH who="2" step="1"/><F56/><REACH who="2" ten="134,331,275,250" step="2"/><W69/><G105/><T37/><D106/><U24/><E133/><V76/><F76/><W33/><G18/><T100/><D134/><U16/><E108/><V109/><F109/><W95/><G58/><T40/><D74/><U110/><E110/><V101/><F101/><W48/><G103/><T130/><D100/><U5/><E91/><AGARI ba="0,1" hai="7,11,15,28,29,57,60,67,85,91,93,97,98,99" machi="91" ten="40,7700,0" yaku="1,1,8,1,52,1,53,0" doraHai="63" doraHaiUra="117" who="2" fromWho="1" sc="134,0,331,-77,275,87,250,0" /><INIT seed="2,1,0,0,1,61" ten="134,254,362,250" oya="2" hai0="54,0,25,121,116,50,118,81,134,14,89,28,29" hai1="53,35,91,125,37,124,107,5,38,129,90,1,48" hai2="132,69,131,126,66,68,96,109,45,95,36,106,11" hai3="100,88,19,111,57,41,2,17,108,9,122,12,99"/><V31/><F106/><W23/><G122/><T30/><D121/><U32/><E107/><V22/><F126/><N who="1" m="48745" /><E5/><V47/><F131/><W77/><G77/><T3/><D134/><U58/><E1/><V128/><F132/><W34/><G34/><N who="1" m="12842" /><E129/><V112/><F128/><W80/><G41/><T55/><D25/><U56/><E56/><V82/><F11/><W123/><G123/><T18/><D81/><U44/><E44/><V102/><F82/><W65/><G2/><T83/><D83/><U62/><E62/><V92/><F68/><W52/><G80/><T59/><D89/><AGARI ba="1,0" hai="37,38,48,53,58,89,90,91" m="12842,48745" machi="89" ten="30,1000,0" yaku="18,1" doraHai="61" who="1" fromWho="0" sc="134,-13,254,13,362,0,250,0" /><INIT seed="3,0,0,4,1,57" ten="121,267,362,250" oya="3" hai0="71,4,28,113,81,123,35,33,31,9,118,43,106" hai1="70,65,45,18,55,40,34,19,94,37,24,59,83" hai2="53,82,60,26,112,30,0,64,115,97,131,58,73" hai3="51,85,101,102,90,72,21,127,62,36,111,41,109"/><W20/><G72/><T77/><D106/><U12/><E83/><V129/><F0/><W91/><G36/><T56/><D71/><U126/><E126/><V69/><F73/><W80/><G127/><T63/><D123/><U105/><E105/><V133/><F133/><W10/><G10/><T38/><D118/><U96/><E65/><V46/><F46/><N who="3" m="26063" /><G91/><T47/><D113/><U49/><E70/><V44/><F44/><W78/><G78/><T42/><D42/><U29/><E12/><V39/><F82/><W15/><G15/><T121/><D121/><U50/><E37/><V27/><F39/><W32/><G32/><T68/><D68/><U6/><E6/><V132/><F97/><W107/><G107/><T66/><D33/><U124/><E124/><V16/><F132/><W13/><G13/><T125/><D35/><U119/><E119/><V17/><F112/><W11/><G11/><T2/><REACH who="0" step="1"/><D125/><REACH who="0" ten="111,267,362,250" step="2"/><U3/><E3/><V114/><F115/><W116/><G116/><T76/><D76/><U14/><E14/><V67/><F114/><W79/><G79/><T88/><D88/><AGARI ba="0,1" hai="18,19,24,29,34,40,45,49,50,55,59,88,94,96" machi="88" ten="30,2000,0" yaku="7,1,54,1" doraHai="57" who="1" fromWho="0" sc="111,-20,267,30,362,0,250,0" /><INIT seed="4,0,0,4,4,58" ten="91,297,362,250" oya="0" hai0="99,29,4,31,119,110,125,60,92,126,106,116,117" hai1="18,101,64,1,86,50,112,41,123,81,8,61,36" hai2="111,11,90,122,57,113,17,46,53,135,94,5,84" hai3="127,54,75,133,39,20,107,89,43,88,44,52,83"/><T87/><D110/><U71/><E123/><V85/><F122/><W28/><G107/><T2/><D106/><U38/><E101/><V118/><F118/><W74/><G133/><T132/><D132/><U24/><E112/><V77/><F111/><W33/><G33/><T59/><D87/><U63/><E1/><V49/><F113/><W37/><G37/><T7/><D29/><U82/><E82/><N who="2" m="47183" /><F135/><W47/><G127/><N who="0" m="48651" /><D31/><U70/><E41/><V73/><F73/><W45/><G43/><T109/><D2/><U114/><E50/><V34/><F34/><W103/><G103/><N who="0" m="60903" /><D109/><U129/><E114/><V128/><F5/><W76/><G75/><T48/><D48/><U96/><E96/><V51/><F128/><W9/><G39/><T120/><D120/><U72/><E72/><V35/><F35/><W108/><G108/><T130/><D130/><U105/><E105/><V97/><F85/><W55/><REACH who="3" step="1"/><G9/><REACH who="3" ten="91,297,362,240" step="2"/><T23/><D23/><U40/><E40/><N who="2" m="24775" /><F11/><W15/><G15/><T66/><AGARI ba="0,1" hai="4,7,59,60,66,116,117,119" m="60903,48651" machi="66" ten="40,3900,0" yaku="18,1,52,1" doraHai="58" who="0" fromWho="0" sc="91,49,297,-13,362,-13,240,-13" /><INIT seed="4,1,0,5,3,116" ten="140,284,349,227" oya="0" hai0="83,106,104,69,134,3,82,129,114,78,40,99,79" hai1="52,32,102,61,54,132,19,92,130,111,36,131,10" hai2="113,63,5,47,42,98,105,75,60,103,24,118,107" hai3="70,133,96,48,39,34,124,95,13,71,62,21,108"/><T135/><D3/><U127/><E36/><V94/><F75/><W28/><G39/><T86/><D69/><U44/><E111/><V73/><F73/><W100/><G108/><T6/><D6/><U46/><E32/><V81/><F113/><W15/><G34/><T14/><D40/><U31/><E31/><V85/><F5/><W18/><G28/><T77/><D14/><N who="1" m="7639" /><E132/><N who="0" m="50729" /><D114/><U58/><E54/><V126/><F126/><W53/><G124/><T50/><D50/><U56/><E56/><V109/><F109/><W80/><G133/><T91/><D129/><N who="1" m="49163" /><E127/><V88/><F118/><W43/><G43/><T23/><D23/><U51/><E61/><V90/><F24/><W59/><G62/><T12/><D12/><U125/><E125/><V57/><F63/><W64/><G64/><T49/><D49/><U41/><E41/><V1/><F1/><W9/><REACH who="3" step="1"/><G80/><REACH who="3" ten="140,284,349,217" step="2"/><N who="0" m="30763" /><D99/><AGARI ba="1,1" hai="44,46,51,52,58,92,99,102" m="49163,7639" machi="99" ten="30,2000,0" yaku="19,1,54,1" doraHai="116" who="1" fromWho="0" sc="140,-23,284,33,349,0,217,0" /><INIT seed="5,0,0,1,2,54" ten="117,317,349,217" oya="1" hai0="12,93,69,56,100,44,33,123,133,13,25,119,102" hai1="62,66,3,124,20,49,125,82,30,22,42,92,45" hai2="88,104,95,70,87,55,43,107,132,61,75,90,5" hai3="103,116,17,38,131,11,48,68,91,58,32,109,67"/><U80/><E3/><V7/><F75/><W29/><G38/><T134/><D119/><U8/><E92/><V112/><F132/><W121/><G121/><T97/><D69/><U113/><E113/><V105/><F112/><W26/><G109/><T50/><D123/><U81/><E8/><V83/><F43/><W71/><G116/><T129/><D129/><U74/><E74/><V77/><F90/><W127/><G103/><T46/><D102/><U98/><E98/><V28/><F28/><W39/><G39/><T106/><D106/><U24/><REACH who="1" step="1"/><E22/><REACH who="1" ten="117,307,349,217" step="2"/><V41/><F104/><W94/><G94/><T36/><D93/><U110/><E110/><V108/><F108/><W9/><G9/><T118/><D97/><U115/><E115/><V60/><F107/><W130/><G11/><T19/><D134/><U122/><E122/><V85/><F105/><W47/><G130/><T27/><D133/><U52/><E52/><V117/><F117/><W84/><G131/><T53/><D118/><U1/><E1/><V35/><F55/><W63/><G32/><T6/><D53/><U64/><E64/><V86/><F95/><W16/><G67/><T96/><D33/><U89/><E89/><V59/><F35/><W23/><G91/><T15/><D96/><U4/><E4/><V73/><F5/><W37/><G23/><T111/><D6/><U120/><E120/><V101/><F7/><W40/><G40/><T51/><D111/><U65/><E65/><N who="2" m="41263" /><F101/><W76/><G76/><T2/><D100/><U114/><E114/><V10/><F10/><W18/><G84/><RYUUKYOKU ba="0,1" sc="117,-10,307,30,349,-10,217,-10" hai1="20,24,30,42,45,49,62,66,80,81,82,124,125" /><INIT seed="5,1,1,5,3,132" ten="107,337,339,207" oya="1" hai0="80,18,86,3,135,73,123,19,130,66,29,43,0" hai1="109,23,56,110,30,67,7,15,39,121,87,57,40" hai2="129,33,117,88,127,103,122,93,4,106,53,85,8" hai3="17,83,2,35,58,63,60,38,61,126,95,21,77"/><U125/><E121/><V79/><F122/><W69/><G38/><T96/><D123/><U10/><E87/><V49/><F33/><W100/><G2/><T16/><D135/><U46/><E125/><V89/><F117/><W50/><G35/><T20/><D130/><U52/><E67/><V22/><F129/><W47/><G69/><T72/><D43/><U119/><E119/><V68/><F68/><W111/><G111/><T92/><D66/><U94/><E94/><V5/><F127/><W90/><G100/><T91/><D0/><U120/><E120/><V82/><F106/><W62/><G126/><T11/><D3/><U54/><E23/><V28/><F103/><W59/><G61/><T12/><D73/><U64/><E64/><V98/><F8/><W13/><G77/><T113/><D72/><U24/><E24/><N who="2" m="16407" /><F89/><W6/><G6/><T45/><D45/><AGARI ba="1,1" hai="4,5,45,49,53,79,82,85,88,93,98" m="16407" machi="45" ten="30,2000,0" yaku="8,1,54,1" doraHai="132" who="2" fromWho="0" sc="107,-23,337,0,339,33,207,0" /><INIT seed="6,0,0,0,2,118" ten="84,337,372,207" oya="2" hai0="38,46,72,29,8,105,32,56,68,44,15,75,13" hai1="66,76,20,106,74,23,6,104,79,64,45,1,90" hai2="108,19,134,113,7,73,36,50,131,69,35,67,102" hai3="2,57,92,127,135,125,84,41,101,77,47,3,70"/><V123/><RYUUKYOKU type="yao9" ba="0,0" sc="84,0,337,0,372,0,207,0" hai2="7,19,35,36,50,67,69,73,102,108,113,123,131,134" /><INIT seed="6,1,0,2,0,112" ten="84,337,372,207" oya="2" hai0="60,15,75,90,84,25,3,35,5,115,53,69,51" hai1="42,116,127,20,47,117,119,26,99,130,55,83,71" hai2="107,111,135,106,118,23,128,16,66,17,14,129,91" hai3="43,48,132,49,68,46,7,54,34,18,94,30,38"/><V123/><F123/><W63/><G7/><T101/><D115/><U78/><E71/><V100/><F135/><W6/><G6/><T97/><D75/><U58/><E99/><V86/><F111/><W134/><G30/><T125/><D125/><U22/><E127/><V108/><F108/><W28/><G28/><T76/><D3/><U122/><E26/><V103/><F66/><N who="3" m="41055" /><G18/><T92/><D5/><U120/><E130/><N who="2" m="50283" /><F17/><W77/><G77/><T102/><D15/><U21/><E58/><V11/><F118/><W37/><G94/><T79/><D102/><N who="2" m="38954" /><F23/><W57/><G34/><T45/><D35/><U19/><E55/><V40/><F40/><W1/><G1/><T56/><D69/><U27/><E27/><V110/><F110/><W4/><G4/><T82/><REACH who="0" step="1"/><D25/><REACH who="0" ten="74,337,372,207" step="2"/><U29/><E19/><V95/><AGARI ba="1,1" hai="11,14,16,86,91,95,106,107" m="38954,50283" machi="95" ten="30,3000,0" yaku="19,1,54,1" doraHai="112" who="2" fromWho="2" sc="74,-11,337,-11,372,43,207,-11" /><INIT seed="6,2,0,1,0,12" ten="63,326,415,196" oya="2" hai0="75,57,52,27,112,125,37,50,79,51,32,17,35" hai1="62,135,3,133,42,1,26,83,117,114,70,71,23" hai2="91,94,123,103,46,124,58,43,132,39,59,105,65" hai3="116,14,15,81,127,119,11,16,98,126,90,20,49"/><V18/><F123/><W60/><G60/><T84/><D37/><U107/><E42/><V28/><F28/><W66/><G66/><T129/><D75/><U78/><E117/><V101/><F124/><N who="3" m="47659" /><G49/><T29/><D125/><U106/><E62/><V48/><F105/><N who="1" m="39945" /><E23/><V63/><F39/><W76/><G98/><T73/><D73/><N who="1" m="43471" /><E26/><V9/><F58/><W19/><G90/><T104/><D104/><U88/><E114/><V45/><F45/><W120/><G120/><T87/><D112/><U64/><E64/><V33/><F33/><W67/><G67/><T53/><D35/><U118/><E118/><V8/><F103/><W55/><G55/><T30/><D30/><U102/><E102/><V21/><F101/><W22/><G22/><T100/><D100/><U61/><E61/><V96/><F65/><W4/><G4/><T95/><D79/><U109/><E88/><V7/><F91/><W113/><G113/><T5/><D5/><U77/><E77/><V74/><F63/><W80/><G80/><T93/><D17/><U121/><E121/><V31/><F18/><W68/><G68/><N who="1" m="26154" /><E109/><V85/><F43/><W40/><G40/><T108/><D108/><U44/><E44/><V25/><F46/><W131/><G131/><T10/><D129/><U128/><E128/><V111/><F111/><W97/><G97/><T2/><D53/><U134/><AGARI ba="2,0" hai="1,3,133,134,135" m="26154,43471,39945" machi="134" ten="40,2700,0" yaku="20,1,23,1" doraHai="12" who="1" fromWho="1" sc="63,-9,326,33,415,-15,196,-9" /><INIT seed="7,0,0,5,5,36" ten="54,359,400,187" oya="3" hai0="77,14,116,99,32,67,119,38,93,59,76,98,74" hai1="125,41,62,43,107,13,130,2,45,57,129,78,83" hai2="113,61,71,64,18,5,92,103,94,7,106,118,128" hai3="114,47,123,3,49,75,8,132,104,66,91,68,55"/><W0/><G104/><T40/><D32/><U31/><E107/><V90/><F118/><W96/><G75/><T6/><D14/><U69/><E2/><V11/><F106/><W63/><G123/><T87/><D59/><U117/><E31/><V30/><F30/><W25/><G114/><T133/><D67/><U100/><E100/><V79/><F113/><W108/><G132/><T97/><D133/><U12/><E69/><V80/><F128/><N who="1" m="49257" /><E45/><V24/><F103/><W73/><G73/><T58/><D58/><U120/><E120/><V51/><F51/><W124/><G124/><T82/><D6/><U127/><E117/><V39/><F39/><W20/><G108/><T48/><D38/><U56/><E13/><V21/><F90/><W95/><REACH who="3" step="1"/><G8/><REACH who="3" ten="54,359,400,177" step="2"/><T109/><D109/><U19/><E127/><V89/><F11/><W15/><G15/><T134/><D134/><U88/><E125/><V4/><F24/><W33/><G33/><T53/><D119/><U54/><E57/><V105/><F105/><W52/><G52/><T101/><D116/><U35/><E35/><V60/><F64/><W126/><G126/><T122/><D122/><U34/><E34/><V135/><F135/><W81/><G81/><N who="0" m="45207" /><D53/><U65/><E54/><V110/><F110/><W112/><G112/><T86/><D86/><N who="1" m="50271" /><E78/><V23/><F79/><W115/><G115/><T102/><D93/><U10/><AGARI ba="0,1" hai="10,12,19,41,43,56,62,65" m="50271,49257" machi="10" ten="30,7900,0" yaku="19,1,52,2,54,1" doraHai="36" who="1" fromWho="1" sc="54,-20,359,89,400,-20,177,-39" owari="34,-47.0,448,55.0,380,18.0,138,-26.0" /></mjloggm>