<mjloggm ver="2.3"><GO type="169" lobby="0"/><UN n0="%E3%83%94%E3%83%A7%E3%83%B3%E5%90%89" n1="%E3%81%BE%E3%81%8A%E3%82%89%E3%82%93" n2="%E3%82%86%E3%81%BF%E2%98%86%E3%83%9F" n3="%E5%BF%83%E5%A4%9C" dan="17,17,16,16" rate="2142.28,2190.93,2092.77,2113.49" sx="F,F,F,M"/><TAIKYOKU oya="0"/><INIT seed="0,0,0,4,4,1" ten="250,250,250,250" oya="0" hai0="110,0,37,120,14,85,102,76,126,25,51,68,105" hai1="115,133,130,121,80,99,88,32,94,4,41,59,96" hai2="101,66,106,72,109,49,43,86,27,17,116,128,79" hai3="111,30,78,65,97,28,50,91,29,56,92,47,123"/><T54/><D37/><U104/><E32/><V134/><F109/><W129/><G111/><T74/><D0/><U57/><E121/><V23/><F128/><W62/><G129/><T67/><D74/><U114/><E130/><V84/><F134/><W87/><G123/><T34/><D120/><U3/><E41/><V127/><F127/><W90/><G78/><T16/><D126/><U55/><E133/><V100/><F66/><W73/><G73/><T98/><D110/><U83/><E99/><V60/><F60/><W71/><G71/><T31/><D67/><U7/><E3/><V5/><F72/><W15/><G15/><T118/><D68/><U70/><E104/><V52/><F43/><W122/><G122/><T124/><D124/><U77/><E70/><V13/><F106/><W69/><G69/><T131/><D131/><U26/><E26/><V20/><F20/><W113/><G113/><N who="1" m="43018" /><E59/><N who="2" m="33167" /><F116/><W21/><G21/><T24/><D24/><U11/><E11/><N who="2" m="4335" /><F79/><W75/><G75/><T6/><D118/><U38/><E38/><V95/><F95/><W33/><G33/><T35/><D35/><U82/><E77/><V119/><F119/><W64/><G64/><T103/><D76/><U39/><E39/><V19/><F19/><W40/><REACH who="3" step="1"/><G30/><REACH who="3" ten="250,250,250,240" step="2"/><T9/><D31/><U53/><E55/><V44/><F44/><W22/><G22/><N who="0" m="13511" /><D34/><U93/><E53/><V135/><F135/><W132/><G132/><T63/><D54/><U18/><E57/><V58/><F58/><W10/><G10/><T117/><D9/><U112/><E112/><V108/><F108/><RYUUKYOKU ba="0,1" sc="250,-15,250,-15,250,15,240,15" hai2="17,23,27,84,86,100,101" hai3="28,29,40,47,50,56,62,65,87,90,91,92,97" /><INIT seed="1,1,1,0,4,118" ten="235,235,265,255" oya="1" hai0="13,25,94,41,64,58,28,18,44,131,92,81,54" hai1="16,42,102,9,12,14,127,59,113,124,71,96,106" hai2="104,79,90,63,10,51,103,60,114,0,121,111,20" hai3="2,112,117,46,4,132,48,91,35,85,107,27,38"/><U37/><E71/><V49/><F111/><W33/><G107/><T98/><D64/><U72/><E72/><V22/><F114/><W61/><G112/><T31/><D131/><U97/><E113/><V5/><F79/><W56/><G38/><T128/><D81/><U39/><E42/><V74/><F74/><W76/><G76/><T115/><D115/><U135/><E135/><V52/><F90/><W93/><G117/><T126/><D126/><N who="1" m="48171" /><E97/><V83/><F83/><W120/><G132/><T99/><D128/><U69/><E69/><V109/><F109/><W100/><G100/><T29/><D41/><U47/><E47/><V30/><F51/><W23/><G2/><T50/><D25/><U87/><E87/><V133/><F133/><W7/><G35/><T24/><D24/><U40/><E40/><V75/><F75/><W82/><G33/><T88/><D44/><U129/><E129/><V21/><F30/><W8/><G82/><T6/><D6/><N who="1" m="3127" /><E59/><V101/><F104/><W65/><G8/><AGARI ba="1,1" hai="8,14,16,37,39,96,102,106" m="3127,48171" machi="8" ten="30,2900,0" yaku="18,1,54,1" doraHai="118" who="1" fromWho="3" sc="235,0,235,42,265,0,255,-32" /><INIT seed="1,2,0,4,4,11" ten="235,277,265,223" oya="1" hai0="102,5,28,65,105,87,17,61,122,21,84,4,59" hai1="108,41,92,30,31,46,29,67,99,110,7,114,91" hai2="8,42,112,96,27,47,13,83,101,77,124,131,76" hai3="36,0,135,115,89,81,117,49,100,43,23,20,26"/><U56/><E7/><V60/><F112/><W15/><G115/><T134/><D134/><U57/><E114/><V38/><F131/><W85/><G0/><T120/><D28/><U40/><E40/><V63/><F27/><W24/><G135/><T52/><D105/><U103/><E103/><V72/><F77/><W54/><G117/><T127/><D102/><U132/><E132/><V2/><F124/><W22/><G100/><T94/><D127/><U12/><E12/><V37/><F37/><W68/><G68/><T107/><D107/><U113/><E113/><V16/><REACH who="2" step="1"/><F2/><REACH who="2" ten="235,277,255,223" step="2"/><W74/><G36/><T69/><D120/><U133/><E133/><V109/><F109/><N who="1" m="42089" /><E57/><V32/><F32/><W79/><G26/><T70/><D122/><U66/><E56/><V1/><F1/><W19/><G24/><N who="0" m="14383" /><D69/><U48/><AGARI ba="2,1" hai="29,30,31,41,46,48,66,67,91,92,99" m="42089" machi="48" ten="30,3000,0" yaku="14,1,10,1" doraHai="11" who="1" fromWho="1" sc="235,-12,277,46,255,-12,223,-12" /><INIT seed="1,3,0,5,1,22" ten="223,323,243,211" oya="1" hai0="46,50,64,45,115,70,72,19,58,104,98,49,5" hai1="63,38,6,9,3,112,59,113,119,78,86,1,14" hai2="32,20,93,33,23,135,81,12,75,21,103,66,54" hai3="85,18,31,130,100,28,60,125,53,73,128,121,47"/><U101/><E38/><V88/><F135/><W76/><G73/><T43/><D72/><U7/><E119/><V26/><F66/><W107/><G121/><T83/><D5/><U127/><E101/><V67/><F23/><W133/><G133/><T39/><D83/><U116/><E116/><V27/><F67/><W79/><G125/><T13/><D115/><U35/><E35/><V51/><F12/><W82/><G79/><T42/><D70/><U44/><E44/><V48/><F103/><W16/><G107/><T30/><D30/><N who="3" m="11305" /><G100/><T71/><D104/><U95/><E127/><V91/><F75/><W68/><G68/><T24/><D98/><U57/><E78/><V96/><F33/><W123/><G123/><T29/><D71/><U126/><E126/><V114/><F32/><W55/><G130/><T134/><D134/><U118/><E118/><V36/><F36/><W122/><G128/><T129/><D129/><U8/><E95/><V109/><F109/><W94/><G94/><T41/><D39/><U56/><E86/><N who="2" m="50255" /><F114/><W69/><G69/><T97/><D97/><U17/><REACH who="1" step="1"/><E63/><REACH who="1" ten="223,313,243,211" step="2"/><V110/><F110/><W40/><G122/><T11/><D46/><U99/><E99/><V124/><F124/><W106/><G106/><T131/><D131/><U4/><E4/><V74/><F74/><W65/><G47/><T89/><D89/><U120/><E120/><V52/><F51/><W111/><G111/><T87/><D87/><U90/><E90/><V34/><F34/><W102/><G102/><T37/><D49/><U0/><E0/><V84/><F48/><RYUUKYOKU ba="3,1" sc="223,-10,313,30,243,-10,211,-10" hai1="1,3,6,7,8,9,14,17,56,57,59,112,113" /><INIT seed="1,4,1,2,3,30" ten="213,343,233,201" oya="1" hai0="55,78,67,85,16,110,130,99,129,47,72,33,45" hai1="0,73,35,59,39,3,116,100,101,108,13,63,105" hai2="22,40,106,125,89,48,64,109,135,20,57,60,131" hai3="122,52,53,75,27,111,81,94,93,114,14,115,42"/><U5/><E39/><V126/><F106/><W49/><G122/><T61/><D72/><U26/><E73/><V44/><F109/><W23/><G111/><T90/><D78/><U118/><E108/><V11/><F131/><N who="0" m="50186" /><D99/><U24/><E13/><V65/><F135/><W86/><G75/><T50/><D110/><U124/><E5/><V32/><F11/><W117/><G117/><T15/><D45/><U92/><E92/><N who="3" m="35434" /><G14/><T123/><D123/><U121/><E121/><V17/><F89/><N who="3" m="51407" /><G115/><T79/><D79/><U84/><E105/><V113/><F113/><W46/><G114/><T6/><D6/><U34/><E84/><V107/><F107/><W66/><G66/><T76/><D76/><U82/><E59/><V103/><F65/><W58/><G58/><N who="0" m="37303" /><D85/><U95/><E95/><V112/><F112/><W38/><G38/><T133/><D90/><U88/><E88/><V71/><F103/><W97/><G97/><T41/><D133/><U54/><E82/><V91/><F91/><W74/><G74/><T96/><D96/><U56/><E56/><V77/><F77/><W83/><G83/><T9/><D33/><U70/><E70/><V98/><F98/><W87/><G87/><T37/><D37/><U4/><E4/><V120/><F120/><W7/><G7/><T69/><D69/><U12/><E116/><V127/><F71/><W10/><G46/><T36/><D36/><U51/><E118/><V2/><F2/><W1/><G1/><T119/><D119/><U31/><E3/><V19/><F32/><W128/><G128/><T134/><D134/><RYUUKYOKU ba="4,1" sc="213,15,343,-15,233,15,201,-15" hai0="9,15,16,41,47,50,55" hai2="17,19,20,22,40,44,48,57,60,64,125,126,127" /><INIT seed="2,5,1,5,0,73" ten="228,328,248,186" oya="2" hai0="28,44,45,115,55,97,83,26,82,92,126,108,106" hai1="18,93,68,59,33,96,110,43,100,132,57,131,109" hai2="74,17,3,37,40,58,2,86,64,118,78,90,42" hai3="9,113,23,87,120,22,6,98,31,95,129,121,7"/><V66/><F118/><W14/><G129/><T127/><D106/><U84/><E68/><V61/><F66/><W10/><G87/><T119/><D115/><U116/><E33/><V62/><F17/><W105/><G105/><T65/><D65/><U4/><E116/><V81/><F62/><W133/><G113/><T130/><D119/><U51/><E4/><V101/><F101/><W104/><G104/><T88/><D130/><U19/><E131/><V72/><F72/><W30/><G95/><T24/><D108/><N who="1" m="41579" /><E132/><V125/><F125/><N who="0" m="47626" /><D24/><U49/><E84/><V122/><F122/><W114/><G98/><T38/><D38/><U34/><E34/><V32/><F32/><W50/><G50/><N who="1" m="18954" /><E43/><V25/><F25/><W63/><G63/><T85/><D55/><U124/><E124/><V89/><F89/><W8/><G114/><T54/><D54/><U76/><E76/><V103/><F103/><W5/><G133/><T16/><D16/><AGARI ba="5,1" hai="16,18,19,57,59,93,96,100" m="18954,41579" machi="16" ten="30,2000,0" yaku="14,1,54,1" doraHai="73" who="1" fromWho="0" sc="228,-35,328,45,248,0,186,0" /><INIT seed="3,0,0,2,0,50" ten="193,373,248,186" oya="3" hai0="130,92,7,43,64,27,95,94,105,45,93,128,116" hai1="9,88,119,57,70,74,115,4,5,78,104,79,18" hai2="6,46,32,71,38,133,58,3,15,11,73,16,117" hai3="67,120,98,100,124,33,60,103,108,72,65,125,81"/><W96/><G33/><T82/><D116/><U31/><E70/><V1/><F117/><W51/><G120/><T75/><D105/><U69/><E69/><V131/><F71/><W61/><G51/><N who="0" m="27071" /><D64/><U91/><E104/><V114/><F73/><W8/><G8/><T56/><D56/><U23/><E31/><V2/><F131/><N who="0" m="50218" /><D7/><N who="1" m="2635" /><E9/><V121/><F133/><W13/><G13/><T10/><D10/><U87/><E74/><V28/><F114/><W113/><G113/><T122/><D92/><N who="1" m="54303" /><E115/><V49/><F58/><W12/><G72/><T21/><D75/><U37/><E37/><V35/><F38/><W0/><G12/><T85/><D122/><U66/><E119/><V62/><F62/><W36/><G36/><T40/><D40/><U20/><E20/><N who="2" m="11295" /><F35/><W77/><G0/><T127/><D127/><U14/><E66/><V68/><F68/><W134/><G134/><T86/><D82/><U48/><E91/><V89/><F89/><W39/><G39/><T83/><D83/><U129/><E129/><V34/><F34/><W41/><G81/><T22/><D21/><U111/><E111/><V55/><F121/><W29/><G108/><T42/><D42/><U107/><E107/><V106/><F106/><W132/><G132/><T19/><AGARI ba="0,0" hai="19,22,27,85,86,93,94,95" m="50218,27071" machi="19" ten="30,1100,0" yaku="19,1" doraHai="50" who="0" fromWho="0" sc="193,11,373,-3,248,-3,186,-5" /><INIT seed="4,0,0,5,5,54" ten="204,370,245,181" oya="0" hai0="5,3,4,113,111,39,76,78,125,109,28,63,64" hai1="94,58,99,70,88,71,19,128,98,14,49,83,27" hai2="127,84,41,87,118,7,122,114,79,47,12,50,57" hai3="61,133,124,8,6,22,75,21,69,45,73,134,104"/><T9/><D5/><U44/><E128/><V2/><F122/><W40/><G104/><T105/><D105/><U65/><E27/><V74/><F114/><W23/><G124/><T130/><D113/><U59/><E71/><V93/><F127/><W42/><G61/><T56/><D125/><U53/><E70/><V55/><F2/><W32/><G32/><T90/><D130/><U72/><E65/><V123/><F123/><W132/><G69/><T68/><D39/><U11/><E72/><V82/><F118/><W103/><G103/><T115/><D115/><U34/><E34/><V0/><F93/><W95/><G95/><T100/><D100/><U31/><E31/><V15/><F15/><W24/><G24/><T43/><D43/><U96/><E83/><V60/><F0/><N who="3" m="71" /><G42/><T80/><D28/><U1/><E1/><V36/><F36/><AGARI ba="0,0" hai="21,22,23,36,40,45,73,75,132,133,134" m="71" machi="36" ten="40,1300,0" yaku="20,1" doraHai="54" who="3" fromWho="2" sc="204,0,370,0,245,-13,181,13" /><INIT seed="5,0,0,2,0,2" ten="204,370,232,194" oya="1" hai0="132,7,135,59,84,76,32,85,102,31,113,100,70" hai1="40,126,13,12,21,95,57,48,107,108,51,105,18" hai2="38,60,120,17,131,88,35,46,27,80,69,44,73" hai3="3,1,99,56,36,116,109,33,86,78,94,112,133"/><U127/><E95/><V63/><F73/><W122/><G36/><T92/><D70/><U71/><E71/><V29/><F120/><W68/><G68/><T119/><D119/><U121/><E121/><V61/><F69/><W45/><G33/><T97/><D113/><U8/><E108/><V58/><F131/><W22/><G109/><T123/><D123/><U96/><E57/><V125/><F125/><N who="1" m="47625" /><E96/><V66/><F17/><W90/><G122/><T41/><D102/><U23/><E23/><V67/><F38/><W20/><G116/><T101/><D101/><U117/><E117/><V64/><F58/><W11/><G56/><T0/><D59/><U26/><E13/><V43/><F43/><W104/><G99/><T83/><D41/><U75/><E75/><V30/><REACH who="2" step="1"/><F29/><REACH who="2" ten="204,370,222,194" step="2"/><W89/><G112/><T124/><D124/><U77/><E40/><V6/><F6/><W114/><G114/><T24/><D7/><N who="1" m="3103" /><E77/><V54/><F54/><W15/><G78/><T16/><D16/><U65/><E65/><V50/><F50/><AGARI ba="0,1" hai="18,21,26,48,50,51,105,107" m="3103,47625" machi="50" ten="30,2900,0" yaku="18,1,52,1" doraHai="2" who="1" fromWho="2" sc="204,0,370,39,222,-29,194,0" /><INIT seed="5,1,0,5,5,8" ten="204,409,193,194" oya="1" hai0="51,14,69,7,34,67,85,97,113,92,13,121,24" hai1="66,91,18,68,135,61,65,112,80,43,64,82,56" hai2="134,115,132,37,101,117,5,116,33,21,94,58,95" hai3="22,77,120,127,78,100,123,122,72,11,129,55,73"/><U12/><E135/><N who="2" m="51755" /><F33/><W48/><G129/><T79/><D121/><U52/><E112/><V36/><F58/><W76/><G127/><T23/><D34/><U75/><E68/><V93/><F101/><W128/><G128/><T35/><D35/><U124/><E124/><V60/><F60/><W46/><G100/><N who="0" m="60455" /><D69/><U10/><E75/><V38/><F5/><W105/><G105/><T99/><D7/><U39/><REACH who="1" step="1"/><E91/><REACH who="1" ten="204,399,193,194" step="2"/><V31/><F115/><W119/><G73/><T87/><D113/><U104/><E104/><V44/><F44/><AGARI ba="1,1" hai="10,12,18,39,43,44,52,56,61,64,65,66,80,82" machi="44" ten="40,12000,1" yaku="1,1,52,1,54,1,53,1" doraHai="8" doraHaiUra="4" who="1" fromWho="2" sc="204,0,399,133,193,-123,194,0" /><INIT seed="5,2,0,5,3,4" ten="204,532,70,194" oya="1" hai0="109,24,6,38,1,86,21,31,112,18,10,23,7" hai1="64,123,26,115,42,90,61,41,121,37,134,27,34" hai2="108,16,33,44,79,71,20,13,52,30,60,116,39" hai3="55,73,117,113,19,122,131,107,45,94,5,104,85"/><U11/><E90/><V75/><F116/><W91/><G122/><T62/><D38/><U65/><E61/><V89/><F108/><W128/><G5/><T66/><D109/><U102/><E102/><V133/><F133/><W68/><G68/><T124/><D112/><U93/><E93/><V72/><F89/><W126/><G113/><T49/><D124/><U83/><E83/><V106/><F106/><W53/><G126/><T50/><D7/><U120/><E115/><V15/><F79/><W59/><G73/><T0/><D86/><U17/><E37/><V78/><F13/><W119/><G19/><T14/><REACH who="0" step="1"/><D1/><REACH who="0" ten="194,532,70,194" step="2"/><U110/><E110/><V99/><F39/><W81/><G117/><T25/><D25/><U29/><E27/><V46/><F99/><W36/><G119/><T70/><AGARI ba="2,1" hai="0,6,10,14,18,21,23,24,31,49,50,62,66,70" machi="70" ten="20,5200,0" yaku="1,1,0,1,7,1,52,1,53,0" doraHai="4" doraHaiUra="130" who="0" fromWho="0" sc="194,68,532,-28,70,-15,194,-15" /><INIT seed="6,0,0,3,5,54" ten="262,504,55,179" oya="2" hai0="0,58,41,105,57,24,8,26,65,107,99,119,17" hai1="102,2,124,104,122,40,44,121,126,128,97,9,101" hai2="93,64,33,59,20,10,31,68,125,30,67,85,56" hai3="71,38,134,88,36,114,43,23,46,39,19,79,135"/><V78/><F33/><W116/><G71/><T70/><D119/><U92/><E128/><V7/><F68/><W123/><G123/><N who="1" m="47114" /><E101/><V61/><F125/><W108/><G116/><T1/><D70/><U75/><E75/><V103/><F20/><W16/><G108/><T37/><D65/><N who="2" m="25162" /><F61/><W18/><G114/><T111/><D41/><U117/><E117/><V53/><F53/><W131/><G79/><T25/><D37/><N who="3" m="14441" /><G131/><T22/><D111/><U112/><E112/><V90/><F78/><W94/><G23/><T27/><D0/><U62/><E62/><V77/><F77/><W106/><G106/><T66/><D66/><U34/><E34/><V109/><F109/><W4/><G4/><T63/><D63/><U96/><E40/><V32/><F32/><W130/><G130/><T120/><D120/><U82/><E124/><V133/><F133/><N who="3" m="50699" /><G19/><T29/><D105/><U81/><E104/><V21/><F21/><W48/><G39/><T113/><D113/><U69/><E69/><V132/><F132/><W84/><AGARI ba="0,0" hai="16,18,43,46,48,84,88,94" m="50699,14441" machi="84" ten="30,4000,0" yaku="20,1,54,2" doraHai="54" who="3" fromWho="3" sc="262,-10,504,-10,55,-20,179,40" /><INIT seed="7,0,0,5,1,81" ten="252,494,35,219" oya="3" hai0="27,132,29,67,50,19,123,12,56,127,111,49,17" hai1="129,42,95,74,11,80,71,108,119,118,35,122,18" hai2="4,31,72,101,69,14,55,65,21,15,125,77,63" hai3="97,126,6,37,131,128,5,124,33,116,34,93,105"/><W70/><G37/><T16/><D111/><U117/><E71/><V68/><F101/><N who="3" m="60591" /><G70/><T58/><D123/><U94/><E35/><N who="3" m="13322" /><G105/><T102/><D132/><U86/><E74/><V13/><F125/><N who="3" m="48235" /><G116/><T82/><D127/><U99/><E122/><V85/><F72/><W1/><G1/><T78/><D102/><U10/><E108/><V110/><F110/><W54/><G54/><T26/><D12/><U121/><E121/><V45/><F69/><W24/><G24/><N who="0" m="9259" /><D29/><U62/><E42/><V76/><F31/><W48/><G48/><N who="0" m="18539" /><D67/><U106/><E106/><V115/><F115/><W107/><G107/><T133/><D133/><U44/><E117/><V64/><F64/><W7/><AGARI ba="0,0" hai="5,6,7,128,131" m="48235,13322,60591" machi="7" ten="40,2100,0" yaku="18,1" doraHai="81" who="3" fromWho="3" sc="252,-7,494,-7,35,-7,219,21" /><INIT seed="7,1,0,5,1,30" ten="245,487,28,240" oya="3" hai0="53,118,133,92,28,88,65,85,18,131,117,46,43" hai1="58,91,59,116,62,52,37,48,6,122,97,107,22" hai2="70,57,3,69,128,99,5,56,101,68,31,9,75" hai3="4,2,26,73,36,130,111,108,34,74,127,78,39"/><W60/><G130/><T83/><D131/><U64/><E37/><N who="3" m="14410" /><G60/><T71/><D133/><U32/><E32/><V45/><F128/><W96/><G96/><T82/><D53/><U129/><E129/><V124/><F75/><N who="3" m="28683" /><G78/><T126/><D126/><U25/><E122/><V106/><F124/><W95/><G95/><T63/><D28/><U115/><E6/><V109/><F109/><N who="3" m="42059" /><G127/><T132/><D132/><U79/><E79/><V134/><F134/><W103/><G103/><T10/><D83/><U49/><E97/><V54/><F45/><W100/><G100/><T7/><D18/><U17/><E17/><V15/><F15/><W104/><G104/><T14/><D92/><U102/><E102/><V81/><F81/><W120/><G120/><T123/><D123/><U40/><E62/><V1/><F1/><W38/><G38/><AGARI ba="1,0" hai="7,10,14,38,43,46,63,65,71,82,85,88,117,118" machi="38" ten="30,2000,0" yaku="7,1,54,1" doraHai="30" who="0" fromWho="3" sc="245,23,487,0,28,0,240,-23" owari="268,7.0,487,58.0,28,-47.0,217,-18.0" /></mjloggm>