<mjloggm ver="2.3"><GO type="169" lobby="0"/><UN n0="%61%69%73%6D" n1="%39%39%39" n2="%E5%89%AF%E5%AF%AE%E9%95%B7" n3="%E5%B1%B1%E5%B9%B8%E5%95%86%E5%BA%97" dan="16,17,16,16" rate="2101.87,2171.88,2081.51,2173.54" sx="M,F,M,M"/><TAIKYOKU oya="0"/><INIT seed="0,0,0,2,0,74" ten="250,250,250,250" oya="0" hai0="110,6,52,98,125,114,41,75,120,7,3,117,86" hai1="64,107,96,72,92,67,51,12,40,16,47,10,104" hai2="82,48,62,122,61,94,88,124,1,21,132,93,71" hai3="14,23,46,50,38,116,37,123,80,126,57,113,91"/><T5/><D114/><U44/><E72/><V31/><F122/><W13/><G113/><T56/><D75/><U95/><E47/><V32/><F32/><W79/><G116/><T130/><D120/><U20/><E92/><V85/><F1/><W84/><G123/><T108/><D117/><U103/><REACH who="1" step="1"/><E10/><REACH who="1" ten="250,240,250,250" step="2"/><V77/><F94/><W81/><G126/><T99/><D125/><U17/><E17/><V134/><F124/><W135/><G135/><N who="2" m="51753" /><F71/><W30/><G38/><T112/><D112/><U90/><E90/><V26/><F48/><W109/><G37/><T111/><D130/><U83/><E83/><V42/><F42/><W2/><G80/><T39/><D41/><U15/><E15/><V54/><F54/><W73/><G2/><T127/><D39/><U121/><E121/><V11/><F11/><W8/><G91/><T35/><D3/><U102/><E102/><V36/><F36/><W68/><G73/><AGARI ba="0,1" hai="21,26,31,61,62,73,77,82,85,88,93" m="51753" machi="73" ten="30,3900,0" yaku="20,1,52,1,54,1" doraHai="74" who="2" fromWho="3" sc="250,0,240,0,250,49,250,-39" /><INIT seed="1,0,0,3,0,34" ten="250,240,299,211" oya="1" hai0="84,59,102,104,19,103,128,121,13,77,15,38,2" hai1="7,61,120,44,69,131,8,23,45,50,49,57,118" hai2="30,22,79,123,97,135,100,101,17,108,70,33,111" hai3="27,48,117,29,85,71,11,28,95,53,83,130,54"/><U92/><E118/><V115/><F123/><W132/><G71/><T25/><D38/><U113/><E120/><V65/><F135/><W99/><G117/><T20/><D2/><U110/><E113/><V43/><F115/><W106/><G106/><T87/><D128/><U41/><E69/><V114/><F114/><W63/><G132/><T42/><D104/><U129/><E110/><V98/><F33/><W80/><G11/><T31/><D42/><U32/><E32/><V51/><F30/><W72/><G72/><T21/><D121/><U82/><E82/><V67/><F79/><W122/><G130/><N who="1" m="49674" /><E23/><V107/><F43/><W4/><G4/><T126/><D126/><U119/><E92/><N who="2" m="58407" /><F51/><N who="1" m="19465" /><E41/><V116/><F70/><W3/><G122/><T93/><D77/><U0/><E119/><V37/><F37/><W68/><G83/><T81/><D81/><U18/><E18/><V124/><F124/><W52/><G29/><T36/><D36/><U76/><E76/><V1/><F1/><W127/><G127/><T78/><D78/><U60/><E60/><V16/><F116/><W125/><G80/><T39/><D39/><U26/><E26/><N who="2" m="14663" /><F17/><W75/><G125/><T112/><D112/><U58/><E58/><V64/><F108/><W91/><G68/><T89/><D59/><U109/><E109/><V10/><F111/><W90/><G63/><T73/><D73/><U88/><E88/><V6/><F10/><W62/><G75/><T12/><D87/><U94/><E94/><N who="2" m="58583" /><F6/><W96/><G96/><T133/><D133/><U74/><E74/><V55/><F107/><RYUUKYOKU ba="0,0" sc="250,10,240,10,299,10,211,-30" hai0="12,13,15,19,20,21,25,31,84,89,93,102,103" hai1="0,7,8,44,45,57,61" hai2="55,64,65,67" /><INIT seed="1,1,0,4,4,15" ten="260,250,309,181" oya="1" hai0="28,13,54,72,117,34,101,44,98,11,87,111,134" hai1="81,110,89,10,36,42,108,125,9,70,46,130,96" hai2="119,21,27,127,4,80,126,40,83,94,132,58,91" hai3="65,20,105,49,118,57,23,107,114,64,99,63,97"/><U19/><E130/><V82/><F119/><W88/><G118/><T109/><D72/><U32/><E125/><N who="2" m="47627" /><F132/><W5/><G5/><T55/><D134/><U79/><E70/><V33/><F40/><W135/><G135/><T53/><D117/><U102/><E32/><V116/><F116/><W16/><G114/><T128/><D128/><U71/><E89/><V120/><F120/><W24/><G65/><T35/><D87/><N who="1" m="48575" /><E71/><V115/><F115/><W29/><G49/><T104/><D44/><U30/><E30/><V39/><F39/><W103/><G105/><T47/><D47/><U56/><E56/><V3/><F33/><W38/><G38/><T84/><D84/><U112/><E19/><N who="2" m="12735" /><F58/><W50/><G50/><T77/><D77/><U7/><E7/><V124/><F124/><W61/><G61/><T60/><D60/><U41/><E41/><V95/><F91/><W73/><G73/><T106/><D106/><U90/><E90/><V31/><F31/><W78/><G78/><T14/><D28/><U0/><E0/><V69/><F69/><W133/><G133/><T74/><D74/><U2/><E2/><V67/><F67/><W25/><G88/><T85/><D85/><U12/><E12/><V45/><F45/><W66/><G66/><T68/><D13/><U59/><E59/><V129/><F129/><W100/><G107/><T26/><D68/><U75/><E75/><V18/><F18/><W92/><G103/><T121/><D121/><U6/><E6/><V1/><F4/><W8/><G99/><T131/><D131/><U52/><E112/><RYUUKYOKU ba="1,0" sc="260,-15,250,-15,309,15,181,15" hai2="1,3,80,82,83,94,95" hai3="8,16,20,23,24,25,29,57,63,64,92,97,100" /><INIT seed="2,2,0,5,3,135" ten="245,235,324,196" oya="2" hai0="58,131,134,25,67,65,20,75,120,59,17,108,117" hai1="7,128,41,77,37,89,122,130,127,133,116,123,109" hai2="30,74,86,97,113,3,88,49,31,32,132,55,61" hai3="16,15,76,92,2,110,114,73,53,96,43,106,62"/><V21/><F74/><W33/><G2/><T104/><D104/><U12/><E109/><V36/><F32/><W100/><G33/><T57/><D75/><U69/><E116/><V94/><F36/><W87/><G110/><T35/><D120/><N who="1" m="46123" /><E133/><V101/><F113/><W39/><G43/><T9/><D134/><U5/><E69/><V23/><F3/><W107/><G39/><T45/><D117/><U72/><E89/><V82/><F61/><W22/><G114/><T121/><D121/><U44/><E127/><V118/><F118/><W102/><G102/><T84/><D131/><N who="1" m="50219" /><E12/><V52/><F55/><W112/><G112/><T6/><D108/><U40/><E40/><V90/><F101/><W71/><G53/><T34/><D34/><U26/><E26/><V46/><F132/><W91/><G107/><T48/><D35/><U99/><E99/><V124/><F124/><W24/><G24/><T83/><D67/><U13/><E13/><V56/><F56/><W70/><G62/><T38/><D65/><U98/><E98/><V29/><AGARI ba="2,0" hai="21,23,29,30,31,46,49,52,82,86,88,90,94,97" machi="29" ten="30,11700,0" yaku="0,1,8,1,54,2" doraHai="135" who="2" fromWho="2" sc="245,-41,235,-41,324,123,196,-41" /><INIT seed="2,3,0,3,2,126" ten="204,194,447,155" oya="2" hai0="35,37,111,95,116,72,49,70,27,82,106,88,89" hai1="32,59,56,94,53,42,36,6,61,110,11,55,113" hai2="48,69,84,123,97,121,75,51,86,45,90,67,33" hai3="109,3,134,133,77,15,29,112,117,8,81,108,120"/><V7/><F33/><W93/><G120/><T98/><D37/><U107/><E113/><V131/><F75/><W46/><G112/><T100/><D70/><U132/><E107/><V96/><F7/><W124/><G117/><T87/><D116/><U50/><E32/><V135/><F69/><W115/><G115/><T105/><D35/><U52/><E110/><N who="3" m="42602" /><G29/><T64/><D64/><U91/><E132/><N who="3" m="50794" /><G46/><T74/><D27/><U28/><E28/><V99/><F67/><W78/><G3/><T63/><D63/><U1/><E36/><V79/><F135/><W19/><G124/><T128/><D49/><U71/><E71/><V114/><F114/><W22/><G81/><T122/><D122/><U73/><E42/><V85/><F45/><W54/><G54/><T92/><D128/><U0/><E0/><V4/><F131/><W60/><G60/><T2/><D2/><U68/><E68/><V43/><F43/><W80/><G80/><T10/><D10/><U83/><E83/><V130/><F130/><W25/><G93/><T5/><D5/><U101/><E50/><V103/><F4/><N who="3" m="3463" /><G78/><T127/><D127/><U12/><E1/><V65/><F79/><W38/><G77/><T30/><D30/><U44/><E44/><V17/><F123/><W58/><G58/><T16/><D111/><U31/><E31/><V18/><F121/><W47/><G47/><T34/><D34/><U9/><E61/><V104/><F65/><W24/><G38/><T102/><D16/><U125/><E59/><V26/><F18/><W119/><G119/><T118/><D118/><RYUUKYOKU ba="3,0" sc="204,-10,194,-10,447,-10,155,30" hai3="19,22,24,25" /><INIT seed="3,4,0,3,2,84" ten="194,184,437,185" oya="3" hai0="38,54,69,4,114,133,25,92,29,52,104,49,120" hai1="62,6,82,115,125,51,108,111,123,124,105,121,45" hai2="19,72,30,88,68,76,21,0,33,135,8,112,23" hai3="122,34,10,15,70,57,58,100,87,98,134,118,42"/><W48/><G70/><T64/><D104/><U20/><E6/><V2/><F68/><W31/><G122/><N who="1" m="46602" /><E105/><V78/><F112/><W73/><G73/><T43/><D114/><U14/><E82/><V117/><F117/><W107/><G118/><T61/><D120/><U85/><E85/><V50/><F135/><W116/><G134/><T119/><D119/><U67/><E20/><V126/><F126/><N who="1" m="48745" /><E14/><V9/><F72/><W28/><G116/><T26/><D4/><U86/><E86/><V7/><F76/><W37/><G37/><T129/><D129/><U77/><E77/><V110/><F78/><W94/><G34/><T3/><D3/><U127/><E115/><V103/><F103/><W89/><G31/><T59/><D133/><U130/><E130/><V35/><F7/><N who="3" m="3551" /><G28/><T53/><D25/><U17/><E17/><V99/><F19/><W128/><G128/><T5/><D5/><U12/><E12/><V44/><F99/><W60/><G107/><T101/><D101/><U11/><E11/><V18/><F18/><W81/><G60/><T131/><D92/><U90/><E90/><V40/><F30/><W65/><G65/><T66/><D66/><U102/><E102/><V46/><F88/><W91/><G100/><T41/><D131/><U96/><E96/><V74/><F74/><W106/><G106/><T39/><D26/><U75/><E75/><V113/><F113/><W83/><G83/><T80/><D80/><U16/><E16/><V71/><F35/><W1/><G1/><T63/><D29/><U132/><E127/><V13/><F33/><RYUUKYOKU ba="4,0" sc="194,-10,184,-10,437,-10,185,30" hai3="42,48,57,58,81,87,89,91,94,98" /><INIT seed="3,5,0,4,5,18" ten="184,174,427,215" oya="3" hai0="6,26,117,32,81,20,90,109,54,16,9,66,108" hai1="116,11,27,38,113,46,55,39,131,59,105,128,114" hai2="95,58,8,76,60,96,122,17,86,41,102,62,48" hai3="61,80,67,94,7,42,112,84,126,72,5,124,56"/><W115/><G94/><T28/><D117/><U49/><E105/><V75/><F122/><W19/><G72/><T71/><D71/><U30/><E11/><V104/><F41/><W127/><G42/><T132/><D66/><U103/><E103/><V3/><F3/><W70/><G70/><T15/><D54/><U23/><E116/><V119/><F119/><W64/><G64/><T47/><D47/><U10/><E10/><V120/><F120/><W50/><G50/><T33/><D90/><U13/><E13/><N who="2" m="7335" /><F75/><W130/><G19/><T123/><D81/><U2/><E2/><V93/><F104/><W35/><G35/><N who="0" m="13387" /><D123/><U85/><E85/><V40/><F40/><W73/><G73/><T0/><D132/><U63/><E39/><V25/><F25/><W69/><G69/><T12/><D12/><U133/><E38/><V106/><F106/><W78/><REACH who="3" step="1"/><G130/><REACH who="3" ten="184,174,427,205" step="2"/><N who="1" m="49706" /><E133/><V97/><F95/><W31/><G31/><T82/><D82/><U45/><E45/><V83/><F97/><W92/><G92/><T43/><D43/><AGARI ba="5,1" hai="23,27,30,43,46,49,55,59,63,113,114" m="49706" machi="43" ten="30,2000,0" yaku="19,1,52,1" doraHai="18" who="1" fromWho="0" sc="184,-35,174,45,427,0,205,0" /><INIT seed="4,0,0,0,1,87" ten="149,219,427,205" oya="0" hai0="91,93,61,125,56,53,49,29,16,67,126,12,31" hai1="127,27,45,48,124,128,13,30,118,121,133,33,81" hai2="40,116,132,23,98,112,113,110,123,25,5,107,78" hai3="97,1,120,82,79,65,54,6,46,34,66,18,10"/><T96/><D126/><N who="1" m="48171" /><E118/><V51/><F110/><W3/><G34/><T69/><REACH who="0" step="1"/><D125/><REACH who="0" ten="139,219,427,205" step="2"/><U26/><E121/><V32/><F123/><W75/><G120/><T50/><D50/><U70/><E48/><V35/><F51/><W11/><G46/><T7/><D7/><U84/><E45/><V57/><F5/><W92/><G54/><T90/><D90/><U94/><E128/><V99/><F40/><W68/><G68/><T42/><D42/><U62/><E70/><V130/><F116/><W24/><G1/><T131/><D131/><U86/><E133/><V19/><F130/><W101/><G65/><T39/><D39/><U122/><E122/><V17/><F132/><W85/><G66/><T100/><D100/><U129/><E129/><V0/><F0/><W117/><G117/><T111/><D111/><U109/><E109/><V63/><F113/><W2/><G2/><T58/><D58/><U89/><E62/><V36/><F112/><W37/><G37/><T80/><D80/><U88/><E26/><V20/><F36/><W4/><G4/><T15/><D15/><AGARI ba="0,1" hai="13,15,27,30,33,81,84,86,88,89,94" m="48171" machi="15" ten="30,7700,0" yaku="18,1,52,2,54,1" doraHai="87" who="1" fromWho="0" sc="139,-77,219,87,427,0,205,0" /><INIT seed="5,0,0,4,1,41" ten="62,306,427,205" oya="1" hai0="104,108,54,58,23,65,120,57,18,61,56,88,118" hai1="135,50,67,60,17,74,119,103,73,24,36,39,30" hai2="15,38,66,40,76,16,62,3,69,68,133,80,26" hai3="64,116,22,101,10,2,124,37,12,47,92,46,32"/><U97/><E119/><V100/><F3/><W34/><G37/><T9/><D104/><U128/><E128/><V49/><F133/><W87/><G64/><T110/><D118/><U44/><E135/><V59/><F100/><W42/><G116/><T132/><D120/><U125/><E17/><V114/><F114/><W33/><G42/><T94/><D132/><U0/><E0/><V90/><F26/><W5/><G124/><T115/><D115/><U71/><E36/><V134/><F134/><W51/><G51/><T29/><D9/><U102/><E39/><V86/><F38/><W52/><G52/><T109/><D29/><U13/><E13/><V106/><F106/><W122/><G122/><T1/><D1/><U77/><E77/><V129/><F129/><W8/><G22/><T27/><REACH who="0" step="1"/><D65/><REACH who="0" ten="52,306,427,205" step="2"/><U117/><E117/><V14/><F66/><W111/><G111/><T79/><D79/><U96/><E125/><V89/><F76/><W11/><G11/><T130/><D130/><U19/><E30/><V93/><F69/><W63/><G10/><T131/><D131/><U7/><E67/><V28/><F68/><W123/><G2/><T6/><D6/><U126/><E71/><V85/><F28/><W99/><G123/><T83/><D83/><U127/><E7/><V81/><F81/><W35/><N who="3" m="8704" /><DORA hai="31" /><W112/><G112/><T4/><D4/><U75/><E127/><V107/><F80/><W113/><G113/><T55/><D55/><U45/><E126/><V72/><F107/><W98/><G8/><T91/><D91/><U105/><E105/><RYUUKYOKU ba="0,1" sc="52,30,306,-10,427,-10,205,-10" hai0="18,23,27,54,56,57,58,61,88,94,108,109,110" /><INIT seed="6,1,1,1,4,3" ten="82,296,417,195" oya="2" hai0="95,103,68,135,49,70,61,122,15,34,126,74,60" hai1="64,114,90,12,28,32,42,96,58,99,113,112,55" hai2="93,52,98,80,84,73,53,107,63,91,24,39,101" hai3="16,7,26,79,23,121,125,77,128,83,67,105,44"/><V81/><F39/><W100/><G121/><T109/><D74/><U11/><E64/><V85/><F24/><W72/><G77/><T119/><D34/><U69/><E69/><V133/><F133/><W134/><G67/><T0/><D135/><U89/><E42/><V127/><F127/><W41/><G134/><T38/><D126/><U33/><E96/><V9/><F9/><W43/><G43/><T62/><D0/><U19/><E28/><V25/><F25/><W46/><G46/><T130/><D38/><U5/><E19/><V78/><F63/><W82/><G82/><T18/><D122/><U17/><E17/><V29/><F29/><W131/><G125/><T47/><D119/><U10/><E10/><V13/><F13/><W56/><G56/><T75/><D75/><U65/><E65/><V117/><F117/><W37/><G100/><T36/><D36/><U51/><E99/><V116/><F116/><W6/><G105/><T120/><D120/><U106/><E106/><V59/><F59/><W132/><G132/><T104/><D104/><U21/><E21/><V27/><F27/><W123/><G123/><T22/><D70/><U111/><E111/><V115/><F115/><W86/><G86/><T92/><D109/><U124/><E124/><V88/><AGARI ba="1,1" hai="52,53,73,78,80,81,84,85,88,91,93,98,101,107" machi="88" ten="20,18000,2" yaku="0,1,7,1,24,2,54,2" doraHai="3" who="2" fromWho="2" sc="82,-61,296,-61,417,193,195,-61" /><INIT seed="6,2,0,1,0,50" ten="21,235,610,134" oya="2" hai0="53,54,65,39,69,32,80,97,45,30,36,91,57" hai1="17,7,55,77,111,85,4,37,100,24,132,135,68" hai2="23,44,72,26,92,2,8,9,120,22,29,31,10" hai3="61,75,16,13,25,134,48,47,128,86,52,130,62"/><V34/><F72/><W82/><G75/><T19/><D32/><U63/><E37/><V99/><F44/><W6/><G6/><T56/><D30/><U124/><E124/><V5/><F92/><W66/><G25/><T129/><D129/><N who="3" m="49769" /><G66/><T108/><D108/><U33/><E111/><V115/><F99/><W131/><G134/><N who="1" m="51242" /><E100/><V114/><F120/><W0/><G0/><T96/><D69/><U58/><E68/><V40/><F40/><W109/><G109/><T21/><D36/><U74/><E74/><V42/><F42/><W51/><G51/><N who="0" m="28911" /><D39/><U3/><E3/><V105/><F105/><W15/><G15/><N who="0" m="9471" /><D65/><U113/><E113/><N who="2" m="43019" /><F34/><W94/><G94/><T127/><D57/><U103/><E103/><V112/><F112/><W89/><G131/><T46/><D46/><U123/><E123/><V78/><F78/><W102/><G102/><T49/><D127/><U88/><E77/><V27/><AGARI ba="2,0" hai="2,5,8,9,10,22,23,26,27,29,31" m="43019" machi="27" ten="30,6000,0" yaku="15,1,34,2" doraHai="50" who="2" fromWho="2" sc="21,-22,235,-22,610,66,134,-22" owari="-1,-50.0,213,1.0,676,78.0,112,-29.0" /></mjloggm>