<mjloggm ver="2.3"><GO type="169" lobby="0"/><UN n0="%E5%B2%A1%E6%9D%91%E9%9D%96%E5%B9%B8" n1="%EF%BC%BC%28%EF%BC%BE%6F%EF%BC%BE%29%EF%BC%8F%E2%98%85" n2="%E3%81%BE%E3%81%8A%E3%82%89%E3%82%93" n3="%39%39%39" dan="16,19,17,17" rate="2166.37,2230.52,2196.14,2188.91" sx="M,M,F,F"/><TAIKYOKU oya="0"/><INIT seed="0,0,0,2,1,84" ten="250,250,250,250" oya="0" hai0="69,114,68,49,53,31,26,130,28,48,16,81,107" hai1="30,117,105,90,108,37,126,79,64,77,92,52,11" hai2="25,47,120,122,45,39,109,121,38,27,0,19,75" hai3="67,56,115,17,95,54,100,42,18,125,66,102,9"/><T85/><D114/><U7/><E105/><V118/><F19/><N who="3" m="7179" /><G42/><T132/><D107/><U101/><E37/><N who="2" m="13835" /><F0/><W41/><G115/><T116/><D116/><U97/><E117/><V89/><F118/><W1/><G125/><T4/><D4/><U33/><E126/><V57/><F57/><W123/><G1/><T96/><D68/><U50/><E64/><N who="3" m="24618" /><G123/><T119/><D69/><U106/><E108/><V63/><F63/><N who="3" m="36247" /><G41/><T24/><D119/><U103/><E30/><N who="0" m="11305" /><D24/><N who="2" m="9290" /><F75/><W110/><G110/><T124/><D124/><U62/><E62/><V112/><F109/><W94/><G9/><T29/><D29/><U87/><E103/><AGARI ba="0,0" hai="94,95,100,102,103" m="36247,24618,7179" machi="103" ten="30,1000,0" yaku="8,1" doraHai="84" who="3" fromWho="1" sc="250,0,250,-10,250,0,250,10" /><INIT seed="1,0,0,5,0,40" ten="250,240,250,260" oya="1" hai0="7,132,71,36,112,79,105,22,111,106,109,102,73" hai1="20,87,110,53,14,3,94,24,31,49,93,48,115" hai2="123,117,6,0,51,38,108,104,54,122,32,67,96" hai3="50,100,11,101,119,42,97,17,103,18,23,135,62"/><U52/><E3/><V130/><F67/><W12/><G119/><T98/><D112/><U19/><E115/><V120/><F32/><W86/><G135/><T35/><D22/><U74/><E74/><V8/><F38/><W75/><G75/><T27/><D132/><U55/><E110/><N who="0" m="41993" /><D7/><U81/><E94/><V33/><F33/><W25/><G62/><T77/><D77/><U26/><E93/><V128/><F108/><W124/><G124/><T70/><D105/><U83/><E83/><V80/><F80/><W63/><G63/><T131/><D131/><N who="2" m="50218" /><F117/><W56/><G86/><T84/><D84/><U13/><E13/><V5/><F5/><W95/><REACH who="3" step="1"/><G56/><REACH who="3" ten="250,240,250,250" step="2"/><T82/><D71/><U76/><REACH who="1" step="1"/><E26/><REACH who="1" ten="250,230,250,250" step="2"/><V43/><F123/><W91/><G91/><T2/><D73/><U29/><E29/><V28/><F28/><W34/><G34/><AGARI ba="0,2" hai="14,19,20,24,31,34,48,49,52,53,55,76,81,87" machi="34" ten="40,3900,0" yaku="1,1,54,1,53,0" doraHai="40" doraHaiUra="125" who="1" fromWho="3" sc="250,0,230,59,250,0,250,-39" /><INIT seed="1,1,0,2,0,55" ten="250,289,250,211" oya="1" hai0="13,36,70,14,41,42,32,35,61,82,123,130,98" hai1="52,19,115,79,66,126,107,34,17,102,10,112,97" hai2="68,89,11,111,83,37,90,133,44,96,53,48,116" hai3="105,26,128,45,7,109,91,8,43,118,117,12,127"/><U78/><E34/><V92/><F68/><W20/><G109/><T110/><D110/><U71/><E126/><V60/><F111/><W87/><G127/><T94/><D130/><U54/><E71/><V132/><F37/><W86/><G105/><T49/><D36/><U56/><E66/><V101/><F116/><N who="3" m="44651" /><G91/><T18/><D123/><U38/><E38/><V65/><F11/><W47/><G128/><T28/><D28/><U59/><E10/><V22/><F22/><W67/><G67/><T21/><D13/><U0/><E0/><V46/><F46/><N who="3" m="17419" /><G43/><T30/><D42/><U124/><E124/><V106/><F83/><W75/><G75/><T85/><D41/><U81/><E81/><V72/><F72/><W5/><G5/><T113/><D49/><U62/><E79/><V24/><F90/><W69/><G69/><T58/><D70/><U77/><E78/><V95/><F106/><W108/><G108/><T25/><D32/><U134/><E77/><V2/><F89/><W23/><G23/><T121/><D121/><U93/><E107/><V73/><F95/><W129/><G129/><T120/><D120/><U76/><E76/><V1/><F73/><W3/><G3/><T27/><D82/><U99/><E99/><V4/><F4/><W29/><AGARI ba="1,0" hai="7,8,12,20,26,29,86,87" m="17419,44651" machi="29" ten="30,1100,0" yaku="12,1" doraHai="55" who="3" fromWho="3" sc="250,-4,289,-6,250,-4,211,14" /><INIT seed="2,0,0,4,4,38" ten="246,283,246,225" oya="2" hai0="35,128,39,31,101,118,113,74,52,77,132,98,69" hai1="76,29,70,75,11,91,40,14,7,89,114,22,71" hai2="26,111,59,10,105,125,34,120,43,95,124,33,79" hai3="133,19,53,131,21,23,107,30,32,97,99,87,61"/><V28/><F105/><W8/><G133/><T106/><RYUUKYOKU type="yao9" ba="0,0" sc="246,0,283,0,246,0,225,0" hai0="31,35,39,52,69,74,77,98,101,106,113,118,128,132" /><INIT seed="2,1,0,0,2,17" ten="246,283,246,225" oya="2" hai0="93,78,49,4,44,9,131,102,36,116,2,13,98" hai1="135,16,53,52,127,60,29,32,70,79,27,115,88" hai2="76,8,1,26,120,11,81,66,28,105,91,63,133" hai3="129,106,71,21,24,123,5,132,112,68,58,73,134"/><V45/><F120/><W3/><G123/><T130/><D116/><U35/><E115/><V117/><F117/><W40/><G112/><T110/><D110/><U101/><E135/><N who="3" m="51754" /><G129/><T109/><D109/><U0/><E0/><V37/><F91/><W86/><G73/><T96/><D36/><U64/><E127/><V6/><F105/><W41/><G106/><T7/><D7/><U80/><E35/><V77/><F11/><N who="3" m="2495" /><G58/><T113/><D113/><U25/><E101/><V108/><F133/><W33/><G33/><T104/><D2/><U47/><E47/><V82/><F108/><W43/><G86/><T128/><D78/><U126/><E126/><V94/><F77/><W57/><G57/><T10/><D10/><U75/><REACH who="1" step="1"/><E88/><REACH who="1" ten="246,273,246,225" step="2"/><V95/><F45/><W103/><G103/><N who="0" m="60815" /><D44/><U90/><E90/><V62/><F76/><W83/><G83/><T34/><D34/><U124/><E124/><V121/><F81/><W114/><G114/><T97/><D97/><U31/><E31/><AGARI ba="1,1" hai="21,24,31,40,41,43,68,71" m="2495,51754" machi="31" ten="30,2000,0" yaku="20,1,52,1" doraHai="17" who="3" fromWho="1" sc="246,0,273,-23,246,0,225,33" /><INIT seed="3,0,0,1,1,29" ten="246,250,246,258" oya="3" hai0="30,121,19,127,78,116,37,32,9,15,18,83,17" hai1="86,14,47,22,66,45,101,126,131,13,23,135,50" hai2="62,21,55,49,119,63,34,54,111,118,92,77,51" hai3="107,56,134,95,103,10,75,57,72,117,41,59,91"/><W120/><G120/><T39/><D121/><U67/><E135/><V76/><F21/><W114/><G117/><T79/><D116/><U44/><E126/><V1/><F92/><W25/><G114/><T98/><D127/><U65/><E131/><V122/><F122/><W110/><G134/><T11/><D79/><U48/><E101/><V0/><F111/><W96/><G110/><T6/><D11/><U99/><E99/><V26/><F26/><W4/><G25/><T129/><D129/><U100/><E100/><V106/><F106/><W52/><G41/><T94/><D30/><U36/><E86/><V82/><F82/><W71/><G71/><T35/><D39/><U70/><E36/><V8/><F8/><W64/><G64/><T58/><D58/><U46/><E70/><V80/><F80/><W125/><G125/><T68/><D37/><U33/><E33/><AGARI ba="0,0" hai="0,1,33,34,49,51,54,55,62,63,76,77,118,119" machi="33" ten="25,6400,0" yaku="22,2,52,2" doraHai="29" who="2" fromWho="1" sc="246,0,250,-64,246,64,258,0" /><INIT seed="4,0,0,4,3,45" ten="246,186,310,258" oya="0" hai0="23,122,73,14,129,10,101,71,107,2,77,8,132" hai1="38,3,97,64,72,48,30,88,41,118,91,82,25" hai2="120,134,133,96,76,108,63,103,19,113,100,95,37" hai3="26,130,111,40,34,70,94,86,112,32,29,15,84"/><T13/><D122/><U85/><E72/><V117/><F37/><W12/><G111/><T104/><D71/><U65/><E38/><V5/><F120/><W16/><G112/><T135/><D129/><U102/><E3/><V110/><F5/><W52/><G130/><T131/><D131/><U0/><E0/><V128/><F128/><W67/><G34/><T4/><D23/><N who="1" m="15679" /><E118/><V68/><F117/><W90/><G40/><T126/><D2/><U62/><E102/><V66/><F103/><W31/><G31/><T49/><D101/><U47/><E62/><V61/><F61/><W89/><G67/><N who="1" m="25674" /><E97/><V54/><F113/><W21/><G70/><T79/><D126/><U1/><E1/><V9/><F108/><W121/><G121/><T74/><REACH who="0" step="1"/><D4/><REACH who="0" ten="236,186,310,258" step="2"/><U87/><E87/><V115/><F115/><W39/><G84/><T127/><D127/><U46/><E46/><V51/><F110/><W44/><G86/><T106/><D106/><U75/><E75/><V98/><F68/><W11/><G94/><T42/><D42/><U22/><E22/><V43/><F95/><W105/><G105/><T27/><D27/><U59/><E59/><V56/><F43/><W119/><G119/><T6/><D6/><U57/><E57/><V80/><F56/><W24/><G24/><T36/><D36/><U83/><E83/><V50/><F80/><W7/><G39/><T123/><D123/><U53/><E41/><V35/><F98/><W20/><G20/><T92/><D92/><U58/><E58/><V60/><F96/><W109/><G109/><T114/><D114/><RYUUKYOKU ba="0,1" sc="236,10,186,10,310,-30,258,10" hai0="8,10,13,14,49,73,74,77,79,104,107,132,135" hai1="47,48,53,82,85,88,91" hai3="7,11,12,15,16,21,26,29,32,44,52,89,90" /><INIT seed="4,1,1,1,5,43" ten="246,196,280,268" oya="0" hai0="107,117,12,17,55,111,87,1,100,129,0,106,48" hai1="120,74,53,46,56,92,121,63,4,132,22,85,116" hai2="127,80,133,38,114,89,131,16,33,108,10,105,60" hai3="3,76,75,113,50,95,130,83,77,19,23,30,18"/><T104/><D117/><U84/><E74/><V93/><F33/><W135/><G113/><T97/><D129/><U37/><E116/><V47/><F105/><W98/><G130/><T61/><D111/><U14/><E132/><V64/><F108/><W72/><G135/><T36/><D36/><U24/><E121/><V128/><F80/><W59/><G3/><T34/><D34/><U99/><E120/><V58/><F133/><W51/><G30/><T9/><D61/><U49/><E37/><V81/><F81/><W62/><G76/><T8/><D0/><U88/><E14/><V13/><F114/><W119/><G72/><T35/><D35/><U7/><E7/><V45/><F127/><W110/><G110/><T66/><D66/><U29/><E4/><V26/><F38/><W5/><G5/><T39/><D39/><U6/><E6/><N who="2" m="3287" /><F131/><W11/><G11/><T118/><D1/><U94/><E92/><V122/><F122/><W41/><G41/><AGARI ba="1,1" hai="22,24,29,41,46,49,53,56,63,84,85,88,94,99" machi="41" ten="30,7700,0" yaku="7,1,8,1,52,1,54,1" doraHai="43" who="1" fromWho="3" sc="246,0,196,90,280,0,268,-80" /><INIT seed="5,0,0,3,2,119" ten="246,286,280,188" oya="1" hai0="14,51,67,54,37,86,3,90,122,68,28,85,105" hai1="102,72,39,5,1,29,101,100,123,13,116,32,111" hai2="131,53,118,7,15,44,50,36,124,46,99,125,56" hai3="10,92,65,84,26,129,114,83,77,20,71,12,2"/><U35/><E116/><V127/><F118/><W69/><G129/><T33/><D3/><U21/><E39/><V81/><F131/><W106/><G114/><T95/><D37/><U34/><E72/><V87/><F36/><W49/><G106/><T30/><D105/><U94/><E111/><V11/><REACH who="2" step="1"/><F99/><REACH who="2" ten="246,286,270,188" step="2"/><W121/><G121/><T41/><D122/><U103/><E123/><V57/><F57/><W27/><G69/><T73/><D68/><U128/><E128/><V108/><F108/><W22/><G71/><T45/><D45/><U79/><E103/><V23/><F23/><W133/><G22/><T25/><D33/><U70/><E70/><V4/><F4/><W109/><G109/><T107/><D73/><U89/><E5/><V17/><F17/><W64/><G20/><T31/><D85/><U120/><E120/><V0/><F0/><W135/><G84/><T93/><D86/><U8/><E1/><V104/><F104/><W66/><G2/><T76/><D107/><U97/><E21/><V117/><F117/><W112/><G112/><T19/><D19/><U63/><E34/><V16/><F16/><W134/><G134/><T113/><D113/><U62/><E35/><V115/><F115/><W126/><G135/><T6/><D6/><N who="1" m="3223" /><E32/><V18/><F18/><W24/><G133/><T40/><D14/><U98/><E98/><V74/><F74/><W60/><G12/><T55/><D28/><U48/><E29/><V82/><F82/><W9/><G83/><T96/><D30/><U130/><E130/><V61/><F61/><N who="1" m="23049" /><E48/><V132/><F132/><RYUUKYOKU ba="0,1" sc="246,-15,286,15,270,15,188,-15" hai1="79,89,94,97,100,101,102" hai2="7,11,15,44,46,50,53,56,81,87,124,125,127" /><INIT seed="5,1,1,4,4,106" ten="231,301,285,173" oya="1" hai0="39,97,49,52,58,121,78,5,83,36,129,91,11" hai1="27,35,72,23,74,15,22,90,54,103,55,33,110" hai2="135,14,92,123,134,76,7,8,30,21,126,128,56" hai3="79,77,34,57,115,116,71,38,102,80,108,51,68"/><U118/><E118/><V63/><F123/><W111/><G115/><T94/><D129/><U98/><E90/><V125/><F76/><W81/><G38/><T26/><D26/><U2/><E2/><V37/><F37/><W124/><G124/><N who="2" m="47721" /><F92/><W107/><G116/><T42/><D42/><U69/><E69/><V85/><F85/><W59/><G34/><T66/><D66/><U4/><E110/><V1/><F30/><W13/><G13/><T24/><D24/><U43/><E43/><V104/><F104/><W120/><G51/><T100/><D100/><U82/><E82/><V10/><F21/><W132/><G107/><T122/><D122/><U70/><E70/><V119/><F119/><W117/><G120/><T41/><D41/><U96/><E27/><V28/><F28/><W46/><G117/><T64/><D64/><U95/><E95/><V109/><F109/><W75/><G102/><T87/><REACH who="0" step="1"/><D121/><REACH who="0" ten="221,301,285,173" step="2"/><U47/><E103/><V0/><F128/><W101/><G101/><T20/><D20/><U65/><E65/><N who="2" m="39143" /><F8/><W99/><G108/><T84/><D84/><U93/><E23/><V130/><F130/><W86/><G111/><T12/><AGARI ba="1,2" hai="5,11,12,36,39,49,52,58,78,83,87,91,94,97" machi="12" ten="20,5200,0" yaku="1,1,0,1,7,1,54,1,53,0" doraHai="106" doraHaiUra="19" who="0" fromWho="0" sc="221,75,301,-27,285,-14,173,-14" /><INIT seed="6,0,0,1,5,90" ten="296,274,271,159" oya="2" hai0="121,19,81,77,115,1,87,45,133,63,71,40,43" hai1="120,3,38,16,108,33,128,113,53,41,132,134,4" hai2="118,25,0,27,31,14,39,82,62,44,20,52,34" hai3="56,74,37,12,97,47,98,83,21,131,110,102,68"/><V64/><F0/><W28/><G110/><T50/><D121/><U46/><E108/><V94/><F14/><W48/><G131/><T130/><D130/><U9/><E128/><V101/><F82/><W58/><G68/><T18/><D1/><U93/><E120/><V106/><F106/><W69/><G69/><T35/><D35/><U26/><E113/><V11/><F11/><W61/><G37/><T119/><D115/><U7/><E7/><V122/><F118/><W57/><G61/><T96/><D43/><U116/><E116/><V2/><F2/><W5/><G74/><T99/><D133/><N who="1" m="51307" /><E53/><V86/><F122/><W117/><G117/><T103/><D119/><U67/><E67/><V76/><F76/><W49/><G83/><T54/><D99/><U6/><E6/><V75/><F75/><W95/><G97/><T107/><D54/><U126/><E126/><V111/><F111/><W88/><G102/><T125/><D125/><U109/><E109/><V72/><F72/><W10/><REACH who="3" step="1"/><G47/><REACH who="3" ten="296,274,271,149" step="2"/><T59/><D71/><U135/><E135/><V127/><F127/><W85/><G85/><T80/><D81/><U17/><E46/><V114/><F114/><W105/><G105/><T89/><D77/><U65/><E38/><V100/><F86/><W60/><G60/><T129/><D129/><U73/><E73/><V32/><F39/><W15/><G15/><T42/><D63/><U66/><E3/><V92/><F44/><W91/><G91/><T70/><D70/><U51/><E51/><V78/><F62/><W23/><G23/><T29/><D50/><RYUUKYOKU ba="0,1" sc="296,-10,274,-10,271,-10,149,30" hai3="5,10,12,21,28,48,49,56,57,58,88,95,98" /><INIT seed="7,1,1,4,4,35" ten="286,264,261,179" oya="3" hai0="109,80,131,81,93,98,13,15,65,119,38,59,12" hai1="114,95,5,8,47,74,4,77,78,116,29,2,22" hai2="41,133,17,126,69,88,39,105,16,36,125,97,111" hai3="103,54,34,58,130,85,45,63,33,92,91,124,28"/><W128/><G124/><N who="2" m="47721" /><F111/><W61/><G45/><T101/><D119/><U14/><E116/><V44/><F39/><W96/><G63/><N who="0" m="38143" /><D38/><U70/><E70/><V75/><F75/><W84/><G84/><T40/><D131/><N who="3" m="50217" /><G28/><T27/><D109/><U52/><E114/><V113/><F113/><W43/><G43/><T100/><D40/><U110/><E110/><V71/><F133/><W64/><G64/><T135/><D135/><U118/><E118/><V82/><F105/><AGARI ba="1,1" hai="33,34,54,58,61,85,91,92,96,103,105" m="50217" machi="105" ten="30,1500,0" yaku="19,1" doraHai="35" who="3" fromWho="2" sc="286,0,264,0,261,-18,179,28" /><INIT seed="7,2,0,5,2,21" ten="286,264,243,207" oya="3" hai0="128,39,124,101,85,57,34,89,117,64,56,40,112" hai1="53,25,84,121,127,59,41,2,116,78,67,5,105" hai2="91,111,51,96,132,9,75,31,118,7,123,86,90" hai3="28,103,95,37,68,27,115,119,76,72,134,109,3"/><W45/><G119/><T104/><D117/><U4/><E116/><V58/><F118/><RYUUKYOKU type="kaze4" ba="2,0" sc="286,0,264,0,243,0,207,0" /><INIT seed="7,3,0,1,3,58" ten="286,264,243,207" oya="3" hai0="87,38,115,99,88,83,75,17,66,23,35,6,45" hai1="121,114,26,60,69,24,25,96,90,130,110,37,11" hai2="117,32,9,56,49,102,116,27,108,64,57,7,71" hai3="125,63,92,123,15,3,0,106,21,20,2,127,8"/><W91/><G123/><T1/><D35/><U18/><E110/><V89/><F102/><W109/><G106/><T85/><D115/><U44/><E121/><V29/><F71/><W124/><G109/><T28/><D28/><U14/><E114/><V59/><F108/><W81/><G81/><T73/><D99/><U30/><E130/><V53/><F89/><W79/><G79/><T82/><D66/><U100/><E90/><V112/><F112/><W118/><G118/><T74/><D6/><U105/><E44/><V94/><F94/><W84/><REACH who="3" step="1"/><G63/><REACH who="3" ten="286,264,243,197" step="2"/><T70/><D83/><U50/><E37/><V33/><F116/><W41/><G41/><T107/><D107/><U47/><E60/><V120/><F117/><W132/><G132/><T51/><D38/><U135/><E135/><V19/><F120/><W95/><G95/><T72/><D82/><U10/><E105/><V43/><F43/><W67/><G67/><T5/><D51/><U65/><E50/><V119/><F119/><W54/><G54/><T40/><D40/><U133/><E65/><V122/><F122/><W13/><G13/><T77/><D77/><U52/><E52/><V97/><F64/><W86/><G86/><T103/><D87/><U113/><E133/><V80/><F80/><W111/><G111/><T31/><D75/><U55/><E113/><V39/><F53/><W134/><G134/><T62/><D74/><U76/><E76/><V126/><F49/><W78/><G78/><T61/><D73/><U93/><E55/><V46/><F57/><W128/><G128/><T16/><D72/><RYUUKYOKU ba="3,1" sc="286,-10,264,-10,243,-10,197,30" hai3="0,2,3,8,15,20,21,84,91,92,124,125,127" /><INIT seed="7,4,1,4,5,52" ten="276,254,233,227" oya="3" hai0="25,106,120,6,91,124,112,82,7,71,104,87,127" hai1="13,99,27,49,5,42,118,8,131,121,88,54,53" hai2="40,84,16,15,9,74,133,22,45,80,37,81,129" hai3="85,63,102,17,34,115,29,119,73,78,58,11,32"/><W69/><G119/><T113/><D71/><U135/><E121/><V0/><F129/><W38/><G69/><T130/><D120/><U44/><E131/><V94/><F133/><W18/><G73/><T107/><D25/><U46/><E135/><V72/><F94/><W26/><G38/><T56/><D56/><U109/><E109/><V66/><F81/><W70/><G115/><N who="0" m="44107" /><D130/><U95/><E118/><V23/><F66/><W41/><G70/><T12/><D12/><U97/><E27/><V103/><F103/><W114/><G114/><T43/><D43/><U2/><E2/><V48/><F37/><W24/><G41/><T47/><D47/><U57/><E46/><V20/><REACH who="2" step="1"/><F0/><REACH who="2" ten="276,254,223,227" step="2"/><W59/><G102/><T14/><D127/><U1/><E1/><V21/><N who="2" m="5120" /><DORA hai="60" /><V132/><F132/><W30/><G11/><N who="0" m="4471" /><D124/><U110/><E110/><V76/><AGARI ba="4,2" hai="9,15,16,40,45,48,72,74,76,80,84" m="5120" machi="76" ten="40,8000,1" yaku="1,1,0,1,54,1,53,1" doraHai="52,60" doraHaiUra="90,39" who="2" fromWho="2" sc="276,-24,254,-24,223,112,227,-44" owari="252,5.0,230,-17.0,335,44.0,183,-32.0" /></mjloggm>