<mjloggm ver="2.3"><GO type="169" lobby="0"/><UN n0="%E2%98%86%E3%82%B7%E3%83%A3%E3%83%81%E3%83%8F%E3%82%B2%CE%B2%E2%98%86" n1="%79%61%62%61%69" n2="%E3%83%A1%E3%82%AB%E3%82%BC%E3%83%83%E3%83%88%E3%83%B3" n3="%E3%83%A9%E3%83%A0%E3%83%80%E3%81%95%E3%82%93" dan="16,17,16,16" rate="2092.60,2158.74,2107.74,2062.55" sx="F,M,M,M"/><TAIKYOKU oya="0"/><INIT seed="0,0,0,4,1,87" ten="250,250,250,250" oya="0" hai0="128,99,46,122,34,11,92,44,16,57,90,51,134" hai1="119,93,48,101,129,106,103,88,35,115,63,78,118" hai2="110,4,53,85,23,72,6,135,62,66,0,15,29" hai3="80,89,24,17,58,20,123,116,9,73,96,81,75"/><T49/><D122/><U133/><E35/><V65/><F72/><W94/><G116/><T21/><D34/><U22/><E115/><V84/><F0/><W41/><G123/><T54/><D134/><U37/><E37/><V30/><F110/><W7/><G41/><T120/><D120/><U18/><E133/><V91/><F135/><W79/><G58/><T14/><D128/><U132/><E132/><V45/><F84/><W64/><G64/><N who="2" m="24681" /><F23/><W43/><G43/><T61/><D21/><U102/><E106/><V27/><F27/><W68/><G68/><T111/><D111/><U105/><E105/><V8/><F6/><W98/><G98/><T60/><D57/><U13/><E129/><V104/><F104/><W130/><G130/><T67/><D67/><U28/><E78/><V55/><F62/><W39/><G39/><T10/><D10/><U59/><E63/><V82/><F45/><W5/><REACH who="3" step="1"/><G9/><REACH who="3" ten="250,250,250,240" step="2"/><T124/><D124/><U26/><E119/><V40/><F40/><AGARI ba="0,1" hai="11,14,16,40,44,46,49,51,54,60,61,90,92,99" machi="40" ten="30,11600,0" yaku="7,1,8,1,52,1,54,1" doraHai="87" who="0" fromWho="2" sc="250,126,250,0,250,-116,240,0" /><INIT seed="0,1,0,1,5,60" ten="376,250,134,240" oya="0" hai0="89,0,85,42,59,96,50,43,92,64,33,3,19" hai1="77,102,24,36,16,58,95,56,114,17,129,14,118" hai2="61,32,37,109,38,54,9,15,97,63,86,81,53" hai3="57,7,88,47,69,11,120,112,13,104,100,73,98"/><T125/><D33/><U55/><E118/><V20/><F32/><W48/><G112/><T131/><D125/><U83/><E36/><V124/><F124/><W21/><G69/><T107/><D131/><U133/><E129/><V119/><F119/><W30/><G73/><T80/><D107/><U113/><E133/><V52/><F109/><W35/><G120/><T121/><D121/><U116/><E116/><V101/><F20/><W23/><G57/><T22/><D3/><U90/><E102/><V75/><F75/><W122/><G122/><T26/><D0/><U84/><E24/><V72/><F72/><W67/><G67/><T108/><D108/><U115/><E14/><V74/><F74/><W29/><G29/><T70/><D70/><U46/><E46/><V68/><F38/><W117/><G117/><T12/><D12/><U8/><E8/><V130/><F37/><W123/><G123/><T65/><D59/><N who="1" m="22571" /><E55/><V127/><F127/><W128/><G128/><T31/><D31/><U132/><E132/><V110/><F130/><W34/><G23/><T2/><D2/><U10/><E10/><V71/><F110/><W1/><G30/><T49/><D50/><U6/><E6/><N who="2" m="3511" /><F71/><W105/><G105/><T4/><D4/><U44/><E44/><V25/><F68/><W93/><G21/><T111/><D111/><U103/><E103/><V82/><F25/><W40/><REACH who="3" step="1"/><G1/><REACH who="3" ten="376,250,134,230" step="2"/><T91/><D22/><U45/><E45/><V5/><F63/><W51/><G51/><T126/><D49/><U87/><AGARI ba="1,1" hai="16,17,77,83,84,87,90,95,113,114,115" m="22571" machi="87" ten="40,2700,0" yaku="11,1,54,1" doraHai="60" who="1" fromWho="1" sc="376,-14,250,40,134,-8,230,-8" /><INIT seed="1,0,0,3,0,16" ten="362,290,126,222" oya="1" hai0="36,10,39,74,12,88,32,51,6,29,60,95,42" hai1="20,124,81,37,50,91,120,27,77,21,133,121,73" hai2="34,28,82,102,45,5,13,93,127,111,68,89,126" hai3="61,75,96,87,52,114,99,17,15,92,84,107,72"/><U8/><E37/><V47/><F68/><W64/><G114/><T55/><D74/><U53/><E124/><N who="2" m="47659" /><F102/><W118/><G118/><T132/><D132/><U117/><E117/><V113/><F82/><W48/><G107/><T62/><D42/><U69/><E69/><V58/><F111/><W43/><G43/><T18/><D39/><U108/><E133/><V129/><F129/><W35/><G35/><T65/><D36/><U125/><E125/><V103/><F103/><W105/><G105/><T59/><D29/><U31/><E108/><V106/><F106/><W94/><G75/><T40/><D32/><U83/><E8/><N who="2" m="4239" /><F58/><N who="3" m="36919" /><G72/><T63/><D40/><U119/><E119/><V0/><F0/><W3/><G3/><T7/><D65/><U122/><E83/><V97/><F113/><W90/><G96/><AGARI ba="0,0" hai="6,7,10,12,18,51,55,59,60,62,63,88,95,96" machi="96" ten="40,2600,0" yaku="8,1,54,1" doraHai="16" who="0" fromWho="3" sc="362,26,290,0,126,0,222,-26" /><INIT seed="2,0,0,4,2,75" ten="388,290,126,196" oya="2" hai0="36,73,49,112,105,15,134,25,64,62,44,16,101" hai1="96,1,67,2,9,28,52,63,10,43,77,94,119" hai2="95,89,93,39,82,21,80,85,66,3,32,129,68" hai3="8,58,14,29,117,123,92,116,74,12,40,4,84"/><V56/><F32/><W59/><G74/><T65/><D36/><U57/><E119/><V42/><F3/><W128/><G123/><T98/><D73/><U33/><E43/><V115/><F68/><W6/><G128/><T72/><D72/><U102/><E1/><V27/><F129/><W125/><G125/><T120/><D120/><U107/><E2/><V135/><F115/><W88/><G40/><T118/><D112/><U104/><E33/><V45/><F135/><W50/><G29/><T132/><D25/><U5/><E5/><V19/><F66/><W103/><G103/><T34/><D34/><U76/><E28/><V20/><F56/><W90/><G50/><T13/><D13/><U78/><E107/><V110/><F110/><W35/><G35/><T53/><D118/><U17/><E104/><V130/><F130/><W114/><G114/><T71/><REACH who="0" step="1"/><D65/><REACH who="0" ten="378,290,126,196" step="2"/><U41/><E67/><V97/><REACH who="2" step="1"/><F21/><AGARI ba="0,1" hai="15,16,21,44,49,53,62,64,71,98,101,105,132,134" machi="21" ten="40,5200,0" yaku="1,1,2,1,54,1,53,0" doraHai="75" doraHaiUra="127" who="0" fromWho="2" sc="378,62,290,0,126,-52,196,0" /><INIT seed="3,0,0,5,4,56" ten="440,290,74,196" oya="3" hai0="38,52,43,93,130,82,23,22,73,120,89,111,27" hai1="16,53,113,8,123,70,58,39,117,115,133,41,106" hai2="34,44,3,75,36,19,40,97,50,119,11,134,6" hai3="79,86,4,48,37,96,29,28,129,12,77,94,42"/><W131/><G37/><T126/><D120/><U88/><E70/><V51/><F119/><W118/><G118/><T127/><D23/><U85/><E117/><V80/><F134/><W21/><G42/><T109/><D130/><N who="3" m="49673" /><G48/><T95/><D52/><U69/><E106/><V25/><F97/><W101/><G86/><N who="0" m="50391" /><D73/><U116/><E69/><V76/><REACH who="2" step="1"/><F19/><REACH who="2" ten="440,290,64,196" step="2"/><N who="3" m="10471" /><G4/><T18/><D111/><U112/><E116/><V45/><F45/><W78/><AGARI ba="0,1" hai="28,29,77,78,79,94,96,101" m="10471,49673" machi="78" ten="30,1500,0" yaku="19,1" doraHai="56" who="3" fromWho="3" sc="440,-5,290,-5,64,-5,196,25" /><INIT seed="3,1,0,3,4,30" ten="435,285,59,221" oya="3" hai0="48,102,69,60,73,132,82,81,133,112,114,88,113" hai1="10,38,9,124,100,68,118,31,40,65,106,12,85" hai2="8,34,37,23,50,25,33,119,93,16,98,1,99" hai3="96,36,26,97,14,117,77,19,45,72,27,54,55"/><W41/><G117/><T92/><D102/><U4/><E38/><V61/><F37/><W58/><G77/><N who="0" m="44207" /><D82/><U111/><E40/><V43/><F119/><W22/><G72/><T18/><D18/><U20/><E106/><V122/><F122/><W57/><G26/><T80/><D80/><U107/><E107/><V56/><F43/><W21/><G57/><T67/><D48/><U78/><E100/><V5/><F50/><W116/><G116/><T46/><D46/><U74/><E74/><V42/><F42/><W89/><G89/><T66/><D67/><U108/><E118/><V94/><F94/><W70/><G70/><T35/><D35/><U2/><E65/><V130/><F130/><W6/><G54/><T134/><D134/><U129/><E68/><V64/><REACH who="2" step="1"/><F99/><AGARI ba="1,0" hai="60,66,69,88,92,99,112,113,114,132,133" m="44207" machi="99" ten="30,2000,0" yaku="11,1,54,1" doraHai="30" who="0" fromWho="2" sc="435,23,285,0,59,-23,221,0" /><INIT seed="4,0,0,4,5,113" ten="458,285,36,221" oya="0" hai0="89,103,41,5,26,9,135,101,102,112,111,124,65" hai1="36,82,71,30,22,81,68,97,31,62,0,67,106" hai2="83,3,78,107,87,92,24,120,50,109,48,63,123" hai3="85,10,45,70,104,122,33,76,53,84,114,95,27"/><T100/><D112/><U15/><E0/><V86/><F3/><W39/><G114/><T2/><D111/><U12/><E71/><V46/><F107/><W74/><G104/><T34/><D135/><U132/><E36/><V7/><F109/><W51/><G70/><T37/><D124/><U42/><E42/><V134/><F7/><W79/><G122/><T118/><D118/><U91/><E132/><V61/><F134/><W69/><G69/><T80/><D65/><U52/><E106/><V6/><F6/><W117/><G117/><T8/><D8/><U64/><E64/><V129/><F129/><W44/><G74/><T93/><D80/><N who="1" m="30827" /><E67/><V128/><F128/><W59/><G10/><T20/><D34/><U133/><E68/><V75/><F24/><W108/><G108/><T96/><D41/><U99/><E133/><V116/><F116/><W127/><G127/><T72/><D72/><U11/><E22/><V40/><F50/><W13/><G39/><T77/><D37/><U66/><E66/><V57/><F61/><W47/><G33/><T17/><D77/><U55/><E30/><V35/><F35/><W90/><G79/><T32/><D32/><U126/><E126/><V130/><F130/><W16/><G76/><T14/><N who="0" m="25600" /><DORA hai="1" /><T21/><D2/><U119/><E119/><V28/><F28/><W125/><G125/><T4/><D21/><U121/><E31/><AGARI ba="0,0" hai="4,5,9,14,17,20,26,31,89,93,96" m="25600" machi="31" ten="50,9600,0" yaku="8,1,52,2" doraHai="113,1" who="0" fromWho="1" sc="458,96,285,-96,36,0,221,0" /><INIT seed="4,1,0,1,2,26" ten="554,189,36,221" oya="0" hai0="117,84,62,36,33,133,97,8,0,135,37,51,80" hai1="23,25,91,53,85,12,76,115,92,75,58,27,125" hai2="86,4,94,19,59,48,74,55,5,43,2,108,14" hai3="124,104,38,50,111,17,31,134,72,87,47,29,107"/><T123/><D117/><U127/><E115/><V95/><F74/><W119/><G111/><T28/><D123/><U54/><E75/><V63/><F108/><W24/><G119/><T77/><D97/><U13/><E76/><V89/><F2/><W81/><G72/><T120/><D120/><U6/><E6/><V131/><F131/><W1/><G1/><T57/><D51/><U46/><E46/><V126/><F126/><N who="1" m="48137" /><E54/><V65/><F95/><W49/><G38/><T112/><D112/><U73/><E73/><V132/><F43/><W100/><G124/><T98/><D98/><U99/><E99/><V35/><F35/><W16/><G134/><T109/><D109/><U41/><E41/><V32/><F32/><W3/><G3/><T15/><D0/><U78/><E78/><V70/><REACH who="2" step="1"/><F132/><REACH who="2" ten="554,189,26,221" step="2"/><W101/><G107/><T30/><D33/><U40/><E40/><V96/><F96/><W129/><G104/><T102/><D135/><U67/><E92/><V34/><F34/><W22/><G129/><T90/><D133/><U110/><E110/><V21/><AGARI ba="1,1" hai="4,5,14,19,21,48,55,59,63,65,70,86,89,94" machi="21" ten="20,8000,1" yaku="1,1,0,1,7,1,25,2,53,0" doraHai="26" doraHaiUra="114" who="2" fromWho="2" sc="554,-41,189,-21,26,93,221,-21" /><INIT seed="5,0,0,0,1,25" ten="513,168,119,200" oya="1" hai0="70,128,65,80,7,77,22,61,46,21,99,104,132" hai1="31,94,126,72,13,16,78,47,5,88,49,26,76" hai2="60,64,117,24,53,96,62,124,129,123,36,125,83" hai3="41,56,9,14,113,130,69,91,127,43,97,40,133"/><U90/><E126/><N who="2" m="48747" /><F36/><W106/><G127/><T48/><D132/><U12/><E72/><V51/><F117/><W54/><G69/><T134/><D134/><U103/><E103/><V0/><F0/><W135/><G113/><T19/><D128/><U115/><E115/><V74/><F129/><W102/><G130/><T92/><D104/><U81/><E5/><V2/><F2/><W4/><REACH who="3" step="1"/><G91/><REACH who="3" ten="513,168,119,190" step="2"/><N who="1" m="34858" /><E94/><V73/><F123/><W89/><G89/><T28/><D92/><U109/><E109/><V15/><F83/><W116/><G116/><T45/><D80/><U122/><E122/><V50/><F96/><W55/><G55/><T110/><D99/><U105/><E81/><V44/><F53/><W101/><G101/><T63/><D110/><U82/><E82/><V29/><F64/><W107/><G107/><T32/><D65/><U18/><E105/><V119/><F119/><W79/><G79/><T39/><D77/><U3/><E78/><V8/><F74/><W30/><G30/><T86/><D28/><U17/><E76/><V67/><F29/><W37/><G37/><T20/><D70/><U35/><E35/><V66/><F73/><W33/><G33/><T38/><D32/><U108/><E108/><V118/><F66/><W111/><G111/><T75/><D39/><U120/><E120/><V59/><F67/><W57/><G57/><T114/><D38/><U10/><E31/><V100/><F100/><W112/><G112/><T87/><D114/><U84/><E84/><V1/><F118/><W95/><G95/><T11/><D75/><U85/><E85/><RYUUKYOKU ba="0,1" sc="513,-10,168,-10,119,-10,190,30" hai3="4,9,14,40,41,43,54,56,97,102,106,133,135" /><INIT seed="6,1,1,1,1,104" ten="503,158,109,220" oya="2" hai0="4,19,120,110,20,53,61,59,2,129,117,100,103" hai1="29,82,71,49,18,55,35,64,126,26,130,105,98" hai2="92,47,107,40,81,109,12,21,75,119,96,79,76" hai3="28,23,84,56,135,89,73,8,115,83,24,58,52"/><V121/><F121/><W31/><G135/><T7/><D120/><U80/><E126/><V0/><F119/><W106/><G106/><T46/><D117/><U116/><E116/><V70/><F0/><W27/><G115/><T77/><D110/><U111/><E111/><V14/><F70/><W66/><G66/><T86/><D129/><U32/><E32/><V48/><F109/><W65/><G65/><T1/><D1/><U39/><E39/><V6/><F107/><W113/><G113/><T10/><D7/><U102/><E18/><V133/><F133/><W15/><G73/><T43/><D86/><U54/><E130/><V91/><F6/><W74/><G74/><T44/><D77/><U99/><E99/><V37/><F79/><W57/><G15/><T67/><D67/><U132/><E132/><V87/><F21/><N who="3" m="15375" /><G8/><T38/><D46/><N who="1" m="27959" /><E55/><AGARI ba="1,1" hai="23,27,31,52,55,56,57,58,83,84,89" m="15375" machi="55" ten="30,2000,0" yaku="8,1,54,1" doraHai="104" who="3" fromWho="1" sc="503,0,158,-23,109,0,220,33" /><INIT seed="7,0,0,1,1,2" ten="503,135,109,253" oya="3" hai0="51,0,96,35,111,24,60,98,102,130,58,33,120" hai1="79,17,133,95,91,42,109,19,123,16,127,99,101" hai2="84,65,59,4,106,122,74,71,90,30,46,38,28" hai3="132,87,3,20,26,40,22,115,121,88,1,27,50"/><W5/><G121/><T78/><D111/><U69/><E123/><V107/><F74/><W48/><G115/><T8/><D120/><U31/><E69/><V14/><F122/><W45/><G132/><T100/><D130/><U29/><E109/><V18/><F71/><W21/><G50/><T83/><D51/><U72/><E133/><V53/><F65/><W68/><G68/><T39/><D39/><U13/><E127/><V70/><F70/><W56/><G56/><T36/><D36/><U77/><E42/><V131/><F131/><W63/><G63/><T80/><D24/><U15/><E72/><V105/><F46/><W135/><G135/><T43/><D43/><U61/><E61/><V118/><F38/><W116/><G116/><T47/><D47/><U125/><E125/><V117/><F118/><W9/><REACH who="3" step="1"/><G3/><REACH who="3" ten="503,135,109,243" step="2"/><T129/><D0/><U112/><E112/><V52/><F117/><W10/><G10/><T110/><D8/><U12/><E15/><V119/><F119/><W11/><G11/><T124/><D58/><U64/><E12/><V128/><F128/><W6/><G6/><T114/><D60/><U73/><E13/><V86/><F4/><W103/><G103/><T104/><D102/><U108/><E101/><V32/><F59/><W7/><G7/><T44/><D100/><U134/><E134/><V37/><F105/><W75/><G75/><T55/><D114/><U126/><E73/><V94/><F107/><W82/><AGARI ba="0,1" hai="1,5,9,20,21,22,26,27,40,45,48,82,87,88" machi="82" ten="30,11700,0" yaku="1,1,0,1,52,1,54,1,53,0" doraHai="2" doraHaiUra="49" who="3" fromWho="3" sc="503,-39,135,-39,109,-39,243,127" /><INIT seed="7,1,0,0,0,27" ten="464,96,70,370" oya="3" hai0="71,107,61,77,3,14,108,74,110,48,78,18,69" hai1="105,50,120,87,92,98,8,39,56,79,51,72,26" hai2="103,125,6,67,94,80,134,30,24,119,106,113,121" hai3="19,25,47,59,21,95,100,116,57,102,101,63,44"/><W124/><G116/><T16/><D107/><U117/><E39/><V97/><F119/><W99/><G124/><T5/><D48/><U28/><E117/><V109/><F109/><W62/><G59/><T122/><D122/><U40/><E120/><V37/><F37/><W41/><G63/><T65/><D71/><U35/><E40/><V15/><F121/><W29/><G19/><T23/><D18/><U46/><E46/><V111/><F111/><W130/><G130/><T85/><D74/><U73/><E8/><N who="2" m="4503" /><F106/><W129/><G129/><T90/><D108/><U81/><E72/><V49/><F125/><W53/><REACH who="3" step="1"/><G47/><REACH who="3" ten="464,96,70,360" step="2"/><T114/><D110/><U31/><E56/><V82/><F134/><W83/><G83/><N who="2" m="31785" /><F113/><W32/><G32/><T36/><D114/><U38/><E35/><V10/><F10/><W54/><G54/><T58/><D69/><U45/><E73/><V96/><F67/><W34/><G34/><T22/><D16/><U68/><E68/><V9/><F9/><W104/><G104/><T1/><D58/><U52/><E105/><V112/><F112/><W89/><G89/><T11/><D90/><N who="1" m="55575" /><E52/><V131/><F131/><W118/><G118/><T42/><D61/><U70/><E70/><V12/><F12/><W7/><G7/><T127/><D5/><U4/><E4/><V84/><F49/><AGARI ba="1,1" hai="21,25,29,41,44,49,53,57,62,95,99,100,101,102" machi="49" ten="30,11600,0" yaku="1,1,7,1,8,1,52,1,53,0" doraHai="27" doraHaiUra="33" who="3" fromWho="2" sc="464,0,96,0,70,-119,360,129" owari="464,26.0,96,-30.0,-49,-55.0,489,59.0" /></mjloggm>