<mjloggm ver="2.3"><GO type="169" lobby="0"/><UN n0="%73%68%61%70%65%6C%65%72" n1="%E3%83%AD%E3%83%83%E3%83%86%E9%9B%80%EF%BC%84%E6%94%B9" n2="%E3%81%BE%E3%81%A4%E3%82%86%E3%81%8D" n3="%6D%69%6C%6C%72%65%65%66" dan="17,16,16,17" rate="2108.04,2151.27,2121.03,2191.19" sx="M,M,M,M"/><TAIKYOKU oya="0"/><INIT seed="0,0,0,0,5,7" ten="250,250,250,250" oya="0" hai0="31,102,4,100,118,15,54,23,68,18,79,101,69" hai1="62,51,106,80,56,28,105,114,53,90,76,108,103" hai2="84,115,12,119,94,135,111,98,124,58,97,59,11" hai3="9,10,0,27,52,131,41,5,26,50,109,107,8"/><T70/><D118/><U117/><E108/><V19/><F115/><W33/><G107/><T43/><D43/><U6/><E117/><V48/><F119/><W17/><G41/><T72/><D79/><U64/><E114/><V125/><F111/><W86/><G109/><T21/><D72/><U78/><E90/><V63/><F135/><W91/><G131/><T42/><D42/><U85/><E78/><V128/><F128/><W37/><G37/><T2/><D31/><U73/><E73/><V122/><F122/><W123/><G123/><T121/><D121/><U29/><E106/><V22/><F84/><W25/><G17/><T35/><D35/><U3/><E105/><V36/><F36/><W116/><G116/><T77/><D77/><U39/><E103/><V47/><F47/><W16/><G33/><T134/><D23/><U113/><E39/><V96/><F48/><W81/><REACH who="3" step="1"/><G16/><REACH who="3" ten="250,250,250,240" step="2"/><T46/><D18/><U40/><E40/><V61/><F22/><W75/><G75/><T1/><D21/><U24/><E113/><V55/><REACH who="2" step="1"/><F94/><REACH who="2" ten="250,250,240,240" step="2"/><W133/><G133/><T60/><D134/><U34/><E34/><V20/><F20/><W67/><G67/><AGARI ba="0,2" hai="11,12,19,55,58,59,61,63,67,96,97,98,124,125" machi="67" ten="40,2600,0" yaku="1,1,52,1,53,0" doraHai="7" doraHaiUra="130" who="2" fromWho="3" sc="250,0,250,0,240,46,240,-26" /><INIT seed="1,0,0,0,3,46" ten="250,250,286,214" oya="1" hai0="22,125,121,17,27,83,35,32,16,47,81,57,87" hai1="118,98,62,116,96,59,111,113,45,92,119,129,28" hai2="8,133,58,101,122,53,12,105,29,70,68,33,127" hai3="75,37,25,88,85,117,39,61,64,76,30,3,66"/><U43/><E113/><V36/><F122/><W56/><G3/><T108/><D121/><U134/><E129/><V94/><F36/><W91/><G117/><T107/><D107/><U77/><E134/><V2/><F2/><W89/><G75/><T44/><D125/><U40/><E111/><V4/><F105/><W63/><G76/><T99/><D99/><U132/><E132/><V42/><F42/><W41/><G85/><T80/><D87/><U86/><E28/><V23/><F33/><W6/><G6/><T97/><D97/><U93/><E77/><V21/><F133/><W109/><G109/><T95/><D95/><U79/><E79/><V112/><F127/><W19/><G19/><T100/><D100/><U84/><E84/><V82/><F112/><W14/><G14/><T71/><D71/><U10/><E10/><V15/><F70/><W34/><REACH who="3" step="1"/><G41/><REACH who="3" ten="250,250,286,204" step="2"/><T49/><D108/><U0/><E86/><V128/><F15/><W106/><G106/><T103/><D17/><U26/><E40/><V135/><F135/><W18/><G18/><T110/><D110/><U51/><E0/><V131/><F12/><W124/><G124/><T20/><D16/><U115/><E115/><V126/><F126/><W60/><G60/><T54/><D27/><U114/><E26/><V5/><F5/><W123/><G123/><T67/><D32/><U120/><E114/><V90/><F4/><W24/><G24/><T52/><D35/><U104/><E120/><V50/><F8/><W13/><G13/><T9/><D9/><U72/><E104/><V38/><F21/><RYUUKYOKU ba="0,1" sc="250,-10,250,-10,286,-10,204,30" hai3="25,30,34,37,39,56,61,63,64,66,88,89,91" /><INIT seed="2,1,1,2,0,1" ten="240,240,276,234" oya="2" hai0="115,63,89,48,28,94,104,66,53,117,12,42,112" hai1="26,106,17,97,41,2,36,70,24,111,88,96,29" hai2="57,46,68,59,40,121,122,87,132,93,38,98,58" hai3="123,100,83,107,103,75,120,133,85,27,13,126,71"/><V101/><F68/><W80/><G71/><T8/><D104/><U4/><E70/><V62/><F132/><W15/><G75/><T23/><D42/><U3/><E111/><V64/><F58/><W47/><G133/><T56/><D117/><U79/><E17/><V16/><F87/><W124/><G27/><T37/><D37/><U113/><E113/><V129/><F129/><W0/><G0/><T69/><D28/><U67/><E67/><V108/><F108/><W86/><REACH who="3" step="1"/><G47/><REACH who="3" ten="240,240,276,224" step="2"/><T25/><D25/><U125/><E26/><V110/><F110/><W49/><G49/><T5/><D23/><U90/><E2/><V73/><F73/><W130/><G130/><T116/><D116/><U61/><E3/><V131/><F131/><W32/><G32/><T118/><D118/><U65/><E24/><V92/><F59/><W43/><G43/><T44/><D69/><U51/><E41/><V33/><F33/><W135/><G135/><T119/><D119/><U22/><E22/><V77/><F122/><W109/><G109/><T6/><D115/><U99/><E51/><V82/><F121/><W95/><G95/><T45/><D45/><U78/><E36/><V21/><F93/><W18/><G18/><N who="0" m="8455" /><D112/><U74/><E74/><N who="2" m="43319" /><F16/><W31/><G31/><T11/><D11/><U134/><E29/><V14/><F21/><W72/><G72/><T81/><D81/><U10/><E10/><V39/><F39/><W19/><G19/><T91/><D94/><U7/><E134/><V60/><F14/><W30/><G30/><T52/><D66/><U84/><E65/><RYUUKYOKU ba="1,2" sc="240,10,240,-30,276,10,224,10" hai0="5,6,44,48,52,53,56,63,89,91" hai2="38,40,46,57,60,62,64,92,98,101" hai3="13,15,80,83,85,86,100,103,107,120,123,124,126" /><INIT seed="2,2,2,1,1,132" ten="250,210,286,234" oya="2" hai0="91,37,66,88,86,130,122,61,39,108,110,6,99" hai1="68,131,33,95,46,84,45,116,60,15,81,72,123" hai2="35,12,29,93,79,28,134,107,18,71,55,59,4" hai3="5,133,41,92,127,80,53,85,73,118,117,69,58"/><V82/><F107/><W113/><G69/><T14/><D122/><U126/><E116/><V50/><F71/><W13/><G133/><T17/><D6/><U100/><E33/><V7/><F134/><W74/><G41/><T90/><D86/><U27/><E123/><V104/><F104/><W63/><G113/><T128/><D99/><U32/><E72/><V0/><F0/><W114/><G114/><T121/><D121/><U77/><E131/><N who="0" m="50217" /><D39/><U38/><E38/><V26/><F29/><W70/><G70/><N who="0" m="42319" /><D37/><U56/><E68/><V51/><F51/><W125/><G74/><T129/><N who="0" m="50225" /><T83/><DORA hai="105" /><D83/><U24/><E32/><V1/><F1/><W3/><G3/><T25/><D25/><U47/><E15/><V119/><F119/><W87/><G92/><T67/><D67/><N who="1" m="39303" /><E126/><N who="3" m="48138" /><G73/><T75/><D75/><U89/><E100/><V34/><F34/><W49/><G87/><T111/><D111/><U101/><E101/><V42/><F42/><W124/><N who="3" m="48146" /><W115/><DORA hai="11" /><G115/><T120/><D120/><U48/><E95/><V78/><F93/><W106/><G106/><T21/><AGARI ba="2,2" hai="14,17,21,88,90,91,108,110" m="42319,50225" machi="21" ten="50,6400,0" yaku="19,1,52,1,54,1" doraHai="132,105,11" who="0" fromWho="0" sc="250,90,210,-18,286,-34,234,-18" /><INIT seed="3,0,0,5,5,135" ten="340,192,252,216" oya="3" hai0="45,79,115,14,48,111,43,122,60,101,71,82,4" hai1="51,44,127,97,49,30,110,15,38,123,19,132,77" hai2="129,73,75,58,31,100,20,105,41,95,26,35,27" hai3="17,112,34,130,61,36,2,116,23,124,10,62,102"/><W81/><G36/><T16/><D122/><U89/><E123/><V29/><F105/><W70/><G116/><T96/><D4/><U52/><E132/><V83/><F129/><W108/><G34/><T67/><D111/><U90/><E110/><V8/><F41/><W119/><G112/><T18/><D14/><U85/><E38/><V59/><F8/><W84/><G108/><T118/><D118/><U88/><E30/><V117/><F117/><W46/><G119/><T74/><REACH who="0" step="1"/><D115/><REACH who="0" ten="330,192,252,216" step="2"/><U28/><E15/><V53/><F83/><W106/><G2/><T64/><D64/><U6/><E6/><V33/><F20/><W120/><G120/><T126/><D126/><U0/><E127/><V40/><F35/><W128/><G124/><T69/><D69/><U134/><E0/><V7/><F7/><W21/><G70/><T109/><D109/><U47/><E134/><V54/><F33/><W131/><G10/><T92/><AGARI ba="0,1" hai="16,18,43,45,48,60,67,71,74,79,82,92,96,101" machi="92" ten="20,5200,0" yaku="1,1,0,1,7,1,54,1,53,0" doraHai="135" doraHaiUra="80" who="0" fromWho="0" sc="330,62,192,-13,252,-13,216,-26" /><INIT seed="4,0,0,0,0,4" ten="392,179,239,190" oya="0" hai0="35,31,116,100,86,17,107,15,25,71,23,72,59" hai1="84,55,83,0,101,85,123,75,128,97,28,12,112" hai2="96,110,66,109,61,106,56,82,120,22,27,81,77" hai3="74,111,5,19,54,49,104,102,124,134,95,32,118"/><T45/><D72/><U127/><E0/><V48/><F120/><W53/><G74/><T60/><D116/><U8/><E123/><V9/><F82/><W98/><G118/><T43/><D71/><U135/><E128/><V117/><F117/><W87/><G32/><T24/><D107/><U103/><E127/><V108/><F106/><W42/><G111/><T121/><D100/><U130/><E130/><V70/><F96/><W44/><G124/><T79/><D121/><U125/><E125/><V113/><F113/><W99/><G134/><T14/><D86/><U88/><E88/><V40/><F9/><W69/><G69/><T132/><D79/><U21/><E135/><V10/><F10/><W76/><G5/><T131/><D132/><U13/><E75/><V73/><F56/><W7/><G7/><T93/><D93/><U39/><E39/><V133/><F133/><W6/><G6/><T3/><D3/><U29/><E8/><V91/><F91/><W26/><G87/><T50/><REACH who="0" step="1"/><D131/><REACH who="0" ten="382,179,239,190" step="2"/><U126/><E85/><V37/><F110/><W114/><G76/><T92/><D92/><U78/><E84/><V11/><F109/><W62/><G104/><T94/><D94/><U36/><E78/><V52/><F108/><W89/><G95/><T41/><D41/><U115/><E103/><V105/><F105/><W129/><G102/><T18/><D18/><U20/><E101/><V122/><F122/><W68/><G129/><T1/><D1/><U65/><E126/><V33/><F77/><W67/><G19/><T80/><D80/><U63/><E83/><RYUUKYOKU ba="0,1" sc="382,30,179,-10,239,-10,190,-10" hai0="14,15,17,23,24,25,31,35,43,45,50,59,60" /><INIT seed="4,1,1,3,2,125" ten="412,169,229,180" oya="0" hai0="135,119,11,121,24,17,37,71,79,56,62,48,6" hai1="100,54,128,105,107,113,95,43,3,53,109,78,84" hai2="116,130,85,89,14,75,46,51,134,129,68,88,133" hai3="72,0,124,33,45,63,42,50,10,108,16,73,2"/><T112/><D37/><U57/><E109/><V58/><F68/><W120/><G108/><T66/><D121/><U7/><E128/><N who="2" m="49259" /><F75/><W36/><G33/><T9/><D48/><U102/><E113/><V5/><F116/><W12/><G124/><T99/><D56/><U92/><E57/><V18/><F5/><W90/><G120/><T34/><D6/><U96/><E43/><N who="2" m="25055" /><F58/><W80/><G73/><T39/><D71/><U83/><E53/><V64/><F64/><W69/><G36/><T76/><D39/><U74/><E54/><V8/><F89/><W103/><G103/><T40/><D66/><U126/><E126/><V52/><F52/><W87/><G72/><T1/><D119/><U26/><E7/><V127/><F127/><W123/><G123/><T86/><D40/><U104/><E3/><V15/><F14/><W91/><G91/><T38/><D1/><U94/><E102/><V13/><F13/><W23/><G69/><T60/><D60/><U49/><E49/><V77/><F77/><W132/><G63/><T81/><D76/><N who="1" m="46183" /><E26/><V117/><F117/><W31/><G0/><T118/><D24/><U122/><E122/><V20/><F20/><W30/><G2/><T19/><D62/><U22/><E22/><V98/><F98/><W70/><G70/><T28/><D99/><U29/><E29/><N who="3" m="10762" /><G23/><T111/><D28/><U67/><E67/><V101/><F101/><W55/><G55/><T82/><D118/><U106/><N who="1" m="26624" /><DORA hai="114" /><U65/><E65/><V115/><F115/><W44/><G44/><T4/><D112/><U27/><E27/><RYUUKYOKU ba="1,1" sc="412,-30,169,10,229,10,180,10" hai1="74,78,92,94,95,96,100" hai2="8,15,18,85,88,133,134" hai3="10,12,16,42,45,50,80,87,90,132" /><INIT seed="5,2,1,4,3,49" ten="382,179,239,190" oya="1" hai0="133,23,61,29,93,127,6,9,106,75,117,77,36" hai1="109,8,13,123,102,68,97,37,98,116,96,32,74" hai2="14,57,84,119,71,43,1,95,94,99,66,79,100" hai3="20,108,45,101,124,50,89,55,7,3,39,56,0"/><U22/><E116/><V70/><F1/><W38/><G108/><T76/><D106/><U17/><E123/><V64/><F119/><W111/><G111/><T41/><D133/><U31/><E109/><V25/><F43/><W58/><G101/><T115/><D127/><U52/><E74/><V21/><F14/><W18/><G124/><T16/><D29/><U110/><E37/><V26/><F26/><W90/><G39/><T88/><D75/><U35/><E110/><V10/><F10/><W135/><G135/><T73/><D73/><U19/><E68/><V59/><F71/><W129/><G129/><T28/><D28/><U67/><E67/><N who="2" m="25643" /><F70/><W128/><G128/><T82/><D41/><U132/><E132/><V86/><F79/><W85/><G90/><T34/><D34/><U113/><E113/><V27/><F27/><W126/><G126/><T81/><D36/><U30/><E102/><V112/><F112/><W33/><G33/><T78/><D115/><U12/><E35/><V122/><F122/><W44/><G38/><T80/><D117/><U87/><E32/><V40/><F40/><W114/><G114/><T48/><D9/><U118/><E118/><V60/><F95/><N who="3" m="54703" /><G3/><T125/><D125/><U11/><E11/><V54/><F59/><N who="3" m="22571" /><G0/><T92/><D77/><U2/><E2/><V104/><F104/><W107/><G107/><T24/><D78/><U69/><E69/><V121/><F121/><W5/><G45/><T51/><D76/><U65/><E65/><V91/><F100/><W83/><G83/><T130/><D130/><U131/><E131/><RYUUKYOKU ba="2,1" sc="382,-15,179,-15,239,15,190,15" hai2="21,25,54,57,60,84,86,91,94,99" hai3="5,7,18,20,44,50,55" /><INIT seed="6,3,1,4,5,96" ten="367,164,254,205" oya="2" hai0="122,46,81,7,30,124,102,68,129,82,67,114,135" hai1="73,35,76,71,94,97,60,99,127,9,87,95,22" hai2="0,40,38,11,126,89,3,132,61,74,2,106,26" hai3="20,51,15,120,52,121,37,1,83,98,118,4,86"/><V63/><F74/><W119/><G37/><T34/><D122/><U48/><E35/><V21/><F106/><W110/><G1/><T54/><D7/><U72/><E127/><V41/><F126/><W56/><G110/><T128/><D124/><U112/><E9/><V103/><F11/><W70/><G70/><T77/><D82/><N who="1" m="47559" /><E60/><V104/><F132/><W105/><G121/><T62/><D135/><U65/><E48/><V116/><F116/><W33/><G33/><T28/><D34/><U39/><E22/><V44/><F41/><W17/><G120/><T50/><D102/><N who="1" m="60727" /><E65/><V55/><F89/><W64/><G64/><T109/><D109/><U69/><E39/><V49/><F103/><W47/><G4/><T85/><D114/><U6/><E6/><V42/><F104/><W31/><G31/><T23/><D23/><U117/><E71/><V32/><F42/><W101/><G47/><T125/><D125/><U13/><E13/><V57/><REACH who="2" step="1"/><F32/><REACH who="2" ten="367,164,244,205" step="2"/><W93/><G105/><T134/><D134/><U111/><E117/><V5/><F5/><W24/><REACH who="3" step="1"/><G15/><REACH who="3" ten="367,164,244,195" step="2"/><T80/><D129/><U90/><E111/><V10/><F10/><W66/><G66/><T115/><D128/><U92/><E112/><V113/><F113/><W58/><G58/><T123/><D115/><U59/><E59/><V75/><F75/><N who="1" m="28745" /><E69/><V45/><F45/><W19/><G19/><AGARI ba="3,3" hai="0,2,3,19,21,26,38,40,44,49,55,57,61,63" machi="19" ten="40,2000,0" yaku="1,1,53,0" doraHai="96" doraHaiUra="8" who="2" fromWho="3" sc="367,0,164,0,244,59,195,-29" /><INIT seed="6,4,0,0,2,33" ten="367,164,303,166" oya="2" hai0="109,32,94,77,36,37,57,91,63,6,42,96,18" hai1="38,82,16,44,10,64,45,111,130,53,62,61,129" hai2="59,25,128,106,125,84,27,107,56,31,104,112,60" hai3="12,102,67,1,95,119,126,19,4,24,123,5,88"/><V134/><F112/><W93/><G123/><T49/><D32/><U15/><E111/><V108/><F108/><W40/><G119/><T8/><D109/><U90/><E53/><V51/><F125/><W103/><G126/><T9/><D36/><U97/><E38/><V133/><F128/><N who="1" m="49257" /><E62/><V115/><F115/><W120/><G120/><T34/><D34/><U52/><E52/><N who="2" m="31775" /><F84/><N who="3" m="52359" /><G1/><T26/><D77/><U83/><E97/><V30/><F30/><W21/><G40/><T23/><D6/><N who="3" m="2665" /><G67/><N who="0" m="39407" /><D37/><U131/><N who="1" m="49265" /><U76/><DORA hai="35" /><E90/><V113/><F31/><N who="3" m="17807" /><G95/><T68/><D68/><N who="1" m="41999" /><E83/><V87/><F113/><W39/><G39/><T71/><D71/><U2/><E2/><V99/><F87/><AGARI ba="4,0" hai="10,15,16,44,45,76,82,87" m="41999,49265" machi="87" ten="40,2600,0" yaku="19,1,54,1" doraHai="33,35" who="1" fromWho="2" sc="367,0,164,38,303,-38,166,0" /><INIT seed="7,0,0,5,5,123" ten="367,202,265,166" oya="3" hai0="24,5,21,73,10,63,124,118,11,100,116,22,39" hai1="25,44,58,9,17,3,4,98,113,86,53,49,117" hai2="132,29,66,31,102,61,35,121,18,90,111,85,19" hai3="114,57,38,75,77,126,127,135,69,115,20,52,133"/><W112/><G20/><T65/><D73/><U122/><E122/><V97/><F121/><W93/><G93/><T108/><D39/><U34/><E113/><V83/><F111/><W106/><G106/><T28/><D108/><U2/><E2/><V125/><F132/><N who="3" m="50763" /><G77/><T8/><D124/><N who="3" m="47657" /><G75/><T109/><D109/><U103/><E117/><V80/><F125/><W50/><G38/><T56/><D118/><U107/><E86/><N who="2" m="50503" /><F35/><W70/><AGARI ba="0,0" hai="50,52,57,69,70,112,114,115" m="47657,50763" machi="70" ten="40,18000,2" yaku="15,1,20,1,18,1,34,2,54,1" doraHai="123" who="3" fromWho="3" sc="367,-60,202,-60,265,-60,166,180" owari="307,11.0,142,-36.0,205,-19.0,346,44.0" /></mjloggm>