<mjloggm ver="2.3"><GO type="169" lobby="0"/><UN n0="%E6%B4%A5%E7%94%B0%E6%B2%BC%E3%81%A3%E5%AD%90" n1="%61%74%79%61%6E" n2="%E3%82%A2%E3%83%95%E3%83%AA%E3%82%AB" n3="%73%75%6E%61%62%61%6B%75" dan="16,17,16,16" rate="2074.15,2189.48,2136.99,2072.25" sx="M,M,M,M"/><TAIKYOKU oya="0"/><INIT seed="0,0,0,4,0,10" ten="250,250,250,250" oya="0" hai0="53,87,135,13,115,19,62,6,91,133,76,111,81" hai1="132,95,97,103,30,11,61,21,80,41,0,16,37" hai2="3,23,85,34,40,129,68,5,134,12,105,124,79" hai3="70,112,27,116,18,51,43,24,125,120,59,82,69"/><T47/><D115/><U33/><E132/><N who="0" m="50761" /><D6/><U36/><E41/><V29/><F134/><W49/><G116/><T96/><D111/><U117/><E117/><V127/><F68/><W20/><G112/><T109/><D109/><U25/><E80/><N who="2" m="47263" /><F105/><W57/><G120/><T106/><D106/><U28/><E61/><V122/><F40/><W35/><G43/><T39/><D39/><U50/><E50/><V44/><F44/><W119/><G119/><T78/><D96/><U90/><E30/><V73/><F73/><W107/><G107/><T74/><D74/><U31/><E28/><V55/><F122/><W86/><G86/><T17/><D17/><U114/><E114/><V8/><F55/><W52/><G82/><T102/><D102/><U94/><E0/><V88/><F34/><W45/><G125/><T110/><D110/><U130/><E11/><V15/><F129/><W26/><G35/><T101/><D101/><U32/><E130/><V54/><F54/><W131/><G131/><T72/><D72/><U83/><E33/><V128/><F128/><W48/><G69/><T7/><D7/><U66/><E31/><V77/><F29/><W1/><G70/><T56/><D47/><U104/><E32/><V121/><F121/><W108/><G108/><T63/><D63/><U46/><E46/><V67/><F127/><W84/><G1/><T64/><D53/><U71/><E37/><V89/><F3/><W22/><G45/><T113/><D113/><U60/><E36/><V100/><F124/><W9/><G52/><T75/><D75/><U58/><E71/><RYUUKYOKU ba="0,0" sc="250,15,250,15,250,-15,250,-15" hai0="13,19,56,62,64,76,78,81,87,91" hai1="16,21,25,58,60,66,83,90,94,95,97,103,104" /><INIT seed="0,1,0,3,4,73" ten="265,265,235,235" oya="0" hai0="99,122,124,116,119,36,61,114,19,95,40,38,109" hai1="76,131,94,64,6,87,52,113,82,11,14,24,112" hai2="2,134,93,63,60,69,65,132,3,126,102,79,66" hai3="115,135,105,39,68,18,28,75,67,13,120,7,103"/><T130/><D114/><N who="1" m="44139" /><E131/><V1/><F126/><W101/><G115/><T129/><D122/><U70/><E70/><V98/><REACH who="2" step="1"/><F79/><REACH who="2" ten="265,265,225,235" step="2"/><W84/><G120/><T37/><D124/><U22/><E64/><V78/><F78/><W16/><G67/><T9/><D119/><U57/><E94/><V15/><F15/><W125/><G13/><N who="0" m="7599" /><D116/><U42/><E14/><V72/><F72/><W5/><G75/><T53/><D109/><U100/><E76/><V128/><F128/><N who="0" m="49258" /><D40/><U133/><E42/><V50/><F50/><W88/><G125/><T56/><D38/><U108/><E108/><V58/><AGARI ba="1,1" hai="1,2,3,58,60,63,65,66,69,93,98,102,132,134" machi="58" ten="40,2700,0" yaku="1,1,0,1,53,0" doraHai="73" doraHaiUra="71" who="2" fromWho="2" sc="265,-14,265,-8,225,40,235,-8" /><INIT seed="1,0,0,2,0,121" ten="251,257,265,227" oya="1" hai0="3,91,53,92,57,61,107,67,133,109,132,76,71" hai1="48,30,40,129,2,79,63,51,69,28,39,86,24" hai2="81,112,64,18,36,116,73,38,108,47,72,130,41" hai3="20,77,43,12,0,8,45,13,66,23,56,15,111"/><U103/><E2/><V32/><F116/><W1/><G77/><T134/><D107/><U55/><E129/><V9/><F130/><W31/><G66/><T11/><D76/><U100/><E39/><V4/><F112/><W33/><G56/><T14/><D3/><N who="3" m="1097" /><G45/><T75/><D75/><U5/><E5/><V135/><F64/><W74/><G43/><T60/><D14/><N who="3" m="5737" /><G74/><T95/><D11/><U128/><E128/><V29/><F73/><W131/><G131/><T78/><D78/><U52/><E69/><V98/><F98/><W117/><G111/><T120/><D120/><U44/><E63/><V97/><F108/><W87/><G87/><N who="0" m="52351" /><D95/><U21/><E30/><V127/><F97/><W96/><G96/><T62/><D62/><U115/><E115/><V80/><F72/><W54/><G54/><N who="1" m="20522" /><E48/><V90/><F38/><W88/><G88/><T124/><D124/><U6/><E6/><V7/><F90/><W35/><G117/><T34/><D34/><N who="3" m="12809" /><G31/><T84/><D84/><U82/><AGARI ba="0,0" hai="21,24,28,40,44,51,79,82,86,100,103" m="20522" machi="82" ten="30,3000,0" yaku="8,1,54,1" doraHai="121" who="1" fromWho="1" sc="251,-10,257,30,265,-10,227,-10" /><INIT seed="1,1,0,1,1,66" ten="241,287,255,217" oya="1" hai0="27,86,6,36,129,73,47,125,22,133,120,38,122" hai1="41,12,70,49,28,131,19,17,29,68,11,77,33" hai2="72,90,117,24,92,83,57,40,42,91,18,61,52" hai3="104,111,81,64,8,44,20,135,35,56,9,13,113"/><U26/><E131/><V82/><F117/><W119/><G113/><T84/><D73/><U62/><E77/><V118/><F118/><W85/><G35/><T15/><D129/><U25/><E19/><V3/><F3/><W53/><G119/><T105/><D105/><U93/><E62/><V123/><F123/><W76/><G104/><T59/><D133/><U65/><E65/><V5/><F5/><W58/><G135/><T67/><D125/><U100/><E41/><N who="2" m="15979" /><F91/><W0/><G0/><T37/><D47/><U51/><E51/><V4/><F4/><W97/><G111/><T21/><D67/><U54/><E100/><V103/><F103/><W39/><G97/><T16/><D59/><U34/><E93/><V23/><F72/><W98/><G39/><T74/><D74/><U112/><E112/><V126/><F126/><W107/><G107/><T89/><D6/><U71/><E71/><V130/><F130/><W95/><G20/><T10/><D10/><U121/><E121/><N who="0" m="46697" /><D89/><U124/><E124/><V101/><F101/><W87/><G64/><T94/><D94/><U30/><E29/><AGARI ba="1,0" hai="15,16,21,22,27,29,36,37,38,84,86" m="46697" machi="29" ten="40,2600,0" yaku="13,1,54,1" doraHai="66" who="0" fromWho="1" sc="241,29,287,-29,255,0,217,0" /><INIT seed="2,0,0,1,0,53" ten="270,258,255,217" oya="2" hai0="113,9,100,32,108,80,76,84,104,35,44,94,24" hai1="102,10,86,130,57,121,68,30,12,65,50,41,25" hai2="26,47,20,1,3,91,64,112,19,4,0,114,90" hai3="116,54,29,39,74,117,27,135,123,118,11,119,28"/><V128/><F4/><W55/><G123/><T45/><D113/><U66/><E68/><V126/><F128/><W111/><G74/><T42/><D104/><U31/><E130/><V99/><F126/><W129/><G39/><T16/><D108/><U133/><E133/><V7/><F7/><W60/><G129/><T134/><D134/><U17/><E121/><V49/><F64/><N who="1" m="24681" /><E102/><V97/><F114/><W115/><G115/><T85/><D45/><N who="1" m="25903" /><E25/><V15/><F26/><W122/><G122/><T52/><D42/><U107/><E107/><V75/><F75/><W79/><G135/><T2/><D2/><U93/><E57/><V22/><F112/><W132/><G111/><T14/><D24/><U33/><E33/><V72/><F72/><W95/><G132/><T58/><D44/><U18/><E18/><N who="2" m="10335" /><F3/><W21/><G116/><T46/><D46/><U67/><E67/><V23/><F19/><W125/><G125/><T89/><D100/><U69/><E69/><V37/><F37/><W131/><G131/><T124/><D124/><U13/><E13/><V70/><F70/><W127/><G127/><T8/><D8/><U77/><E77/><V34/><F34/><W61/><G117/><T92/><D92/><U101/><E86/><V106/><F106/><W110/><G110/><T73/><REACH who="0" step="1"/><D73/><REACH who="0" ten="260,258,255,217" step="2"/><U78/><E101/><V6/><F1/><W36/><G118/><T83/><D83/><U43/><E43/><V96/><F0/><W120/><G119/><T62/><AGARI ba="0,1" hai="9,14,16,32,35,52,58,62,76,80,84,85,89,94" machi="62" ten="20,16000,3" yaku="1,1,0,1,7,1,52,1,54,2,53,2" doraHai="53" doraHaiUra="82" who="0" fromWho="0" sc="260,170,258,-40,255,-80,217,-40" /><INIT seed="3,0,0,4,2,21" ten="430,218,175,177" oya="3" hai0="80,10,20,47,16,14,4,71,130,50,25,67,129" hai1="97,70,75,89,120,79,115,103,31,9,72,96,109" hai2="126,99,88,58,117,30,78,27,3,17,41,26,55" hai3="121,64,61,86,57,84,107,123,2,24,46,59,101"/><W7/><G2/><T60/><REACH who="0" step="1"/><D80/><REACH who="0" ten="420,218,175,177" step="2"/><N who="1" m="45159" /><E70/><V22/><F117/><W82/><G121/><T19/><D19/><U124/><E120/><V135/><F3/><W53/><G82/><T54/><AGARI ba="0,1" hai="4,10,14,16,20,25,47,50,54,60,67,71,129,130" machi="54" ten="30,8000,1" yaku="21,2,0,1,52,1,54,1,53,0" doraHai="21" doraHaiUra="134" who="0" fromWho="0" sc="420,90,218,-20,175,-20,177,-40" /><INIT seed="4,0,0,0,0,23" ten="510,198,155,137" oya="0" hai0="5,7,130,110,21,82,107,100,77,101,6,134,73" hai1="10,125,14,76,4,89,39,0,11,37,86,104,115" hai2="69,32,40,13,51,15,135,38,131,26,83,109,84" hai3="54,117,47,42,112,17,102,87,2,24,16,43,68"/><T48/><D130/><U95/><E104/><V31/><F131/><W56/><G117/><T55/><D134/><U27/><E125/><V3/><F3/><W58/><G68/><T57/><D110/><U45/><E115/><V122/><F122/><W18/><G2/><T106/><REACH who="0" step="1"/><D21/><REACH who="0" ten="500,198,155,137" step="2"/><U129/><E129/><V105/><F135/><W22/><G112/><T92/><D92/><U64/><E95/><V113/><F109/><W30/><G102/><AGARI ba="0,1" hai="5,6,7,48,55,57,73,77,82,100,101,102,106,107" machi="102" ten="40,2000,0" yaku="1,1,53,0" doraHai="23" doraHaiUra="114" who="0" fromWho="3" sc="500,30,198,0,155,0,137,-20" /><INIT seed="4,1,0,0,4,126" ten="530,198,155,117" oya="0" hai0="1,60,65,84,27,70,111,107,43,114,82,117,2" hai1="5,132,73,97,59,135,45,133,68,46,91,98,62" hai2="89,79,21,51,37,108,17,115,14,131,40,63,38" hai3="12,103,24,71,101,4,32,100,104,78,13,125,53"/><T113/><D107/><U75/><E68/><V109/><F79/><W123/><G125/><T10/><D117/><U121/><E5/><V31/><F31/><W85/><G71/><T42/><D111/><U116/><E116/><V54/><F115/><N who="0" m="44042" /><D27/><U36/><E121/><V76/><F76/><W28/><G123/><T19/><D19/><U44/><E36/><V96/><F38/><W77/><G104/><T0/><D10/><U8/><E8/><V110/><F40/><W11/><G13/><T30/><D30/><U3/><E3/><V61/><F37/><W7/><G7/><T64/><D64/><N who="1" m="39007" /><E91/><AGARI ba="1,0" hai="0,1,2,42,43,60,65,70,82,84,91" m="44042" machi="91" ten="40,2000,0" yaku="15,1" doraHai="126" who="0" fromWho="1" sc="530,23,198,-23,155,0,117,0" /><INIT seed="4,2,0,5,5,27" ten="553,175,155,117" oya="0" hai0="135,92,2,59,10,128,24,46,84,107,4,67,116" hai1="76,91,30,61,77,51,98,47,95,14,119,86,50" hai2="52,88,25,108,58,93,41,32,122,36,18,111,23" hai3="65,90,11,39,48,130,82,15,121,113,100,70,118"/><T57/><D116/><U74/><E119/><V13/><F122/><W37/><G118/><T132/><D107/><U5/><E74/><V109/><F41/><W115/><G121/><T1/><D1/><U126/><E126/><V129/><F36/><W79/><G130/><T134/><D128/><U38/><E38/><V80/><F80/><W102/><G70/><T40/><D24/><U19/><E5/><V66/><F66/><W28/><G65/><T103/><D67/><U112/><E61/><V114/><F114/><W83/><G39/><N who="0" m="21791" /><D103/><U71/><E112/><N who="3" m="43082" /><G37/><T105/><D105/><U133/><E133/><V33/><F129/><W62/><G62/><T17/><D17/><U9/><E71/><V87/><REACH who="2" step="1"/><F25/><REACH who="2" ten="553,175,145,117" step="2"/><W7/><G83/><T43/><D43/><N who="1" m="24959" /><E76/><V72/><F72/><W110/><G79/><T12/><D2/><U20/><E77/><V85/><F85/><W106/><G82/><T35/><D35/><U34/><E34/><V31/><F31/><W42/><G28/><T56/><D84/><U120/><E120/><V123/><F123/><W54/><G106/><T69/><D92/><U0/><E0/><V53/><F53/><W101/><G42/><T16/><D69/><U21/><E30/><V125/><F125/><W26/><G26/><T99/><D99/><U73/><E73/><V75/><F75/><W64/><G64/><T3/><D3/><U22/><E86/><V96/><F96/><W45/><G110/><T29/><D29/><U6/><E98/><V131/><F131/><W8/><G54/><T55/><D55/><U127/><E127/><RYUUKYOKU ba="2,1" sc="553,15,175,-15,145,15,117,-15" hai0="4,10,12,16,56,57,59,132,134,135" hai2="13,18,23,32,33,52,58,87,88,93,108,109,111" /><INIT seed="4,3,1,5,0,121" ten="568,160,160,102" oya="0" hai0="78,102,132,39,86,19,104,10,96,62,64,17,31" hai1="23,130,133,38,98,26,134,3,91,110,73,7,111" hai2="43,88,61,60,95,2,79,116,117,67,84,5,92" hai3="118,45,35,113,100,125,48,24,129,47,9,123,90"/><T46/><D132/><N who="1" m="50795" /><E38/><V11/><F43/><W81/><G118/><N who="2" m="45673" /><F79/><W8/><G123/><T27/><D10/><N who="1" m="2431" /><E73/><V114/><F114/><W32/><G113/><T124/><D124/><U122/><E122/><V82/><F61/><W50/><G125/><T21/><D39/><U72/><E72/><V13/><F2/><W55/><G129/><T49/><D78/><U85/><E98/><V80/><F80/><W108/><G108/><N who="1" m="41514" /><E130/><V59/><AGARI ba="3,1" hai="5,11,13,59,60,67,82,84,88,92,95" m="45673" machi="59" ten="30,2000,0" yaku="12,1,54,1" doraHai="121" who="2" fromWho="2" sc="568,-13,160,-8,160,39,102,-8" /><INIT seed="5,0,0,3,1,47" ten="555,152,199,94" oya="1" hai0="6,22,83,74,80,28,46,49,132,52,67,45,21" hai1="99,109,51,108,125,11,96,128,0,90,16,59,66" hai2="64,55,79,82,92,43,35,29,5,94,120,95,18" hai3="61,134,84,44,65,37,81,121,57,27,116,40,1"/><U104/><E128/><V91/><F120/><W19/><G121/><T78/><D132/><U39/><E39/><V13/><F64/><W24/><G1/><T30/><D67/><U114/><E114/><V58/><F43/><W42/><G134/><T77/><D6/><N who="1" m="1479" /><E104/><V106/><F5/><W20/><G116/><T112/><D112/><U33/><E33/><V135/><F106/><W26/><REACH who="3" step="1"/><G40/><REACH who="3" ten="555,152,199,84" step="2"/><T93/><D93/><N who="1" m="56375" /><E125/><V97/><F135/><W117/><G117/><T86/><D30/><U133/><E133/><V124/><F29/><W31/><G31/><T9/><D28/><U8/><E109/><V32/><F124/><W48/><G48/><T70/><D70/><U7/><E51/><V25/><F35/><W119/><G119/><T54/><D9/><U41/><E41/><V103/><F32/><W113/><G113/><T71/><D71/><U12/><E108/><V118/><F118/><W101/><G101/><T2/><D2/><U115/><E115/><V14/><F103/><W89/><AGARI ba="0,1" hai="19,20,24,26,27,37,42,44,57,61,65,81,84,89" machi="89" ten="20,2700,0" yaku="1,1,0,1,7,1,53,0" doraHai="47" doraHaiUra="123" who="3" fromWho="3" sc="555,-7,152,-13,199,-7,84,37" /><INIT seed="6,0,0,5,5,131" ten="548,139,192,121" oya="2" hai0="62,52,8,0,23,29,73,75,96,95,102,37,35" hai1="132,134,32,10,97,22,39,103,53,104,45,34,58" hai2="79,86,127,101,125,114,105,50,4,116,89,15,47" hai3="38,42,130,43,128,94,61,24,83,133,40,55,5"/><V115/><F116/><W85/><G38/><T118/><D37/><U80/><E22/><V56/><F56/><N who="3" m="34975" /><G5/><T109/><D109/><U46/><E80/><V19/><F4/><W98/><G24/><T70/><D118/><U54/><E10/><V16/><F79/><W69/><G69/><T17/><D29/><U110/><E110/><V9/><F19/><W113/><G113/><N who="2" m="43017" /><F101/><W99/><G94/><T124/><D35/><N who="1" m="13355" /><E39/><V93/><F105/><W59/><G59/><T27/><D124/><U72/><E72/><V119/><F119/><W120/><G120/><T30/><D70/><U57/><E57/><V41/><AGARI ba="0,0" hai="9,15,16,41,47,50,86,89,93,125,127" m="43017" machi="41" ten="30,3000,0" yaku="15,1,54,1" doraHai="131" who="2" fromWho="2" sc="548,-10,139,-10,192,30,121,-10" /><INIT seed="6,1,0,5,1,61" ten="538,129,222,111" oya="2" hai0="20,104,101,91,35,23,47,54,16,31,82,27,90" hai1="95,125,111,83,73,114,96,48,108,100,25,33,87" hai2="29,32,65,64,129,13,128,53,121,126,5,36,133" hai3="28,67,77,41,10,88,30,18,81,69,118,99,116"/><V86/><F36/><W110/><G110/><T119/><D119/><U70/><E70/><V98/><F121/><W93/><G116/><T105/><D35/><U43/><E114/><V78/><F126/><W75/><G118/><T4/><D4/><U21/><E33/><V85/><F98/><W131/><G131/><N who="2" m="50249" /><F133/><W92/><G41/><T44/><D101/><U115/><E115/><V132/><F132/><W38/><G38/><T9/><D9/><U109/><E73/><V58/><F29/><W120/><G120/><T7/><D7/><U8/><E8/><N who="2" m="4239" /><F32/><W51/><G51/><T135/><D135/><U45/><E125/><V103/><F103/><W15/><REACH who="3" step="1"/><G92/><REACH who="3" ten="538,129,222,101" step="2"/><T14/><D105/><U24/><REACH who="1" step="1"/><E21/><REACH who="1" ten="538,119,222,101" step="2"/><V56/><F78/><AGARI ba="1,2" hai="24,25,43,45,48,78,83,87,95,96,100,108,109,111" machi="78" ten="40,2600,0" yaku="1,1,2,1,53,0" doraHai="61" doraHaiUra="71" who="1" fromWho="2" sc="538,0,119,49,222,-29,101,0" /><INIT seed="7,0,0,4,4,28" ten="538,168,193,101" oya="3" hai0="75,35,54,132,9,127,88,19,111,58,73,115,101" hai1="117,59,93,104,96,120,97,49,94,36,90,69,77" hai2="16,107,134,21,78,86,72,37,70,76,7,32,27" hai3="65,38,8,85,55,91,50,46,84,68,10,3,42"/><W62/><G3/><T0/><D111/><U14/><E69/><V13/><F107/><W99/><G99/><T110/><D35/><U100/><E36/><V4/><F70/><W123/><G123/><T11/><D101/><U103/><E120/><V113/><F37/><W52/><G55/><T66/><D66/><U1/><E1/><V108/><F72/><W71/><G71/><T15/><D88/><U17/><E77/><V109/><F78/><W114/><G114/><T118/><D118/><U122/><E122/><V130/><F113/><W29/><G29/><T6/><D110/><U5/><E5/><V128/><F109/><W47/><REACH who="3" step="1"/><G85/><REACH who="3" ten="538,168,193,91" step="2"/><T63/><D115/><U82/><E117/><V61/><F108/><W60/><G60/><T102/><D132/><U40/><E104/><V2/><F61/><W135/><G135/><T92/><D127/><U34/><E97/><V24/><F134/><W31/><G31/><T80/><D75/><U20/><E96/><V30/><F2/><W125/><G125/><T57/><D73/><U48/><E100/><V53/><F53/><W131/><G131/><T133/><D133/><U23/><E103/><V83/><F130/><W119/><G119/><T124/><D124/><U79/><E40/><V98/><F98/><W64/><G64/><T39/><D102/><U33/><E59/><V95/><F128/><W89/><G89/><T74/><D57/><U87/><E90/><V12/><F86/><W43/><G43/><T105/><D105/><U25/><E87/><V18/><F30/><W116/><G116/><T106/><D106/><RYUUKYOKU ba="0,1" sc="538,-10,168,-10,193,-10,91,30" hai3="8,10,38,42,46,47,50,52,62,65,68,84,91" /><INIT seed="7,1,1,5,3,25" ten="528,158,183,121" oya="3" hai0="125,66,58,70,73,114,41,1,2,20,69,7,95" hai1="91,80,11,62,68,72,15,46,17,19,97,64,108" hai2="16,81,93,103,22,123,122,118,82,0,14,112,60" hai3="53,79,75,135,54,121,13,94,43,61,37,18,111"/><W83/><G121/><N who="2" m="46089" /><F0/><W130/><G37/><T78/><D73/><U57/><E108/><V8/><F112/><W102/><G43/><T24/><D78/><U107/><E19/><V34/><F34/><W45/><G111/><T9/><D114/><U84/><E46/><V132/><F132/><W6/><G135/><T85/><D1/><U67/><E72/><V10/><F60/><W55/><G6/><T105/><D105/><U12/><E12/><V21/><F118/><W129/><G45/><T101/><D125/><U134/><E134/><V119/><F119/><W87/><G61/><T128/><D128/><N who="3" m="49257" /><G102/><T4/><D4/><U99/><E107/><V63/><F63/><W31/><G31/><T38/><D38/><U51/><E67/><V65/><F65/><W131/><N who="3" m="49265" /><W35/><DORA hai="77" /><G35/><T59/><D41/><U71/><REACH who="1" step="1"/><E51/><REACH who="1" ten="528,148,183,121" step="2"/><V86/><F10/><N who="3" m="6455" /><G94/><T126/><D95/><U28/><E28/><V33/><F93/><W74/><AGARI ba="1,2" hai="53,54,55,74,75,79,83,87" m="6455,49265" machi="74" ten="50,4800,0" yaku="19,1,52,1" doraHai="25,77" who="3" fromWho="3" sc="528,-17,148,-17,183,-17,121,71" /><INIT seed="7,2,0,5,5,15" ten="511,131,166,192" oya="3" hai0="68,0,23,130,66,63,91,20,21,82,105,13,32" hai1="2,75,107,112,10,56,86,7,61,65,98,45,38" hai2="116,60,124,34,43,87,76,81,1,51,128,8,50" hai3="94,59,90,41,14,19,117,31,111,26,9,83,12"/><W113/><G117/><T127/><D32/><U135/><E112/><V16/><F116/><W73/><G113/><T4/><D105/><U131/><E131/><V67/><F128/><W37/><G111/><T48/><D130/><U122/><E122/><V25/><F124/><W5/><G37/><T55/><D127/><U33/><E135/><V17/><F43/><W39/><G39/><T97/><D0/><U120/><E120/><V134/><F134/><W115/><G115/><T102/><D4/><U53/><E33/><V35/><F35/><W28/><G41/><T42/><D42/><U125/><E125/><V89/><F76/><W46/><G46/><T57/><D102/><U88/><E75/><V78/><F78/><W118/><G118/><T80/><D13/><U58/><E38/><V74/><F74/><W123/><G123/><T121/><D121/><U108/><E108/><V69/><F1/><W92/><G73/><T36/><D36/><U100/><E45/><V22/><F34/><W106/><G106/><T11/><D11/><U133/><E133/><V47/><F47/><W70/><G70/><T64/><D64/><U52/><E58/><V109/><F109/><W96/><G59/><N who="0" m="33255" /><D68/><U62/><E62/><V104/><F104/><W6/><G83/><AGARI ba="2,0" hai="2,7,10,52,53,56,61,65,83,86,88,98,100,107" machi="83" ten="30,3900,0" yaku="7,1,54,2" doraHai="15" who="1" fromWho="3" sc="511,0,131,45,166,0,192,-45" owari="511,60.0,176,-2.0,166,-23.0,147,-35.0" /></mjloggm>