<mjloggm ver="2.3"><GO type="169" lobby="0"/><UN n0="%E3%81%BE%E3%81%8A%E3%82%89%E3%82%93" n1="%EF%BC%BC%28%EF%BC%BE%6F%EF%BC%BE%29%EF%BC%8F%E2%98%85" n2="%70%69%2D%70%6F" n3="%70%67%61%69%6E" dan="17,19,16,17" rate="2205.54,2231.55,2134.89,2112.28" sx="F,M,M,M"/><TAIKYOKU oya="0"/><INIT seed="0,0,0,0,1,114" ten="250,250,250,250" oya="0" hai0="66,33,38,48,54,57,59,101,110,19,99,60,24" hai1="117,103,125,15,129,58,1,134,78,34,74,115,135" hai2="29,36,127,14,83,73,121,131,126,42,12,7,40" hai3="119,50,76,47,52,3,106,93,43,72,124,122,120"/><T75/><D75/><U95/><E1/><V53/><F121/><N who="3" m="46699" /><G106/><T2/><D2/><U44/><E34/><V118/><F131/><W35/><G124/><N who="2" m="47657" /><F29/><W46/><G3/><T21/><D33/><U26/><E26/><V68/><F68/><W0/><G0/><T22/><D22/><U23/><E58/><V92/><F92/><W109/><G109/><T108/><REACH who="0" step="1"/><D38/><REACH who="0" ten="240,250,250,250" step="2"/><U65/><E23/><V61/><F36/><W39/><G35/><T13/><D13/><U91/><E15/><V51/><F14/><W9/><G9/><T79/><D79/><U87/><E78/><V45/><F12/><W82/><G93/><AGARI ba="0,1" hai="19,21,24,48,54,57,59,60,66,93,99,101,108,110" machi="93" ten="40,3900,0" yaku="1,1,53,1" doraHai="114" doraHaiUra="49" who="0" fromWho="3" sc="240,49,250,0,250,0,250,-39" /><INIT seed="0,1,0,5,2,129" ten="289,250,250,211" oya="0" hai0="106,54,133,111,112,42,117,53,73,94,19,93,27" hai1="121,114,52,4,29,110,11,30,70,13,50,134,98" hai2="105,34,90,48,6,77,64,3,85,82,83,104,55" hai3="135,113,76,97,125,66,26,65,1,41,37,33,102"/><T99/><D73/><U57/><E121/><V126/><F34/><W109/><G109/><T9/><D106/><U78/><E110/><V23/><F126/><W17/><G113/><T131/><D111/><U40/><E114/><V44/><F64/><W58/><G125/><T123/><D112/><U20/><E70/><V39/><F39/><W116/><G116/><T43/><D117/><U89/><E78/><V35/><F35/><W81/><G1/><T132/><D123/><U107/><E134/><N who="0" m="51817" /><D131/><U47/><E20/><V8/><F23/><W22/><G66/><T127/><D127/><U28/><E107/><V18/><F18/><W24/><G65/><T2/><D93/><N who="1" m="56623" /><E57/><V80/><F80/><W87/><G81/><T0/><D27/><U119/><E119/><V46/><REACH who="2" step="1"/><F44/><REACH who="2" ten="289,250,240,211" step="2"/><N who="3" m="23599" /><G135/><T67/><D67/><U63/><E47/><V74/><AGARI ba="1,1" hai="3,6,8,46,48,55,74,77,82,83,85,90,104,105" machi="74" ten="20,5200,0" yaku="1,1,0,1,7,1,53,1" doraHai="129" doraHaiUra="49" who="2" fromWho="2" sc="289,-27,250,-14,240,65,211,-14" /><INIT seed="1,0,0,5,1,44" ten="262,236,305,197" oya="1" hai0="10,118,78,39,110,88,60,97,121,46,90,85,79" hai1="71,95,98,64,14,70,81,109,33,32,7,9,84" hai2="125,119,132,53,116,103,128,25,62,94,83,20,135" hai3="35,57,27,31,92,101,104,0,114,65,66,48,67"/><U133/><E133/><N who="2" m="51275" /><F83/><W102/><G114/><T54/><D39/><U18/><E109/><V5/><F5/><W130/><G130/><T15/><D118/><U115/><E115/><V55/><F128/><W22/><G0/><T127/><D127/><U61/><E71/><V129/><F125/><W23/><G104/><T2/><D2/><U45/><E7/><V76/><F76/><W124/><G124/><T105/><D110/><U120/><E120/><V77/><F129/><W6/><G6/><T72/><D72/><U34/><E45/><V74/><F77/><W99/><REACH who="3" step="1"/><G102/><REACH who="3" ten="262,236,305,187" step="2"/><T17/><D121/><U3/><E3/><V29/><F103/><W56/><G56/><N who="0" m="34839" /><D105/><U100/><REACH who="1" step="1"/><E34/><REACH who="1" ten="262,226,305,187" step="2"/><N who="2" m="20783" /><F119/><W38/><G38/><T117/><D117/><U131/><E131/><V41/><F116/><W12/><G12/><T63/><D15/><U58/><E58/><V13/><F13/><W8/><G8/><T51/><D10/><U36/><E36/><V86/><F41/><W43/><G43/><T69/><D69/><U21/><E21/><V26/><F20/><W123/><G123/><T75/><D46/><U93/><E93/><V112/><F94/><W68/><G68/><T11/><D11/><U28/><E28/><V1/><F112/><W4/><G4/><T89/><D75/><U24/><E24/><V108/><F1/><W106/><G106/><T107/><D107/><U30/><E30/><V59/><F26/><W37/><G37/><T16/><D17/><U73/><E73/><V96/><F74/><W49/><G49/><T134/><D51/><U82/><E82/><RYUUKYOKU ba="0,2" sc="262,-15,226,15,305,-15,187,15" hai1="9,14,18,32,33,61,64,70,81,84,95,98,100" hai3="22,23,27,31,35,48,57,65,66,67,92,99,101" /><INIT seed="1,1,2,5,2,128" ten="247,241,290,202" oya="1" hai0="19,37,94,33,64,81,66,123,135,8,23,49,122" hai1="95,53,2,76,97,13,111,62,59,85,101,91,20" hai2="82,48,28,125,65,18,77,117,51,71,118,35,78" hai3="130,80,124,34,47,103,126,83,92,54,69,31,9"/><U0/><E111/><V102/><F125/><N who="3" m="48235" /><G130/><T44/><D33/><U73/><E13/><V46/><F102/><W129/><G129/><T6/><D37/><U87/><E87/><V112/><F112/><W14/><G69/><T16/><D94/><U25/><E76/><V86/><F78/><W133/><G133/><T100/><D81/><U24/><E73/><V90/><F51/><N who="3" m="29055" /><G31/><T121/><D100/><U89/><E25/><V27/><F90/><W29/><G29/><T60/><D135/><U3/><REACH who="1" step="1"/><E85/><REACH who="1" ten="247,231,290,202" step="2"/><V10/><F86/><W75/><G75/><T22/><D122/><U58/><E58/><V39/><F27/><W21/><G34/><T56/><D121/><U70/><E70/><V108/><F71/><W74/><G74/><T30/><D56/><U55/><E55/><V84/><F84/><W68/><G68/><T26/><D26/><U99/><E99/><V93/><F35/><W42/><G42/><T5/><D123/><U107/><E107/><V88/><F108/><W61/><G21/><T127/><D127/><U104/><E104/><V67/><F77/><W57/><G14/><T7/><D23/><U32/><E32/><V63/><F67/><N who="3" m="39343" /><G9/><T110/><D64/><U38/><E38/><V116/><F10/><W45/><G45/><T52/><D8/><U105/><E105/><V36/><F46/><W17/><G83/><T40/><D110/><U96/><E96/><N who="2" m="57383" /><F36/><W132/><G80/><T134/><D40/><U12/><E12/><V11/><F82/><W113/><G92/><T43/><D43/><U41/><E41/><V79/><F39/><RYUUKYOKU ba="1,3" sc="247,-10,231,30,290,-10,202,-10" hai1="0,2,3,20,24,53,59,62,89,91,95,97,101" /><INIT seed="1,2,3,1,1,123" ten="237,261,280,192" oya="1" hai0="84,10,15,56,91,113,40,28,3,35,86,31,57" hai1="131,14,102,63,32,1,11,119,18,74,61,117,97" hai2="54,81,76,111,83,25,94,121,99,2,109,65,17" hai3="112,4,6,38,100,67,27,0,9,127,50,43,116"/><U46/><E131/><V89/><F121/><W62/><G112/><T98/><D3/><U96/><E74/><V126/><F2/><W69/><G127/><T68/><D68/><U51/><E32/><V30/><F126/><W78/><G38/><T92/><D40/><U70/><E1/><V134/><F134/><W59/><G6/><N who="0" m="3543" /><D35/><U104/><E97/><V44/><F65/><W128/><G128/><T34/><D34/><U7/><E7/><V8/><F30/><N who="0" m="11306" /><D113/><U23/><E11/><V21/><F8/><W22/><G100/><T79/><D79/><U132/><E132/><V48/><REACH who="2" step="1"/><F83/><REACH who="2" ten="237,261,270,192" step="2"/><W24/><G67/><T73/><D73/><AGARI ba="2,4" hai="17,21,25,44,48,54,73,76,81,89,94,99,109,111" machi="73" ten="40,8000,1" yaku="1,1,2,1,52,2,53,0" doraHai="123" doraHaiUra="124" who="2" fromWho="0" sc="237,-86,261,0,270,126,192,0" /><INIT seed="2,0,0,0,1,38" ten="151,261,396,192" oya="2" hai0="131,97,81,99,109,5,25,57,35,127,34,31,130" hai1="13,124,18,33,76,107,19,56,90,94,48,114,49" hai2="45,27,103,93,7,6,88,59,70,95,20,132,63" hai3="135,41,66,83,28,47,10,91,84,89,39,68,133"/><V54/><F132/><N who="3" m="50763" /><G28/><T14/><D35/><U62/><E107/><V15/><F70/><W12/><G66/><T123/><D123/><U53/><E124/><V58/><F45/><W52/><G68/><T120/><D120/><U61/><E114/><V67/><F15/><W50/><G91/><T40/><D127/><U108/><E108/><V30/><F103/><W26/><G26/><T129/><D109/><U79/><E33/><V42/><F93/><W86/><G86/><T11/><D57/><U3/><E3/><V77/><F77/><N who="1" m="29769" /><E49/><N who="2" m="31055" /><F42/><W82/><G82/><T110/><D110/><U112/><E112/><V72/><F72/><W126/><G126/><T98/><D81/><U60/><E13/><V80/><F80/><W101/><G101/><T1/><D14/><U115/><E115/><V134/><F134/><W73/><G73/><T17/><D17/><U118/><E118/><V96/><AGARI ba="0,0" hai="6,7,20,27,30,59,63,67,88,95,96" m="31055" machi="96" ten="30,3000,0" yaku="8,1,54,1" doraHai="38" who="2" fromWho="2" sc="151,-10,261,-10,396,30,192,-10" /><INIT seed="2,1,0,0,5,45" ten="141,251,426,182" oya="2" hai0="90,118,80,27,128,85,93,91,55,119,29,49,53" hai1="110,56,42,9,70,112,83,62,46,103,109,72,52" hai2="13,77,100,117,73,57,58,54,92,1,19,44,113" hai3="133,41,25,15,38,120,22,95,89,6,28,10,39"/><V36/><F1/><W122/><G133/><T61/><D61/><U4/><E112/><V127/><F117/><W130/><G130/><T96/><D128/><U3/><E70/><V121/><F121/><W50/><G50/><T123/><D123/><U5/><E5/><V59/><F127/><W64/><G64/><T34/><REACH who="0" step="1"/><D55/><REACH who="0" ten="131,251,426,182" step="2"/><U23/><E52/><V98/><F54/><W20/><G122/><T67/><D67/><U97/><E62/><V47/><F113/><W26/><G120/><T108/><D108/><U60/><E110/><V12/><F36/><W2/><G41/><T18/><D18/><U21/><E109/><V7/><F19/><W114/><G114/><T32/><D32/><U124/><E60/><V88/><F7/><W63/><G63/><T116/><D116/><U66/><E66/><V126/><F126/><W69/><G69/><T11/><D11/><U43/><E43/><V87/><F73/><W24/><G39/><T106/><D106/><U71/><E71/><V81/><F100/><W48/><G38/><T82/><D82/><U30/><E83/><V86/><F98/><N who="3" m="57711" /><G48/><T8/><D8/><U115/><E9/><V131/><F131/><W99/><G99/><T129/><D129/><U16/><E97/><V111/><F111/><W135/><G135/><T51/><D51/><U35/><E124/><V31/><F31/><W125/><G125/><T102/><D102/><U101/><E115/><V14/><AGARI ba="1,1" hai="12,13,14,44,47,57,58,59,77,81,86,87,88,92" machi="14" ten="30,6000,0" yaku="0,1,8,1,54,1" doraHai="45" who="2" fromWho="2" sc="131,-21,251,-21,426,73,182,-21" /><INIT seed="2,2,0,0,3,80" ten="110,230,499,161" oya="2" hai0="85,86,52,77,12,17,69,92,11,15,94,74,21" hai1="5,72,98,47,35,104,115,106,117,45,60,97,114" hai2="87,4,13,123,122,79,34,107,134,50,75,95,110" hai3="103,135,121,51,19,2,18,40,23,26,113,70,9"/><V7/><F34/><W42/><G121/><T63/><D74/><U25/><E72/><V65/><F65/><W131/><G70/><T101/><D77/><U112/><E117/><V43/><F107/><W37/><G37/><T91/><D69/><U90/><E5/><V24/><F75/><W133/><G131/><T93/><D101/><U55/><E35/><V84/><F134/><N who="3" m="51211" /><G113/><T54/><D63/><U48/><E60/><V127/><F4/><N who="3" m="1175" /><G103/><T61/><D61/><U8/><E8/><V57/><F7/><W66/><G66/><T111/><D111/><U62/><E62/><V89/><F110/><W49/><G19/><N who="0" m="10495" /><D91/><U46/><E25/><V100/><F89/><W128/><G128/><T125/><D125/><U124/><E124/><V96/><F127/><W73/><G73/><T53/><AGARI ba="2,0" hai="11,12,17,52,53,54,85,86,92,93,94" m="10495" machi="53" ten="30,7900,0" yaku="8,1,52,2,54,1" doraHai="80" who="0" fromWho="0" sc="110,85,230,-22,499,-41,161,-22" /><INIT seed="3,0,0,5,4,32" ten="195,208,458,139" oya="3" hai0="83,104,43,77,3,122,97,42,125,65,115,34,91" hai1="20,48,103,106,68,47,118,93,129,75,10,16,117" hai2="31,30,127,17,15,41,123,84,69,51,111,81,50" hai3="26,44,8,53,124,36,22,133,1,56,110,85,70"/><W89/><G133/><T46/><D34/><U49/><E106/><V45/><F69/><W52/><G124/><T131/><D65/><U102/><E68/><V74/><F74/><W27/><G70/><T0/><D122/><U38/><E75/><V28/><F123/><W100/><G100/><T62/><D104/><U108/><E108/><V19/><F111/><W113/><G113/><T37/><D62/><U94/><E38/><V55/><F15/><W80/><G110/><T79/><D43/><U87/><E129/><V92/><F92/><N who="1" m="35433" /><E87/><V21/><F21/><W135/><G135/><T57/><D97/><U82/><E82/><V101/><F101/><N who="1" m="38409" /><E10/><V76/><F127/><W12/><G1/><T72/><D125/><U9/><E9/><V128/><F128/><W71/><G71/><T86/><D131/><U24/><E47/><AGARI ba="0,0" hai="17,19,28,30,31,41,45,47,50,51,55,76,81,84" machi="47" ten="40,1300,0" yaku="8,1" doraHai="32" who="2" fromWho="1" sc="195,0,208,-13,458,13,139,0" /><INIT seed="4,0,0,5,1,43" ten="195,195,471,139" oya="0" hai0="13,105,91,7,20,3,95,77,90,1,123,111,6" hai1="27,62,129,82,80,67,132,109,116,124,10,71,76" hai2="93,126,48,78,54,37,8,51,28,70,30,112,4" hai3="86,66,59,50,22,102,58,24,73,32,33,61,39"/><T60/><D105/><U23/><E109/><V44/><F37/><W89/><G73/><T26/><D123/><U115/><E116/><V108/><F108/><W100/><G39/><T92/><D111/><U107/><E107/><V94/><F70/><W5/><G5/><T118/><D77/><U38/><E38/><V9/><F112/><W79/><G79/><T130/><D118/><U56/><E132/><V81/><F51/><W83/><G33/><T135/><D13/><U64/><E124/><V11/><F4/><W31/><REACH who="3" step="1"/><G32/><REACH who="3" ten="195,195,471,129" step="2"/><T16/><D3/><U98/><E76/><V117/><F78/><W120/><G120/><T52/><D1/><U87/><E115/><V125/><F125/><W14/><G14/><T34/><D135/><U97/><E27/><V96/><F126/><W0/><G0/><T133/><D34/><U74/><E74/><V103/><F117/><W122/><G122/><T119/><D133/><U128/><E128/><V21/><F28/><W41/><G41/><T12/><D12/><U65/><E129/><V35/><F30/><W25/><G25/><T127/><D130/><U15/><E15/><V55/><F35/><W40/><G40/><T49/><D127/><U84/><E10/><V99/><F9/><W131/><G131/><T104/><D119/><U88/><E23/><V85/><F21/><W45/><G45/><N who="0" m="27695" /><D7/><U46/><E46/><V29/><F8/><W57/><G57/><T42/><D6/><U110/><E110/><V19/><F11/><W106/><G106/><T17/><D104/><U134/><E134/><V2/><F2/><RYUUKYOKU ba="0,1" sc="195,-10,195,-10,471,-10,129,30" hai3="22,24,31,50,58,59,61,66,83,86,89,100,102" /><INIT seed="5,1,1,5,1,116" ten="185,185,461,159" oya="1" hai0="21,94,1,53,78,4,52,106,65,13,34,120,22" hai1="70,76,49,96,35,121,45,101,93,29,48,0,86" hai2="40,131,135,25,79,10,9,61,81,85,18,119,90" hai3="74,99,84,5,118,123,132,89,24,87,114,125,88"/><U15/><E0/><V83/><F119/><W105/><G118/><T127/><D106/><U26/><E70/><V69/><F40/><W73/><G5/><T30/><D34/><U72/><E72/><V107/><F107/><W122/><G24/><N who="0" m="16655" /><D1/><U68/><E68/><V59/><F69/><W126/><G105/><T133/><D65/><U42/><E121/><N who="3" m="46090" /><G114/><T128/><D120/><U17/><E86/><N who="3" m="32810" /><G132/><T41/><D4/><U75/><E75/><N who="3" m="28682" /><G99/><T46/><D133/><U60/><E60/><V20/><F135/><W80/><G80/><T108/><D53/><U63/><E63/><V32/><F83/><W77/><G77/><T2/><D52/><U130/><E76/><V64/><F79/><W112/><G112/><T92/><D78/><U102/><E96/><V50/><F25/><W113/><G113/><T103/><D41/><U36/><E26/><V6/><F6/><W33/><G33/><T27/><D27/><U91/><E35/><V62/><F32/><W67/><G67/><T44/><D44/><U16/><E45/><V7/><F64/><W55/><G55/><T57/><D46/><U95/><E42/><V37/><F81/><W66/><G66/><T39/><D57/><U110/><E29/><V38/><F59/><W8/><G8/><T100/><D2/><U58/><E58/><V19/><F9/><W134/><G134/><T14/><D14/><U11/><E15/><V98/><F10/><W109/><G109/><T115/><D13/><U54/><E110/><V28/><F98/><W82/><G82/><T23/><D108/><U124/><E11/><RYUUKYOKU ba="1,1" sc="185,-10,185,-10,461,-10,159,30" hai3="88,89,125,126" /><INIT seed="6,2,1,0,5,117" ten="175,175,451,189" oya="2" hai0="0,101,131,112,104,133,50,40,120,52,34,69,12" hai1="48,134,105,30,5,73,111,51,24,33,99,1,102" hai2="95,71,84,88,108,125,39,77,62,23,55,65,2" hai3="17,70,45,130,87,100,75,19,27,96,6,57,29"/><V47/><F2/><W76/><G70/><T128/><D34/><U89/><E111/><V9/><F125/><W106/><G75/><T79/><D69/><U18/><E73/><V83/><F9/><W126/><G126/><T31/><D31/><U63/><E134/><V61/><F23/><W58/><G6/><T122/><D0/><U28/><E28/><V94/><F62/><W121/><G121/><N who="0" m="46699" /><D133/><U14/><E89/><V123/><F88/><W82/><G130/><N who="0" m="49707" /><D40/><U21/><E63/><V66/><F61/><W3/><G45/><N who="0" m="27727" /><D79/><U26/><E1/><V72/><F77/><W59/><G3/><T43/><D43/><U54/><E30/><V86/><F71/><W107/><G29/><T16/><D112/><U98/><E33/><V41/><F41/><W10/><G76/><T20/><D101/><U103/><E5/><V64/><F123/><W93/><G100/><T132/><D132/><U53/><E51/><V116/><F39/><W42/><G42/><T25/><D104/><U92/><E54/><V68/><F55/><W36/><G107/><T113/><D113/><U46/><AGARI ba="2,1" hai="14,18,21,24,26,46,48,53,92,98,99,102,103,105" machi="46" ten="20,1500,0" yaku="0,1,7,1" doraHai="117" who="1" fromWho="1" sc="175,-6,175,31,451,-9,189,-6" /><INIT seed="7,0,0,4,4,30" ten="169,206,442,183" oya="3" hai0="19,3,22,73,127,133,59,126,56,111,125,120,64" hai1="46,20,118,10,29,84,55,117,66,80,103,28,33" hai2="130,76,81,128,2,110,132,134,17,135,13,0,102" hai3="109,86,82,63,37,121,75,93,79,60,119,90,18"/><W57/><G119/><N who="1" m="45578" /><E33/><V36/><F110/><W9/><G37/><T11/><D73/><U8/><E66/><V51/><F51/><W97/><G121/><T53/><D111/><U65/><E65/><V52/><F52/><N who="3" m="33831" /><G75/><T49/><D120/><U114/><E103/><V89/><F102/><W5/><G109/><T15/><D133/><U26/><E29/><V48/><F48/><W1/><G1/><N who="2" m="617" /><F89/><W96/><G5/><T21/><REACH who="0" step="1"/><D3/><REACH who="0" ten="159,206,442,183" step="2"/><U105/><E114/><V16/><F132/><W83/><G63/><AGARI ba="0,1" hai="11,15,19,21,22,49,53,56,59,63,64,125,126,127" machi="63" ten="40,5200,0" yaku="1,1,2,1,18,1,53,0" doraHai="30" doraHaiUra="67" who="0" fromWho="3" sc="159,62,206,0,442,0,183,-52" owari="221,2.0,206,-19.0,442,54.0,131,-37.0" /></mjloggm>