<mjloggm ver="2.3"><GO type="169" lobby="0"/><UN n0="%E3%82%A2%E3%82%B9%E3%82%BF%E3%83%8A" n1="%67%69%6A%79%75%74%75" n2="%E3%82%A4%E3%83%8B%E3%82%A8%E3%82%B9%E3%82%BF" n3="%EF%BC%A3%EF%BC%93%E9%BE%8D%E9%96%80" dan="16,16,17,16" rate="2080.48,2138.16,2177.10,2090.89" sx="M,M,M,M"/><TAIKYOKU oya="0"/><INIT seed="0,0,0,5,1,52" ten="250,250,250,250" oya="0" hai0="67,109,85,130,42,79,39,115,107,114,123,50,78" hai1="93,57,129,126,25,64,66,28,11,19,71,119,112" hai2="60,80,89,124,58,125,29,73,84,6,51,118,38" hai3="133,55,13,7,32,34,16,33,101,35,120,87,108"/><T63/><D123/><U43/><E119/><V104/><F38/><W69/><G69/><T68/><D107/><U74/><E74/><V90/><F104/><W82/><G7/><T48/><D130/><U106/><E106/><V99/><F73/><W41/><G41/><T65/><D65/><U45/><E129/><V102/><F102/><W59/><G120/><T110/><D39/><U83/><E71/><V88/><F118/><W9/><G133/><T15/><D15/><U97/><E83/><V47/><F29/><W8/><G101/><T17/><D17/><U86/><E86/><V75/><F6/><W24/><G108/><N who="0" m="41579" /><D85/><U116/><E116/><V135/><F75/><W117/><G117/><T53/><D79/><U20/><E112/><N who="0" m="43049" /><D78/><U92/><E66/><N who="2" m="39191" /><F135/><W26/><N who="3" m="8192" /><DORA hai="111" /><W3/><G3/><T77/><D77/><U44/><E19/><V46/><F99/><W37/><G37/><T122/><D122/><U54/><E97/><V128/><F128/><W31/><G31/><T14/><D14/><U103/><E64/><V121/><F121/><W22/><G87/><T62/><D42/><U36/><E43/><V98/><F98/><W113/><G113/><T61/><D48/><U96/><E36/><V49/><F49/><W76/><G76/><T21/><D21/><U131/><E20/><V56/><F84/><W70/><G22/><T10/><D10/><U72/><E11/><V94/><F51/><W4/><G9/><T23/><D23/><U100/><E131/><V95/><F80/><W91/><G8/><T30/><D30/><U134/><E28/><RYUUKYOKU ba="0,0" sc="250,30,250,-10,250,-10,250,-10" hai0="50,53,61,62,63,67,68" /><INIT seed="0,1,0,5,5,52" ten="280,240,240,240" oya="0" hai0="95,91,115,75,25,123,37,41,54,99,51,27,19" hai1="105,14,58,60,110,80,40,13,49,39,93,131,18" hai2="82,35,122,1,33,101,26,5,56,119,17,112,55" hai3="126,57,92,114,30,83,42,10,74,46,20,84,69"/><T134/><D123/><U12/><E105/><V98/><F122/><W128/><G128/><T88/><D115/><U127/><E39/><V121/><F121/><W48/><G69/><T73/><D134/><U135/><E131/><V70/><F70/><W34/><G34/><T107/><D107/><U96/><E135/><V24/><F112/><W29/><G114/><T53/><D37/><U23/><E110/><V71/><F71/><W4/><G74/><T108/><D108/><U125/><E80/><V67/><F67/><W113/><G126/><N who="1" m="48138" /><E49/><V85/><F5/><W81/><G113/><T86/><D73/><U118/><E40/><V0/><F26/><N who="0" m="9738" /><D75/><U2/><E2/><V102/><F119/><W111/><G20/><T45/><D19/><U38/><E38/><V36/><F36/><W68/><G68/><T72/><D72/><U9/><E9/><V90/><F35/><W22/><G22/><T65/><D65/><N who="1" m="39063" /><E118/><V129/><F129/><W16/><G30/><T76/><D76/><U11/><E11/><V133/><F133/><W66/><G29/><T106/><D106/><U120/><E120/><V104/><F33/><W109/><G109/><T79/><D79/><U6/><E6/><V32/><F32/><W21/><G4/><T8/><D8/><U132/><E132/><V28/><F28/><W87/><G10/><T44/><D45/><U100/><AGARI ba="1,0" hai="12,13,14,18,23,93,96,100" m="39063,48138" machi="100" ten="30,2000,0" yaku="18,1,52,1" doraHai="52" who="1" fromWho="1" sc="280,-11,240,23,240,-6,240,-6" /><INIT seed="1,0,0,1,5,73" ten="269,263,234,234" oya="1" hai0="70,1,47,15,132,31,130,13,48,41,84,81,80" hai1="77,44,20,89,64,86,58,110,40,74,66,55,90" hai2="69,87,102,128,106,39,50,65,22,49,28,125,29" hai3="33,71,54,124,12,2,67,112,88,85,10,72,116"/><U113/><E113/><V18/><F39/><W129/><G112/><T36/><D1/><U26/><E74/><V45/><F128/><W25/><G72/><T5/><D130/><U103/><E103/><V60/><F125/><W133/><G133/><T17/><D132/><U27/><E110/><V123/><F123/><W79/><G2/><T108/><D108/><U75/><E75/><V37/><F37/><W97/><G124/><T19/><D31/><U59/><E77/><V11/><F11/><W52/><G79/><N who="0" m="46111" /><D70/><U8/><E8/><V21/><F50/><W46/><G97/><T122/><D122/><U93/><E90/><V56/><F69/><W30/><G116/><T95/><D36/><U134/><E134/><V109/><F109/><W96/><G96/><T34/><D34/><U76/><E76/><V100/><F87/><W7/><G46/><T83/><D95/><U91/><E91/><V82/><F82/><N who="0" m="31242" /><D15/><U114/><E114/><V23/><F106/><W9/><G129/><T6/><D19/><N who="1" m="12575" /><E27/><V61/><F18/><W35/><G35/><T14/><D14/><U38/><E59/><N who="2" m="37023" /><F29/><W32/><G32/><T99/><D99/><U53/><E58/><V0/><F0/><N who="3" m="231" /><G71/><T101/><D101/><U94/><E94/><V135/><F28/><W98/><G98/><T127/><D127/><U117/><E117/><V43/><F135/><W126/><G126/><T115/><D115/><U62/><E62/><V107/><F107/><W131/><G131/><T111/><D111/><U78/><E78/><V57/><F61/><W16/><G67/><T121/><D121/><RYUUKYOKU ba="0,0" sc="269,0,263,0,234,0,234,0" hai0="5,6,13,17,41,47,48" hai1="38,40,44,53,55,64,66,86,89,93" hai2="21,22,23,43,45,49,56,57,100,102" hai3="10,12,16,25,30,33,52,54,85,88" /><INIT seed="1,1,0,0,5,60" ten="269,263,234,234" oya="1" hai0="95,65,19,111,37,91,117,114,20,106,62,127,78" hai1="96,46,48,66,75,67,88,44,86,101,108,0,98" hai2="36,113,83,16,124,58,15,23,26,79,35,61,74" hai3="104,50,72,77,40,64,85,30,129,6,7,123,45"/><U32/><E75/><V43/><F124/><W102/><G72/><T5/><D117/><U25/><E0/><V115/><F43/><W22/><G129/><T70/><D114/><N who="2" m="43530" /><F36/><W47/><G123/><T133/><D106/><U51/><E108/><V59/><F61/><W24/><G104/><T130/><D130/><U100/><E32/><V63/><F63/><W1/><G1/><T116/><D116/><U76/><E76/><V13/><F13/><W94/><G64/><N who="1" m="24618" /><E25/><V29/><AGARI ba="1,0" hai="15,16,23,26,29,35,58,59,74,79,83" m="43530" machi="29" ten="30,2000,0" yaku="11,1,54,1" doraHai="60" who="2" fromWho="2" sc="269,-6,263,-11,234,23,234,-6" /><INIT seed="2,0,0,0,0,65" ten="263,252,257,228" oya="2" hai0="113,81,126,68,101,27,8,82,49,111,72,42,127" hai1="104,32,46,128,17,135,107,0,19,23,28,98,36" hai2="85,56,29,16,55,95,132,100,64,50,80,12,31" hai3="57,117,2,115,11,26,3,15,129,122,97,125,41"/><V53/><F132/><W83/><G117/><T33/><D113/><U133/><E0/><V92/><F64/><W37/><G115/><T40/><D111/><U84/><E28/><V7/><F7/><W110/><G110/><T44/><D101/><U118/><E32/><V116/><F116/><W96/><G125/><N who="0" m="47627" /><D42/><U73/><E73/><V78/><F55/><W123/><G129/><T77/><D8/><U70/><E84/><V105/><F105/><W24/><G83/><N who="0" m="45479" /><D68/><U62/><E118/><V63/><F63/><W52/><G41/><T114/><D114/><U22/><E62/><V21/><F100/><W103/><G37/><T60/><D60/><U87/><E36/><V10/><F10/><W4/><G3/><T5/><D5/><U13/><E70/><V59/><F59/><W90/><G2/><T34/><D27/><N who="3" m="10281" /><G103/><T67/><D67/><U112/><E112/><V45/><F45/><W14/><G122/><T121/><D121/><U134/><E46/><V51/><F51/><N who="3" m="30879" /><G123/><T48/><D48/><U124/><E135/><V20/><F20/><W18/><G90/><T88/><D82/><U30/><E124/><V35/><F35/><W69/><G69/><T38/><D49/><U74/><E134/><V119/><F119/><W131/><G131/><T108/><D108/><U9/><E128/><V94/><AGARI ba="0,0" hai="12,16,21,29,31,50,53,56,78,80,85,92,94,95" machi="94" ten="30,6000,0" yaku="0,1,8,1,54,1" doraHai="65" who="2" fromWho="2" sc="263,-20,252,-20,257,60,228,-20" /><INIT seed="2,1,0,4,5,102" ten="243,232,317,208" oya="2" hai0="132,72,7,56,8,127,19,60,107,118,10,135,53" hai1="42,89,47,24,48,68,54,41,70,99,51,28,35" hai2="92,90,81,111,9,128,17,97,20,108,46,104,122" hai3="87,73,30,78,29,1,98,66,38,11,34,21,105"/><V57/><F122/><W79/><G34/><T3/><D72/><U6/><E6/><V123/><F123/><W65/><G38/><T76/><D76/><U117/><E117/><V126/><F128/><W5/><G73/><T27/><D118/><U116/><E116/><V110/><F126/><W91/><G79/><T14/><D127/><U100/><E89/><V31/><F31/><W71/><G78/><T12/><D27/><U88/><E88/><N who="2" m="55431" /><F9/><W83/><G71/><T15/><REACH who="0" step="1"/><D107/><REACH who="0" ten="233,232,317,208" step="2"/><U26/><E26/><N who="2" m="14607" /><F104/><W50/><G105/><T121/><D121/><U129/><E129/><V25/><F25/><W67/><G30/><T75/><D75/><U62/><E24/><V55/><F46/><W85/><G29/><T101/><D101/><U124/><E100/><V32/><F32/><W43/><G83/><T64/><D64/><U82/><E82/><V112/><F112/><W93/><G67/><T49/><D49/><U4/><E51/><N who="2" m="30975" /><F90/><W95/><G66/><T39/><D39/><U74/><E124/><V115/><F115/><W125/><G65/><T80/><D80/><AGARI ba="1,1" hai="80,81,108,110,111" m="30975,14607,55431" machi="80" ten="30,5800,0" yaku="14,1,10,1,54,1" doraHai="102" who="2" fromWho="0" sc="233,-61,232,0,317,71,208,0" /><INIT seed="2,2,0,1,0,84" ten="172,232,388,208" oya="2" hai0="108,65,78,129,26,4,103,117,107,61,124,102,21" hai1="85,132,56,37,88,104,130,43,91,24,53,100,97" hai2="67,93,28,20,114,122,58,10,38,0,112,46,87" hai3="47,94,16,123,18,64,96,17,36,2,63,115,57"/><V54/><F122/><W77/><G123/><T118/><D108/><U11/><E130/><V5/><F67/><W120/><G120/><T90/><D129/><U30/><E132/><V71/><F71/><W95/><G2/><T109/><D109/><U81/><E11/><V3/><F3/><W1/><G1/><T9/><D78/><U111/><E111/><V73/><F73/><W7/><G7/><T22/><D124/><U92/><E43/><V105/><F105/><W35/><G35/><T44/><D44/><U33/><E37/><V8/><F8/><W42/><G115/><T14/><D90/><U79/><E104/><V121/><F121/><W74/><REACH who="3" step="1"/><G96/><REACH who="3" ten="172,232,388,198" step="2"/><T23/><D26/><U62/><AGARI ba="2,1" hai="24,30,33,53,56,62,79,81,85,88,91,92,97,100" machi="62" ten="20,8000,1" yaku="0,1,7,1,52,2,54,1" doraHai="84" who="1" fromWho="1" sc="172,-22,232,96,388,-42,198,-22" /><INIT seed="3,0,0,4,3,118" ten="150,328,346,176" oya="3" hai0="107,123,120,81,46,36,8,83,13,33,10,84,100" hai1="69,23,86,90,44,3,41,94,60,72,129,134,114" hai2="106,39,79,97,11,21,96,88,4,111,49,124,22" hai3="64,80,50,130,95,31,5,38,75,40,133,101,135"/><W85/><G75/><T104/><D33/><U82/><E114/><V18/><F39/><W93/><G38/><T51/><D36/><U74/><E3/><V73/><F111/><W70/><G101/><T103/><D84/><U47/><E47/><V19/><F124/><W87/><G87/><T32/><D32/><U6/><E6/><V52/><F79/><W43/><G31/><T9/><D13/><U92/><E92/><N who="3" m="35402" /><G5/><T26/><D26/><U128/><E94/><N who="2" m="56391" /><F73/><W30/><G30/><T53/><D103/><U76/><E76/><V15/><F106/><W115/><G130/><N who="1" m="50282" /><E134/><N who="3" m="51210" /><G50/><T62/><D62/><U25/><E60/><V0/><F97/><W42/><G115/><T1/><D1/><U122/><E69/><V29/><F0/><W48/><G48/><T121/><REACH who="0" step="1"/><D107/><REACH who="0" ten="140,328,346,176" step="2"/><U132/><E132/><V102/><F102/><W56/><G85/><T117/><D117/><U127/><E86/><V14/><F14/><W77/><G77/><T105/><D105/><U55/><E74/><V63/><F63/><N who="3" m="37991" /><G70/><T131/><D131/><U99/><E72/><V59/><F22/><W113/><G113/><T34/><D34/><U16/><E23/><V7/><F7/><W89/><G89/><T119/><D119/><U112/><E90/><V37/><F37/><W66/><G66/><T65/><D65/><U28/><E112/><V71/><F71/><W57/><G80/><T27/><D27/><AGARI ba="0,1" hai="4,11,15,18,19,21,27,29,49,52,59" m="56391" machi="27" ten="30,3900,0" yaku="8,1,54,2" doraHai="118" who="2" fromWho="0" sc="140,-39,328,0,346,49,176,0" /><INIT seed="4,0,0,5,3,84" ten="101,328,395,176" oya="0" hai0="14,25,128,131,123,3,93,126,124,110,16,68,47" hai1="31,96,44,26,72,23,101,97,37,35,2,19,104" hai2="98,117,95,89,130,69,50,0,73,122,1,17,102" hai3="113,27,22,127,109,62,75,48,13,79,51,59,85"/><T77/><D68/><U65/><E72/><V78/><F122/><W100/><G75/><T63/><D63/><U28/><E2/><V60/><F130/><N who="0" m="49706" /><D123/><U18/><E65/><V119/><F50/><W134/><G109/><T29/><D77/><U133/><E31/><V118/><F17/><W105/><G105/><T43/><D93/><U135/><E96/><V6/><F6/><W83/><G134/><N who="1" m="51210" /><E35/><V30/><F30/><N who="3" m="17783" /><G127/><T116/><D116/><U112/><E112/><V39/><F39/><W80/><G80/><T114/><D114/><U82/><E82/><N who="2" m="45391" /><F102/><W99/><G113/><T15/><D110/><U41/><AGARI ba="0,0" hai="18,19,23,26,28,37,41,44,97,101,104" m="51210" machi="41" ten="30,1100,0" yaku="20,1" doraHai="84" who="1" fromWho="1" sc="101,-5,328,11,395,-3,176,-3" /><INIT seed="5,0,0,5,3,11" ten="96,339,392,173" oya="1" hai0="87,97,85,48,15,44,114,20,35,103,38,109,91" hai1="62,33,8,118,61,130,86,75,100,121,24,106,129" hai2="14,119,53,41,52,12,57,54,36,32,108,134,63" hai3="81,43,71,68,88,98,66,94,133,49,28,18,46"/><U89/><E75/><V47/><F108/><W80/><G133/><T123/><D109/><U111/><E121/><V125/><F119/><W70/><G66/><T26/><D38/><U92/><E118/><V132/><F32/><W16/><G28/><T120/><D114/><U6/><E111/><V9/><F125/><W65/><G65/><T23/><D35/><U30/><E100/><V50/><F9/><W124/><G124/><T115/><D115/><U83/><E83/><V126/><F126/><W104/><G104/><T77/><D77/><U4/><E106/><V0/><F0/><W72/><REACH who="3" step="1"/><G81/><REACH who="3" ten="96,339,392,163" step="2"/><T112/><D112/><U27/><E30/><V45/><F134/><W59/><G59/><T55/><D120/><U117/><E117/><V39/><F132/><W29/><G29/><T7/><D123/><U42/><E33/><V101/><F57/><W113/><G113/><T95/><D26/><U37/><E24/><V25/><F25/><W22/><G22/><N who="0" m="8235" /><D103/><U127/><E27/><V1/><F101/><W64/><G64/><T90/><D91/><U122/><E89/><V93/><F47/><W84/><G84/><N who="0" m="32331" /><D7/><U110/><E4/><V82/><F45/><W51/><G51/><T116/><D116/><U69/><E6/><V13/><F50/><W34/><G34/><T128/><D128/><U40/><E130/><V99/><F39/><W74/><G74/><T105/><D105/><U21/><E129/><V131/><F36/><W56/><G56/><T73/><D73/><U60/><E37/><V67/><F131/><W96/><G96/><T58/><D58/><RYUUKYOKU ba="0,1" sc="96,15,339,-15,392,-15,163,15" hai0="15,44,48,55,90,95,97" hai3="16,18,43,46,49,68,70,71,72,80,88,94,98" /><INIT seed="6,1,1,3,1,23" ten="111,324,377,178" oya="2" hai0="129,101,107,56,21,57,13,71,33,97,132,30,126" hai1="73,116,69,82,108,120,99,106,61,79,78,110,58" hai2="12,111,117,128,9,121,84,115,53,27,70,8,43" hai3="59,80,75,26,76,112,87,19,96,72,44,86,63"/><V122/><F70/><W60/><G112/><T98/><D71/><U5/><E69/><V89/><F43/><W119/><G119/><T127/><D129/><U31/><E5/><V104/><F104/><W29/><G19/><N who="0" m="10479" /><D132/><U20/><E116/><V123/><F117/><W85/><G75/><T134/><D98/><U41/><E41/><V100/><F100/><W62/><G44/><T17/><D17/><U49/><E49/><V15/><F115/><W93/><G59/><T109/><D109/><U16/><E31/><V14/><F128/><W130/><G130/><T6/><D6/><U102/><E78/><V113/><F113/><W34/><REACH who="3" step="1"/><G72/><REACH who="3" ten="111,324,377,168" step="2"/><T48/><D134/><U88/><E120/><V94/><F121/><W40/><G40/><T50/><D57/><U66/><REACH who="1" step="1"/><E88/><AGARI ba="1,2" hai="26,29,34,60,62,63,76,80,85,86,87,88,93,96" machi="88" ten="40,5200,0" yaku="1,1,52,1,54,1,53,0" doraHai="23" doraHaiUra="47" who="3" fromWho="1" sc="111,0,324,-55,377,0,168,75" /><INIT seed="7,0,0,3,0,112" ten="111,269,377,243" oya="3" hai0="29,43,32,87,83,28,123,18,128,45,78,66,63" hai1="89,107,5,122,125,95,56,88,17,84,82,8,13" hai2="85,67,44,117,130,70,114,113,39,99,12,27,108" hai3="109,120,35,97,25,65,86,72,30,135,111,22,21"/><W36/><G72/><T126/><D123/><U71/><E122/><V93/><F12/><W79/><G36/><T54/><D32/><U96/><E71/><V7/><F85/><W33/><G65/><T94/><D126/><U34/><E125/><V61/><F93/><W92/><G120/><T133/><D133/><U4/><E34/><V69/><F27/><N who="3" m="16759" /><G86/><T132/><D132/><U98/><E107/><V127/><F39/><W11/><G79/><T24/><D128/><U73/><E73/><V101/><F67/><W62/><G62/><T19/><D54/><U3/><E3/><V116/><F61/><W40/><G40/><T110/><D110/><N who="3" m="41993" /><G135/><T52/><D94/><N who="1" m="56399" /><E56/><V15/><F70/><W42/><G42/><T124/><D124/><U80/><E80/><V0/><F69/><W41/><G41/><T10/><D10/><U48/><E48/><V1/><F127/><W106/><G106/><T20/><D29/><U31/><E31/><V118/><F108/><W57/><G57/><N who="0" m="35239" /><D66/><U51/><E51/><V16/><F114/><W90/><G11/><T75/><D75/><U100/><AGARI ba="0,0" hai="4,5,8,13,17,82,84,88,95,98,100" m="56399" machi="100" ten="30,2000,0" yaku="8,1,54,1" doraHai="112" who="1" fromWho="1" sc="111,-5,269,20,377,-5,243,-10" owari="106,-39.0,289,9.0,372,47.0,233,-17.0" /></mjloggm>