<mjloggm ver="2.3"><GO type="169" lobby="0"/><UN n0="%EF%BD%9E%E5%90%89%E7%95%99%E6%9C%AA%E6%98%A5%EF%BD%9E" n1="%E3%83%AD%E3%83%83%E3%83%86%E9%9B%80%EF%BC%84%E6%94%B9" n2="%E6%94%BE%E9%8A%83%E7%8E%8B%EF%BC%94" n3="%EF%BC%BC%28%EF%BC%BE%6F%EF%BC%BE%29%EF%BC%8F%E2%98%85" dan="16,16,16,19" rate="2077.54,2145.23,2051.12,2229.03" sx="M,M,M,M"/><TAIKYOKU oya="0"/><INIT seed="0,0,0,2,3,105" ten="250,250,250,250" oya="0" hai0="35,13,130,86,117,48,82,7,104,20,24,79,91" hai1="6,4,54,16,56,42,74,101,112,73,31,45,111" hai2="98,129,119,66,106,109,18,23,0,50,89,113,40" hai3="133,46,8,33,5,61,120,71,121,116,84,78,29"/><T30/><D117/><U102/><E31/><V122/><F113/><W28/><G116/><T90/><D130/><U123/><E123/><V100/><F122/><W92/><G133/><T2/><D104/><U62/><E112/><V68/><F0/><W135/><G135/><T17/><REACH who="0" step="1"/><D48/><REACH who="0" ten="240,250,250,250" step="2"/><U15/><E111/><V118/><F129/><W41/><G121/><T52/><D52/><U124/><E124/><V19/><F109/><W21/><G120/><T115/><D115/><U125/><E125/><V77/><F119/><W65/><G41/><T108/><D108/><U70/><E54/><V93/><F118/><W58/><G65/><T34/><D34/><U57/><E42/><V47/><F106/><W132/><G33/><T32/><D32/><U60/><E60/><V27/><F68/><W10/><G61/><T94/><D94/><U25/><E62/><V80/><F66/><W81/><G92/><T96/><D96/><U3/><E70/><V53/><F40/><W44/><G71/><T14/><D14/><U63/><E15/><V87/><F100/><W128/><G132/><T26/><D26/><U22/><E63/><V1/><F1/><W51/><G51/><T72/><D72/><U11/><E74/><V69/><F69/><W88/><G128/><T36/><D36/><U83/><E73/><V64/><F64/><W103/><G103/><T134/><D134/><U12/><E102/><V85/><F98/><W95/><G95/><T126/><D126/><U59/><E101/><V76/><F76/><W39/><G78/><T127/><D127/><U38/><E12/><RYUUKYOKU ba="0,1" sc="240,15,250,-15,250,15,250,-15" hai0="2,7,13,17,20,24,30,35,79,82,86,90,91" hai2="18,19,23,27,47,50,53,77,80,85,87,89,93" /><INIT seed="0,1,1,2,0,96" ten="255,235,265,235" oya="0" hai0="59,1,37,104,26,45,54,24,101,43,42,75,124" hai1="12,84,116,40,48,50,32,95,28,49,78,13,111" hai2="67,55,99,17,90,135,56,64,92,109,118,93,22" hai3="14,61,15,2,5,130,23,125,107,121,65,77,103"/><T25/><D75/><U127/><E116/><V80/><F109/><W74/><G125/><T53/><D124/><U10/><E127/><V85/><F135/><W83/><G130/><T57/><D1/><U72/><E111/><V129/><F129/><W47/><G121/><T60/><D43/><U91/><E40/><V6/><F6/><W114/><G114/><T46/><D45/><U115/><E115/><V87/><F93/><W39/><G23/><T44/><D46/><U119/><E119/><V36/><F36/><W73/><G73/><T29/><D104/><U20/><E32/><V62/><F118/><W8/><G107/><T35/><REACH who="0" step="1"/><D101/><REACH who="0" ten="245,235,265,235" step="2"/><U134/><E134/><V132/><F132/><W126/><G103/><T94/><D94/><U131/><E131/><V68/><F68/><N who="3" m="42031" /><G126/><T102/><D102/><U52/><E72/><V110/><F110/><W19/><G47/><T34/><D34/><U76/><E95/><V69/><F69/><W79/><G2/><T100/><D100/><U112/><E112/><V122/><F122/><W123/><G74/><T106/><D106/><U31/><E78/><N who="2" m="46231" /><F87/><W128/><G123/><T86/><D86/><U3/><E84/><V82/><F82/><W0/><G83/><T97/><D97/><U117/><E76/><V63/><F63/><AGARI ba="1,2" hai="24,25,26,29,35,37,42,44,53,54,57,59,60,63" machi="63" ten="30,5800,0" yaku="1,1,7,1,9,1,53,0" doraHai="96" doraHaiUra="81" who="0" fromWho="2" sc="245,81,235,0,265,-61,235,0" /><INIT seed="0,2,0,2,3,52" ten="326,235,204,235" oya="0" hai0="2,3,109,42,104,101,63,115,49,27,28,24,68" hai1="128,59,114,134,17,64,86,75,12,36,82,77,126" hai2="78,107,71,50,26,73,37,21,110,19,31,84,34" hai3="130,122,105,9,47,83,41,11,98,13,113,127,67"/><T81/><D115/><U117/><E117/><V40/><F37/><W6/><G113/><T96/><D27/><U14/><E114/><V89/><F71/><W95/><G105/><T46/><D109/><U45/><E128/><V111/><F107/><W22/><G130/><T1/><D81/><U44/><E126/><V20/><F73/><W119/><G119/><T7/><D63/><N who="1" m="38015" /><E36/><V32/><F78/><W55/><G67/><T100/><D101/><U93/><E75/><V66/><F66/><W129/><G122/><T123/><D68/><U94/><E12/><V38/><F38/><W29/><G83/><T74/><D74/><U15/><E15/><V120/><F120/><W125/><G41/><T91/><D91/><U18/><E134/><V103/><F103/><W133/><G11/><T85/><D85/><U35/><E35/><V97/><F111/><W61/><G133/><T30/><D30/><U65/><E65/><V124/><F110/><W106/><G106/><T60/><D60/><U87/><E18/><V33/><F124/><W56/><G47/><N who="1" m="17994" /><E87/><V0/><F0/><W5/><G129/><T102/><D100/><U48/><E48/><V116/><F116/><W72/><G72/><T92/><D123/><U88/><E77/><V132/><F132/><W58/><G5/><T39/><D49/><U25/><E25/><N who="2" m="16807" /><F84/><W8/><G127/><T108/><D108/><U135/><E135/><V131/><F131/><W118/><G125/><T23/><D104/><U90/><E90/><V79/><F34/><W62/><G118/><T4/><AGARI ba="2,0" hai="1,2,3,4,7,23,24,28,39,42,46,92,96,102" machi="4" ten="40,2100,0" yaku="0,1" doraHai="52" who="0" fromWho="0" sc="326,27,235,-9,204,-9,235,-9" /><INIT seed="0,3,0,0,2,94" ten="353,226,195,226" oya="0" hai0="63,105,46,40,5,73,65,66,86,121,85,118,7" hai1="76,78,13,20,129,42,87,128,122,34,103,71,97" hai2="109,3,91,72,54,62,39,112,48,127,19,43,134" hai3="108,10,36,0,26,22,98,14,64,1,83,4,84"/><T35/><D121/><U107/><E122/><V8/><F112/><W116/><G116/><T132/><D73/><U61/><E34/><V89/><F134/><W18/><G108/><T11/><D35/><U96/><E42/><V113/><F109/><W24/><G36/><T47/><D118/><U70/><E97/><V67/><F113/><W29/><G64/><T101/><D132/><U119/><E119/><V37/><F72/><W60/><G60/><T15/><D105/><U17/><E61/><V21/><F127/><W93/><G26/><T53/><D101/><U57/><E57/><V79/><F79/><N who="1" m="30249" /><E87/><V59/><F43/><W82/><G84/><T114/><D114/><U69/><E69/><V80/><F39/><W133/><G133/><T16/><D85/><U81/><E81/><V100/><F80/><W92/><G92/><T25/><D25/><U44/><E44/><N who="0" m="16937" /><D86/><U28/><E28/><V38/><F37/><W102/><REACH who="3" step="1"/><G1/><REACH who="3" ten="353,226,195,216" step="2"/><T106/><D106/><U74/><E74/><V99/><F38/><W104/><G104/><T111/><D111/><U51/><E51/><V115/><F115/><W12/><G12/><T30/><D63/><U125/><E125/><V68/><F3/><W58/><G58/><T120/><D66/><U9/><E71/><V131/><F68/><W45/><G45/><T90/><D65/><U88/><E70/><V55/><F67/><W124/><G124/><T41/><D120/><U6/><E129/><V117/><F131/><W27/><G27/><T31/><D41/><U95/><E128/><V52/><F62/><W110/><G110/><RYUUKYOKU ba="3,1" sc="353,-10,226,-10,195,-10,216,30" hai3="0,4,10,14,18,22,24,29,82,83,93,98,102" /><INIT seed="1,4,1,0,4,97" ten="343,216,185,246" oya="1" hai0="14,114,103,26,83,77,109,35,0,13,78,8,11" hai1="99,134,133,124,87,110,36,43,67,91,49,10,101" hai2="65,37,15,31,57,29,58,40,7,96,51,28,82" hai3="90,52,21,19,22,70,128,9,24,33,72,129,130"/><U94/><E124/><V68/><F68/><W121/><G121/><T6/><D114/><U54/><E110/><V100/><F37/><W38/><G70/><T42/><D109/><U81/><E67/><V18/><F7/><W66/><G66/><T4/><D42/><U115/><E115/><V86/><F65/><W126/><G38/><T85/><D103/><U119/><E119/><V45/><F86/><W39/><G39/><T32/><D0/><U89/><E10/><V120/><F82/><W69/><G69/><T111/><D111/><U61/><E61/><V1/><F1/><W122/><G72/><T95/><D95/><U63/><E63/><V56/><F120/><W105/><G105/><T16/><D78/><U50/><E91/><V64/><F64/><W88/><G122/><T108/><D108/><U117/><E117/><V75/><F75/><W106/><G106/><T76/><D76/><U132/><REACH who="1" step="1"/><E54/><REACH who="1" ten="343,206,185,246" step="2"/><V112/><F112/><W3/><G52/><T25/><D77/><U17/><E17/><V118/><F118/><W80/><G126/><T62/><D62/><U92/><E92/><N who="2" m="58375" /><F31/><W131/><G130/><T73/><D16/><U55/><E55/><V84/><F84/><N who="3" m="50183" /><G90/><N who="0" m="51519" /><D73/><U34/><E34/><V60/><F60/><W113/><G113/><T12/><D35/><U47/><AGARI ba="4,2" hai="36,43,47,49,50,81,87,89,94,99,101,132,133,134" machi="47" ten="40,12000,1" yaku="1,1,0,1,20,1,52,1,53,0" doraHai="97" doraHaiUra="116" who="1" fromWho="1" sc="343,-44,206,152,185,-44,246,-44" /><INIT seed="1,5,0,0,5,130" ten="299,358,141,202" oya="1" hai0="56,16,77,60,14,24,26,63,3,5,105,111,97" hai1="70,112,51,41,83,66,29,13,61,65,37,74,19" hai2="43,32,92,108,120,128,85,124,88,44,103,30,94" hai3="49,36,38,20,109,73,127,25,27,78,80,87,95"/><U21/><E112/><V39/><F120/><W8/><G109/><T10/><D111/><U45/><E66/><V55/><F108/><W79/><G127/><T81/><D97/><U12/><E29/><V125/><F128/><W122/><G122/><T18/><D105/><U91/><E12/><V69/><F69/><W113/><G113/><T4/><D5/><U42/><E91/><V0/><F0/><W58/><G27/><T46/><D46/><U17/><E17/><V104/><F104/><W115/><G115/><T54/><D63/><U48/><REACH who="1" step="1"/><E42/><REACH who="1" ten="299,348,141,202" step="2"/><V2/><F2/><W59/><G79/><AGARI ba="5,1" hai="13,19,21,37,41,45,48,51,61,65,70,74,79,83" machi="79" ten="40,7700,0" yaku="1,1,2,1,53,1" doraHai="130" doraHaiUra="62" who="1" fromWho="3" sc="299,0,348,102,141,0,202,-92" /><INIT seed="1,6,0,4,2,122" ten="299,450,141,110" oya="1" hai0="40,124,102,130,23,76,32,27,41,33,104,112,95" hai1="107,9,34,30,6,96,49,43,88,65,90,131,128" hai2="35,24,31,106,0,52,85,73,55,72,105,54,8" hai3="111,129,50,94,44,19,45,66,93,134,117,69,68"/><U101/><E65/><V79/><F85/><W63/><G134/><T5/><D112/><U86/><E30/><V3/><F79/><W98/><G129/><N who="1" m="49738" /><E34/><V26/><F26/><W84/><G117/><T37/><D104/><U100/><E100/><V53/><N who="2" m="13824" /><DORA hai="110" /><V42/><F42/><W108/><G69/><T15/><D76/><U89/><E49/><V118/><F118/><W99/><G84/><T83/><D83/><N who="1" m="49247" /><E43/><V12/><F106/><W20/><G50/><T121/><D121/><U61/><E61/><V56/><F56/><W132/><G132/><T2/><D102/><U18/><E18/><V109/><F105/><W16/><G94/><T120/><D33/><U60/><E60/><V59/><F59/><W1/><G19/><T51/><D32/><U126/><E126/><V78/><F109/><N who="3" m="42059" /><G1/><AGARI ba="6,0" hai="1,6,9,89,90,96,101,107" m="49247,49738" machi="1" ten="30,2900,0" yaku="19,1,54,1" doraHai="122,110" who="1" fromWho="3" sc="299,0,450,47,141,0,110,-47" /><INIT seed="1,7,0,4,4,57" ten="299,497,141,63" oya="1" hai0="109,101,96,103,115,108,91,90,44,81,14,102,39" hai1="126,97,104,110,42,93,66,61,127,24,36,47,79" hai2="132,60,32,63,87,78,114,37,49,118,58,25,125" hai3="45,122,86,6,20,2,12,123,99,128,130,80,43"/><U56/><E104/><V16/><F118/><W129/><G2/><T5/><D5/><U117/><E117/><V113/><F37/><W71/><G71/><T73/><D14/><U7/><E7/><V88/><F78/><W15/><G99/><T8/><D39/><U84/><E110/><N who="0" m="42601" /><D8/><U3/><E3/><V33/><F132/><W94/><G94/><N who="0" m="56415" /><D44/><U18/><E84/><V77/><F77/><N who="3" m="46351" /><G20/><T98/><D115/><N who="2" m="44042" /><F125/><W82/><G82/><T68/><D68/><U30/><E79/><V22/><F33/><W54/><G54/><T1/><D1/><U52/><E66/><V106/><F32/><W112/><G112/><T95/><D73/><U124/><E18/><V9/><F9/><N who="3" m="4151" /><G15/><T48/><D48/><AGARI ba="7,0" hai="43,45,48,122,123,128,129,130" m="4151,46351" machi="48" ten="30,2000,0" yaku="25,1,19,1" doraHai="57" who="3" fromWho="0" sc="299,-41,497,0,141,0,63,41" /><INIT seed="2,0,0,1,2,25" ten="258,497,141,104" oya="2" hai0="116,101,30,89,10,97,60,5,13,41,124,2,98" hai1="95,87,127,110,99,106,45,50,11,72,80,82,52" hai2="33,115,135,79,83,130,40,21,36,103,85,70,133" hai3="67,34,105,16,75,121,78,56,68,109,77,91,49"/><V132/><F70/><W58/><G121/><T32/><D116/><U134/><E110/><V31/><F115/><W14/><G109/><T44/><D124/><U65/><E134/><V84/><F130/><W128/><G128/><T28/><D60/><U15/><E106/><V53/><F103/><W0/><G0/><T107/><D32/><U108/><E127/><V113/><F113/><W1/><G1/><T69/><D69/><U19/><E108/><V37/><F33/><W8/><G105/><T129/><D129/><U22/><E72/><V114/><F114/><W18/><G34/><T59/><D59/><U7/><E65/><V90/><F53/><N who="3" m="31791" /><G75/><T76/><D76/><N who="3" m="29289" /><G68/><T24/><D24/><N who="1" m="14431" /><E87/><V81/><F40/><W62/><G91/><AGARI ba="0,0" hai="7,11,15,45,50,52,80,82,91,95,99" m="14431" machi="91" ten="30,2000,0" yaku="8,1,54,1" doraHai="25" who="1" fromWho="3" sc="258,0,497,20,141,0,104,-20" /><INIT seed="3,0,0,1,0,42" ten="258,517,141,84" oya="3" hai0="79,66,27,132,17,5,6,117,46,58,109,49,56" hai1="74,23,73,119,97,130,70,108,80,104,93,35,118" hai2="29,69,37,91,131,121,7,112,55,51,88,25,47" hai3="41,1,21,59,128,54,96,103,14,45,67,110,134"/><W106/><G1/><T107/><D117/><N who="1" m="44555" /><E35/><V9/><F112/><W72/><G72/><T92/><D107/><U124/><E70/><V39/><F69/><W13/><G67/><T32/><D79/><U65/><E65/><V85/><F131/><W61/><G128/><T52/><D132/><U76/><E23/><V90/><F85/><W105/><G134/><T40/><D109/><U4/><E4/><N who="0" m="1641" /><D32/><U26/><E26/><V75/><F75/><W3/><G3/><T16/><D66/><U8/><E8/><V114/><F114/><W111/><G106/><T50/><D27/><U120/><E120/><V113/><F121/><W83/><G83/><T24/><D24/><U82/><E108/><N who="3" m="41514" /><G21/><T95/><D58/><U63/><E104/><V84/><F84/><W135/><G135/><T62/><D62/><U126/><E63/><V11/><F113/><W10/><G10/><T31/><D31/><U33/><E33/><V77/><F9/><W89/><G89/><T129/><D129/><U57/><E130/><V125/><F77/><W78/><G78/><T98/><D92/><U0/><E82/><V68/><F68/><W81/><G81/><T133/><D133/><U60/><E74/><V28/><F28/><W36/><AGARI ba="0,0" hai="13,14,36,41,45,54,59,61,96,103,105" m="41514" machi="36" ten="30,6000,0" yaku="14,1,10,1,52,1" doraHai="42" who="3" fromWho="3" sc="258,-20,517,-20,141,-20,84,60" /><INIT seed="3,1,0,5,0,89" ten="238,497,121,144" oya="3" hai0="82,10,67,75,23,109,70,28,83,62,117,102,3" hai1="80,68,46,65,120,99,25,29,36,101,37,84,93" hai2="123,15,77,131,4,121,39,38,54,17,113,132,98" hai3="103,91,100,5,1,58,44,14,50,35,134,72,34"/><W32/><G72/><T94/><D117/><U118/><E120/><N who="2" m="46155" /><F113/><W110/><G1/><T96/><D109/><U74/><E74/><V57/><F77/><W7/><G134/><T112/><D112/><U90/><E118/><V27/><F132/><W79/><G79/><T0/><D75/><U133/><E133/><V47/><F4/><W19/><G58/><T63/><D62/><U48/><E65/><V81/><F81/><W87/><G110/><T52/><D52/><U66/><E66/><V60/><F27/><W24/><G24/><T16/><D28/><U108/><E68/><V85/><F85/><W111/><G111/><T135/><D135/><U126/><E126/><V42/><F98/><W13/><G7/><T95/><D94/><U56/><E56/><V6/><F6/><W22/><G5/><T106/><D106/><U21/><E108/><V115/><F115/><W129/><G14/><T49/><D49/><U76/><E76/><V107/><F107/><W8/><G22/><T40/><D40/><AGARI ba="1,0" hai="21,25,29,36,37,40,46,48,80,84,90,93,99,101" machi="40" ten="30,2000,0" yaku="7,1,52,1" doraHai="89" who="1" fromWho="0" sc="238,-23,497,23,121,0,144,0" /><INIT seed="4,0,0,1,4,102" ten="215,520,121,144" oya="0" hai0="42,77,62,39,73,64,14,101,110,3,0,123,1" hai1="105,25,121,52,11,7,5,24,92,16,28,122,29" hai2="12,113,87,107,111,4,57,74,38,46,32,89,54" hai3="109,83,71,31,15,67,96,94,115,59,108,8,9"/><T43/><D123/><U26/><E105/><V34/><F111/><W114/><G71/><T30/><D110/><U100/><E100/><V2/><F74/><W49/><G31/><N who="1" m="11850" /><E52/><V98/><F2/><W135/><G135/><T60/><D101/><U119/><E92/><V93/><F113/><N who="3" m="43019" /><G9/><T118/><D30/><U69/><E69/><V23/><F38/><W134/><G134/><T86/><D73/><U128/><E128/><V22/><F46/><W53/><G67/><T120/><D39/><U133/><E133/><V81/><F107/><W65/><G65/><T80/><D118/><U88/><E88/><N who="2" m="55591" /><F34/><W44/><G83/><T47/><D120/><N who="1" m="46187" /><E119/><V41/><F32/><W63/><G94/><T125/><D62/><U127/><E127/><V37/><F41/><N who="3" m="24719" /><G96/><T27/><D47/><U55/><E55/><V19/><F37/><W104/><G104/><T61/><D43/><U130/><E130/><V68/><F68/><W70/><G70/><T116/><D42/><U99/><E99/><V6/><F23/><W10/><G10/><T117/><D64/><U78/><E78/><V85/><F85/><W90/><G90/><T75/><D86/><U103/><E103/><V76/><F76/><W13/><G8/><T131/><D77/><U84/><E84/><V18/><F18/><W66/><G66/><T48/><D131/><U95/><E95/><V33/><F33/><W40/><G40/><T20/><D117/><U112/><E112/><V45/><F45/><W106/><G106/><T58/><D116/><U21/><E21/><V56/><F56/><W126/><G126/><RYUUKYOKU ba="0,0" sc="215,-30,520,10,121,10,144,10" hai1="5,7,11,16,24,25,26" hai2="4,6,12,19,22,54,57,81,87,89" hai3="13,15,53,59,63,108,109" /><INIT seed="5,1,0,3,5,54" ten="185,530,131,154" oya="1" hai0="65,60,132,100,129,98,31,116,95,121,125,36,39" hai1="130,5,33,68,118,79,48,15,80,55,28,131,12" hai2="23,88,76,38,32,30,2,35,102,18,114,27,63" hai3="107,22,124,120,66,56,43,104,58,57,64,128,41"/><U45/><E118/><V74/><F38/><W8/><G120/><T50/><D116/><U78/><E68/><V34/><F2/><W90/><G124/><T71/><D125/><U113/><E113/><V119/><F119/><W135/><G135/><T81/><D132/><U26/><E79/><V103/><F76/><W105/><G128/><N who="1" m="49194" /><E5/><V13/><F74/><AGARI ba="1,0" hai="12,15,26,28,33,45,48,55,74,78,80" m="49194" machi="74" ten="30,1500,0" yaku="19,1" doraHai="54" who="1" fromWho="2" sc="185,0,530,18,131,-18,154,0" /><INIT seed="5,2,0,2,0,70" ten="185,548,113,154" oya="1" hai0="39,105,109,42,67,82,44,16,58,68,72,131,62" hai1="54,79,107,133,64,53,97,6,41,83,47,71,102" hai2="89,0,48,123,27,65,125,3,43,127,17,22,32" hai3="115,104,122,93,119,135,78,74,60,99,61,35,36"/><U34/><E133/><V52/><F123/><W26/><G104/><T63/><D109/><U29/><E6/><V5/><F43/><W45/><G122/><T108/><D108/><U9/><E9/><V8/><F65/><W11/><G135/><T33/><D33/><U106/><E106/><V38/><F38/><W73/><G115/><T98/><D131/><U132/><E132/><V91/><F32/><W31/><G119/><T124/><D124/><U10/><E10/><V23/><F23/><W14/><G78/><T118/><D118/><U18/><E18/><V114/><F0/><W12/><G74/><T19/><D98/><U85/><E47/><V121/><F121/><W37/><G73/><T113/><D105/><U56/><E56/><V49/><F49/><W7/><G14/><T57/><D113/><U134/><E41/><V84/><F84/><W24/><G24/><T77/><D68/><U81/><E81/><V59/><REACH who="2" step="1"/><F114/><REACH who="2" ten="185,548,103,154" step="2"/><W100/><REACH who="3" step="1"/><G45/><REACH who="3" ten="185,548,103,144" step="2"/><T2/><D2/><U126/><E134/><V88/><AGARI ba="2,2" hai="3,5,8,17,22,27,48,52,59,88,89,91,125,127" machi="88" ten="30,8000,1" yaku="1,1,2,1,0,1,54,2,53,0" doraHai="70" doraHaiUra="95" who="2" fromWho="2" sc="185,-22,548,-42,103,106,144,-22" /><INIT seed="6,0,0,0,2,3" ten="163,506,209,122" oya="2" hai0="88,42,85,131,135,97,111,45,123,24,7,100,43" hai1="109,126,94,1,83,132,124,90,25,68,122,70,107" hai2="14,53,10,51,39,20,57,13,87,34,125,82,116" hai3="41,31,64,15,54,63,47,56,72,96,91,80,76"/><V38/><F116/><W22/><G91/><T49/><D123/><U18/><E109/><V118/><F34/><W11/><G96/><T120/><D120/><U60/><E132/><V59/><F125/><N who="1" m="48233" /><E107/><V133/><F118/><W115/><G115/><T12/><D135/><U2/><E83/><V112/><F112/><W99/><G99/><T73/><D131/><U127/><E122/><V58/><F133/><W119/><G119/><T84/><D73/><U110/><E110/><V102/><F102/><W5/><G31/><T36/><D111/><U69/><E60/><V92/><F92/><W67/><REACH who="3" step="1"/><G22/><REACH who="3" ten="163,506,209,112" step="2"/><T86/><D24/><U44/><E127/><V33/><F33/><W77/><G77/><T75/><D75/><U40/><E90/><V61/><F20/><W48/><AGARI ba="0,1" hai="5,11,15,41,47,48,54,56,63,64,67,72,76,80" machi="48" ten="20,8000,1" yaku="1,1,0,1,7,1,52,1,53,1" doraHai="3" doraHaiUra="105" who="3" fromWho="3" sc="163,-20,506,-20,209,-40,112,90" /><INIT seed="7,0,0,3,1,78" ten="143,486,169,202" oya="3" hai0="135,121,130,5,71,19,114,124,129,97,47,44,80" hai1="8,102,27,59,21,6,37,128,22,1,18,38,25" hai2="109,91,108,86,79,11,115,132,85,34,98,39,125" hai3="83,99,54,127,50,116,43,49,64,42,15,110,24"/><W104/><G116/><T46/><D121/><U96/><E128/><N who="0" m="49257" /><D71/><U89/><E89/><V105/><F34/><W81/><G127/><T60/><D5/><U10/><E10/><V117/><F11/><W26/><G64/><T92/><D60/><U9/><E9/><V40/><F40/><W122/><G122/><T68/><D68/><U111/><E59/><V35/><F35/><W106/><G99/><T95/><D124/><U61/><E61/><V100/><F39/><W120/><G120/><T77/><D135/><U133/><E111/><N who="2" m="42571" /><F132/><W73/><G110/><T112/><D19/><U134/><E134/><V66/><F66/><W13/><G54/><T76/><D76/><U41/><E41/><V23/><F23/><W33/><G33/><T29/><D29/><U3/><E3/><V45/><F45/><N who="0" m="11522" /><T65/><DORA hai="62" /><D65/><U17/><E133/><V75/><F125/><W31/><G31/><T56/><D56/><U119/><E119/><V67/><F67/><W48/><G48/><T12/><D12/><U30/><E30/><V32/><F32/><W90/><G50/><T36/><D36/><U82/><E82/><N who="2" m="45439" /><F117/><W88/><G49/><T20/><D20/><U55/><E55/><V131/><F131/><W57/><G57/><T28/><D28/><U4/><E4/><V74/><F74/><AGARI ba="0,0" hai="13,15,24,26,42,43,73,74,81,83,88,90,104,106" machi="74" ten="25,12000,1" yaku="22,2,52,2,54,1" doraHai="78,62" who="3" fromWho="2" sc="143,0,486,0,169,-120,202,120" /><INIT seed="7,1,0,1,3,79" ten="143,486,49,322" oya="3" hai0="10,106,38,12,100,95,18,59,130,132,122,0,77" hai1="8,4,133,41,3,62,103,126,37,81,61,20,119" hai2="19,57,53,56,112,73,120,45,64,68,5,76,14" hai3="51,101,13,85,43,78,6,98,46,70,93,69,58"/><W125/><G125/><T67/><D122/><U108/><E108/><V114/><F5/><W96/><G58/><T116/><D38/><U131/><E126/><V22/><F120/><W49/><G49/><T26/><D116/><U102/><E119/><V31/><F31/><W65/><G65/><T30/><D106/><U55/><E41/><V71/><F64/><W36/><G96/><T128/><D77/><U48/><E37/><V66/><F66/><W35/><G35/><T32/><D132/><U28/><E133/><V104/><F104/><W72/><G72/><T39/><D39/><U94/><E81/><V118/><F45/><W52/><G36/><T75/><D75/><U54/><E131/><N who="0" m="50217" /><D59/><U33/><E33/><V23/><F118/><W86/><G86/><T109/><D67/><U17/><E28/><V27/><F57/><W63/><G63/><T2/><D109/><U87/><E55/><V99/><F99/><AGARI ba="1,0" hai="0,2,10,12,18,26,30,32,95,99,100" m="50217" machi="99" ten="30,1000,0" yaku="19,1" doraHai="79" who="0" fromWho="2" sc="143,13,486,0,49,-13,322,0" owari="156,-24.0,486,58.0,36,-46.0,322,12.0" /></mjloggm>