<mjloggm ver="2.3"><GO type="169" lobby="0"/><UN n0="%E3%82%AB%E3%83%A9%E3%82%B9%E3%81%AE%E5%AD%90" n1="%23%37%34%E5%A4%A7%E6%B2%BB%E9%83%8E" n2="%77%61%74%65%72%40%73%72" n3="%E3%83%AC%E3%83%87%E3%82%B9%E3%83%9E" dan="16,16,16,16" rate="2091.93,2102.68,2156.25,2061.83" sx="M,M,M,M"/><TAIKYOKU oya="0"/><INIT seed="0,0,0,5,2,3" ten="250,250,250,250" oya="0" hai0="119,63,12,86,33,11,37,121,92,5,85,8,31" hai1="68,53,102,130,87,66,28,27,82,13,23,90,109" hai2="70,50,83,100,57,45,1,47,39,78,64,44,71" hai3="56,79,29,95,101,134,124,48,126,22,114,75,61"/><T125/><D121/><U103/><E130/><V14/><F1/><W18/><G114/><T108/><D119/><U15/><E109/><V94/><F39/><W116/><G116/><T16/><D37/><U58/><E68/><V135/><F135/><W113/><G113/><T110/><D125/><U104/><E66/><V133/><F133/><W9/><G134/><T41/><D41/><U55/><E55/><V0/><F0/><W98/><G9/><T54/><D31/><U96/><REACH who="1" step="1"/><E103/><REACH who="1" ten="250,240,250,250" step="2"/><V107/><F64/><W118/><G118/><T69/><D69/><U36/><E36/><V122/><F100/><W74/><G101/><T129/><D129/><U10/><E10/><V89/><F70/><W49/><G124/><T93/><D54/><U88/><E88/><V34/><F89/><W59/><G126/><T117/><D117/><U81/><E81/><V80/><F80/><W46/><G79/><T77/><D77/><U97/><E97/><V30/><F83/><W76/><G98/><T62/><D63/><AGARI ba="0,1" hai="13,15,23,27,28,53,58,63,82,87,90,96,102,104" machi="63" ten="30,2000,0" yaku="1,1,7,1,53,0" doraHai="3" doraHaiUra="123" who="1" fromWho="0" sc="250,-20,240,30,250,0,250,0" /><INIT seed="1,0,0,2,0,88" ten="230,270,250,250" oya="1" hai0="11,44,97,121,16,30,73,56,126,85,6,96,102" hai1="70,47,33,92,82,62,91,115,22,134,59,39,77" hai2="133,53,32,49,107,114,27,106,8,41,2,29,57" hai3="12,98,37,67,26,99,100,13,128,108,80,76,132"/><U78/><E33/><V118/><F118/><W94/><G108/><T46/><D73/><U87/><E70/><V60/><F133/><W122/><G122/><T34/><D121/><U124/><E134/><V7/><REACH who="2" step="1"/><F114/><REACH who="2" ten="230,270,240,250" step="2"/><W86/><G132/><T20/><D126/><U112/><E124/><V64/><F64/><W72/><G128/><T15/><D44/><AGARI ba="0,1" hai="2,7,8,27,29,32,41,44,49,53,57,60,106,107" machi="44" ten="40,1300,0" yaku="1,1,53,0" doraHai="88" doraHaiUra="9" who="2" fromWho="0" sc="230,-13,270,0,240,23,250,0" /><INIT seed="2,0,0,3,0,113" ten="217,270,263,250" oya="2" hai0="102,41,80,132,86,64,101,117,78,13,27,31,12" hai1="104,50,51,40,60,127,11,1,82,38,73,3,14" hai2="100,69,119,22,65,106,16,52,111,45,79,46,20" hai3="9,4,24,49,6,89,91,120,84,130,108,30,23"/><V109/><F79/><W110/><G120/><T37/><D132/><U53/><E104/><V131/><F131/><W7/><G130/><T134/><D134/><U56/><E127/><V70/><F100/><W36/><G36/><T125/><D125/><U68/><E51/><N who="2" m="28783" /><F106/><W122/><G122/><T98/><D102/><U0/><E82/><V124/><F124/><W5/><G49/><T2/><D2/><U126/><E126/><V43/><F119/><W99/><G99/><T47/><D64/><U28/><E28/><V88/><F88/><W58/><G58/><T93/><REACH who="0" step="1"/><D117/><REACH who="0" ten="207,270,263,250" step="2"/><U29/><E3/><V19/><F65/><W10/><N who="3" m="1024" /><DORA hai="114" /><W103/><G103/><T15/><D15/><U34/><E1/><V75/><F69/><W81/><REACH who="3" step="1"/><G91/><REACH who="3" ten="207,270,263,240" step="2"/><T59/><D59/><U118/><E68/><V17/><F70/><W39/><G39/><T67/><D67/><U95/><E38/><N who="2" m="21879" /><F75/><W72/><G72/><T71/><D71/><U74/><E73/><V76/><F76/><W96/><G96/><T115/><D115/><U48/><E74/><V63/><F63/><W32/><G32/><AGARI ba="0,2" hai="12,13,27,31,32,37,41,47,78,80,86,93,98,101" machi="32" ten="30,3900,0" yaku="1,1,7,1,53,1" doraHai="113,114" doraHaiUra="77,62" who="0" fromWho="3" sc="207,59,270,0,263,0,240,-39" /><INIT seed="3,0,0,3,1,109" ten="266,270,263,201" oya="3" hai0="107,52,51,0,69,57,77,3,85,81,127,27,58" hai1="106,114,36,131,8,90,84,104,18,68,92,37,113" hai2="16,28,128,87,129,21,40,99,79,10,5,13,94" hai3="121,67,88,63,122,110,134,6,44,25,20,75,59"/><W54/><G110/><T130/><D107/><U50/><E68/><V108/><F108/><W19/><G75/><T125/><D69/><U82/><E50/><V71/><F71/><W61/><G134/><T112/><D130/><N who="2" m="50282" /><F28/><W15/><G88/><N who="0" m="51247" /><D112/><N who="1" m="43115" /><E18/><V78/><F40/><W80/><G80/><T39/><D39/><U65/><E65/><V96/><F87/><W123/><G44/><T101/><D101/><U43/><E8/><V103/><F96/><W17/><G6/><T93/><D93/><U4/><E4/><V35/><F35/><W135/><G135/><T41/><D41/><U64/><E64/><V60/><F60/><W12/><REACH who="3" step="1"/><G19/><REACH who="3" ten="266,270,263,191" step="2"/><T116/><D77/><U1/><E131/><V29/><F29/><W95/><G95/><T83/><D83/><U102/><E36/><V111/><F111/><W72/><G72/><T76/><D76/><U74/><E37/><V42/><F79/><W23/><G23/><T33/><D33/><U124/><E74/><V70/><F78/><W100/><G100/><T98/><D0/><U56/><E102/><V34/><F34/><W132/><G132/><T119/><D3/><U11/><E92/><V9/><F94/><W118/><G118/><T32/><D119/><U53/><E90/><V126/><F103/><W91/><G91/><T26/><D116/><U46/><E106/><V89/><F89/><W117/><G117/><T30/><D32/><U2/><E104/><V49/><F5/><W31/><G31/><T66/><D30/><U7/><E7/><V105/><F105/><W48/><G48/><T14/><D51/><RYUUKYOKU ba="0,1" sc="266,-10,270,-10,263,-10,191,30" hai3="12,15,17,20,25,54,59,61,63,67,121,122,123" /><INIT seed="3,1,1,0,5,46" ten="256,260,253,221" oya="3" hai0="67,125,42,79,99,14,109,55,22,91,65,100,98" hai1="77,1,135,6,27,93,35,78,10,52,73,96,85" hai2="72,87,114,0,3,58,101,28,107,16,33,132,76" hai3="4,21,86,34,105,74,92,119,45,84,41,121,2"/><W40/><G119/><T70/><D109/><U126/><E73/><V116/><F72/><W71/><G34/><T53/><D125/><U7/><E126/><V120/><F116/><W12/><G71/><T60/><D67/><U44/><E135/><V9/><F114/><W129/><G74/><T61/><D79/><U80/><E7/><V31/><F132/><W62/><G105/><T94/><D42/><U38/><E38/><V128/><F128/><W68/><G129/><T131/><D131/><U117/><E117/><V50/><F101/><W133/><G133/><T83/><D61/><U17/><E78/><V39/><F39/><W56/><G68/><T24/><D83/><U75/><E75/><V51/><F107/><W89/><G2/><T23/><D14/><U20/><E35/><V103/><F103/><W90/><G121/><T5/><D5/><U108/><E108/><V88/><F76/><W19/><G4/><T111/><D111/><U104/><E104/><V32/><F120/><W115/><G45/><T26/><D99/><U110/><E110/><V118/><F118/><W82/><REACH who="3" step="1"/><G115/><REACH who="3" ten="256,260,253,211" step="2"/><T106/><D106/><U29/><E44/><V36/><F33/><W112/><G112/><T30/><D100/><U57/><E1/><V113/><F32/><W54/><AGARI ba="1,2" hai="12,19,21,40,41,54,56,62,82,84,86,89,90,92" machi="54" ten="20,12000,1" yaku="1,1,0,1,7,1,8,1,53,1" doraHai="46" doraHaiUra="8" who="3" fromWho="3" sc="256,-41,260,-41,253,-41,211,143" /><INIT seed="3,2,0,5,1,112" ten="215,219,212,354" oya="3" hai0="2,1,7,18,119,105,82,12,79,70,127,53,96" hai1="31,10,130,125,60,113,73,84,24,36,19,118,102" hai2="122,3,11,123,107,128,114,99,71,55,78,46,109" hai3="43,117,34,69,42,17,64,59,23,129,134,22,5"/><W51/><G34/><T39/><D39/><U135/><E73/><V90/><F114/><W87/><G129/><T47/><D70/><U54/><E36/><V65/><F128/><W88/><G134/><T103/><D127/><U94/><E113/><V77/><F109/><W49/><G5/><T44/><D119/><U40/><E40/><V76/><F65/><W58/><G69/><T32/><D32/><U50/><E130/><V83/><F71/><W132/><G132/><T101/><D101/><U63/><E135/><V21/><F21/><N who="3" m="7691" /><G117/><T41/><D53/><U75/><E75/><V86/><F3/><W108/><G17/><T30/><D30/><U25/><E118/><V68/><F68/><W72/><G72/><T110/><D7/><U111/><E111/><V97/><F11/><W85/><G64/><T6/><D6/><U121/><E121/><N who="2" m="46091" /><F107/><W81/><G87/><T66/><D110/><U4/><E84/><V56/><F46/><N who="3" m="25823" /><G108/><T80/><D66/><U100/><E4/><V13/><F13/><W45/><AGARI ba="2,0" hai="42,45,51,58,59,81,85,88" m="25823,7691" machi="45" ten="30,3000,0" yaku="8,1,54,1" doraHai="112" who="3" fromWho="3" sc="215,-12,219,-12,212,-12,354,36" /><INIT seed="3,3,0,3,0,98" ten="203,207,200,390" oya="3" hai0="72,23,44,47,39,125,76,109,86,31,58,99,114" hai1="95,87,122,111,70,102,21,130,133,74,80,25,129" hai2="4,117,134,78,49,103,17,91,9,13,60,41,59" hai3="10,121,118,81,92,37,62,14,2,124,66,22,7"/><W40/><G118/><T19/><D109/><U104/><E70/><V36/><F36/><W18/><G121/><T112/><D72/><U128/><E122/><V96/><F117/><W101/><G124/><T65/><D125/><U77/><E111/><V54/><F134/><W56/><G81/><N who="0" m="47399" /><D31/><U3/><E3/><V97/><F78/><W42/><REACH who="3" step="1"/><G37/><REACH who="3" ten="203,207,200,380" step="2"/><T75/><D39/><U32/><E133/><V63/><F41/><W123/><G123/><T68/><D114/><U38/><E38/><V110/><F110/><W115/><G115/><T90/><D112/><U69/><E129/><V71/><F71/><W6/><G6/><T11/><D68/><U108/><E69/><V35/><F4/><W100/><G100/><T107/><D75/><U135/><E108/><V55/><F103/><W127/><G127/><T83/><D83/><U51/><E135/><V79/><F79/><W26/><G26/><T94/><D107/><U30/><E104/><V46/><F35/><W0/><G0/><T1/><D1/><U93/><E128/><V120/><F120/><W119/><G119/><T52/><D65/><U45/><E130/><V20/><F91/><W8/><G8/><T67/><D11/><U132/><E132/><V48/><F9/><W50/><G50/><N who="0" m="30999" /><D67/><U85/><E74/><V61/><AGARI ba="3,1" hai="13,17,20,46,48,49,54,55,59,60,61,63,96,97" machi="61" ten="30,2000,0" yaku="0,1,8,1" doraHai="98" who="2" fromWho="2" sc="203,-8,207,-8,200,39,380,-13" /><INIT seed="4,0,0,2,5,85" ten="195,199,239,367" oya="0" hai0="54,90,121,73,125,30,103,39,46,49,32,95,112" hai1="115,68,55,86,58,65,12,40,126,47,3,7,8" hai2="71,104,60,67,14,19,92,117,43,129,50,9,83" hai3="107,106,1,6,62,26,118,64,70,122,84,133,97"/><T21/><D121/><U45/><E126/><V74/><F104/><W37/><G118/><T23/><D73/><U27/><E115/><V94/><F117/><W51/><G133/><T41/><D125/><U42/><E27/><V99/><F129/><W105/><G37/><T110/><D112/><U53/><E3/><V120/><F120/><W44/><G122/><T24/><D110/><U124/><E124/><V96/><F74/><W10/><G26/><T29/><D103/><U134/><E134/><V36/><F36/><W28/><G28/><T78/><D78/><U11/><E68/><V82/><F94/><W38/><G84/><T34/><D34/><U101/><E101/><V5/><F96/><W80/><G80/><T22/><D32/><U4/><E86/><V100/><F43/><W48/><G48/><T76/><D76/><U81/><E81/><V113/><F113/><W77/><G77/><T130/><D130/><U131/><E131/><V56/><F71/><W109/><G109/><T33/><D30/><U135/><E135/><V75/><F75/><W93/><G38/><T123/><D123/><U0/><E65/><V72/><F72/><W116/><G116/><T18/><D18/><U88/><E58/><N who="2" m="37271" /><F19/><W89/><G107/><T66/><D66/><U128/><E128/><V102/><F102/><W31/><G31/><T52/><REACH who="0" step="1"/><D39/><REACH who="0" ten="185,199,239,367" step="2"/><U2/><REACH who="1" step="1"/><E12/><REACH who="1" ten="185,189,239,367" step="2"/><V59/><F100/><W98/><G106/><T79/><D79/><U15/><E15/><V35/><F14/><W114/><G114/><T111/><D111/><U17/><E17/><V63/><F35/><RYUUKYOKU ba="0,2" sc="185,15,189,15,239,-15,367,-15" hai0="21,22,23,24,29,33,41,46,49,52,54,90,95" hai1="0,2,4,7,8,11,40,42,45,47,53,55,88" /><INIT seed="4,1,2,5,1,79" ten="200,204,224,352" oya="0" hai0="99,13,31,132,47,77,65,9,76,75,8,34,58" hai1="41,29,54,103,30,15,11,66,72,40,42,0,105" hai2="104,50,98,6,70,118,94,115,20,39,48,60,85" hai3="26,107,112,120,2,38,102,18,68,59,67,3,43"/><T21/><D34/><U49/><E72/><V134/><F39/><W117/><G117/><T86/><D75/><U28/><E0/><V123/><F123/><W52/><G112/><T126/><D132/><U96/><E66/><V121/><F121/><W27/><G67/><T73/><D73/><U35/><E35/><V51/><F115/><W62/><G68/><T74/><D74/><U108/><E108/><V81/><F104/><W33/><G26/><N who="0" m="16847" /><D126/><U113/><E113/><V25/><F6/><W7/><G7/><N who="0" m="3231" /><D9/><U114/><E114/><V135/><F118/><W129/><G33/><T122/><D122/><U46/><REACH who="1" step="1"/><E30/><REACH who="1" ten="200,194,224,352" step="2"/><V23/><F135/><W91/><G3/><T71/><D71/><U100/><E100/><V37/><F70/><W93/><G2/><T19/><D19/><AGARI ba="1,3" hai="11,15,19,28,29,40,41,42,46,49,54,96,103,105" machi="19" ten="40,1300,0" yaku="1,1,53,0" doraHai="79" doraHaiUra="61" who="1" fromWho="0" sc="200,-16,194,46,224,0,352,0" /><INIT seed="5,0,0,5,3,90" ten="184,240,224,352" oya="1" hai0="41,127,74,49,46,5,132,99,76,98,0,60,75" hai1="51,8,68,70,50,125,10,128,45,79,80,23,85" hai2="63,88,25,24,15,48,93,105,119,7,32,86,121" hai3="55,56,52,84,30,18,133,72,19,124,87,81,126"/><U16/><E125/><V17/><F105/><W129/><G133/><T59/><D127/><N who="3" m="48681" /><G30/><T57/><D132/><U110/><E128/><V108/><F108/><W118/><G129/><T96/><D76/><U54/><E110/><V102/><F121/><W107/><G107/><T12/><D0/><U28/><E28/><V34/><F119/><W61/><G118/><T14/><D57/><U130/><E130/><V2/><F2/><W97/><G97/><T92/><D5/><U29/><E29/><V6/><F34/><W78/><G55/><T115/><D115/><U43/><E68/><V3/><F32/><W71/><G71/><T104/><D104/><U77/><E77/><V82/><F3/><W120/><G120/><T100/><D98/><U27/><REACH who="1" step="1"/><E70/><REACH who="1" ten="184,230,224,352" step="2"/><V94/><F102/><W114/><G114/><T83/><D75/><U117/><E117/><V38/><F88/><W66/><G72/><T9/><D74/><U21/><E21/><V39/><F7/><W64/><G78/><T26/><D100/><U33/><E33/><V11/><F6/><W131/><G131/><T22/><D22/><U103/><E103/><V42/><F11/><W44/><G19/><T1/><D9/><U67/><E67/><V4/><F17/><W95/><G18/><T37/><D1/><U91/><E91/><V89/><F89/><N who="3" m="53695" /><G66/><T35/><D35/><U112/><E112/><V36/><F4/><W65/><G65/><T13/><D13/><U135/><E135/><V53/><F15/><W40/><G64/><T123/><D12/><U122/><E122/><V62/><F24/><RYUUKYOKU ba="0,1" sc="184,-10,230,30,224,-10,352,-10" hai1="8,10,16,23,27,43,45,50,51,54,79,80,85" /><INIT seed="5,1,1,4,5,56" ten="174,260,214,342" oya="1" hai0="57,64,131,121,132,31,105,82,115,18,22,101,59" hai1="122,11,27,44,89,72,41,95,109,62,3,34,19" hai2="77,79,103,86,16,98,5,120,125,110,0,112,135" hai3="100,117,49,47,1,24,127,129,28,61,29,13,54"/><U69/><E122/><V55/><F120/><W8/><G1/><T20/><D121/><U128/><E72/><V58/><F110/><W66/><G129/><T76/><D131/><U48/><E128/><V15/><F125/><W114/><G127/><T35/><D115/><U80/><E109/><V63/><F112/><W92/><G114/><T91/><D132/><U7/><E80/><V50/><F135/><W65/><G117/><T81/><D35/><U37/><E37/><V90/><F0/><W68/><G65/><T25/><D105/><U102/><E102/><V45/><F5/><W67/><G67/><T4/><D101/><U106/><E106/><V73/><F73/><W93/><G100/><T51/><D4/><U104/><E104/><V52/><F98/><W113/><G113/><T75/><D82/><U123/><E123/><V26/><F26/><W33/><G28/><T134/><D134/><U118/><E118/><V70/><F70/><W23/><G33/><T111/><D111/><U10/><E34/><V130/><F103/><W108/><G108/><T30/><D91/><U78/><E78/><V12/><F12/><W74/><G74/><T124/><D124/><U119/><E119/><V6/><F6/><AGARI ba="1,1" hai="6,8,13,23,24,29,47,49,54,61,66,68,92,93" machi="6" ten="30,2000,0" yaku="7,1,52,1" doraHai="56" who="3" fromWho="2" sc="174,0,260,0,214,-23,342,33" /><INIT seed="6,0,0,1,2,122" ten="174,260,191,375" oya="2" hai0="5,109,102,98,31,25,52,45,46,134,84,40,133" hai1="128,48,61,97,37,104,54,82,123,89,58,16,22" hai2="110,87,53,65,96,35,49,38,135,93,105,30,14" hai3="71,13,85,32,20,69,0,108,55,113,116,131,126"/><V91/><F38/><W47/><G108/><T7/><D84/><U56/><E37/><V67/><F110/><W68/><G32/><T10/><D109/><U115/><E115/><V118/><F118/><W75/><G75/><T79/><D79/><U36/><E36/><V59/><F135/><N who="0" m="51722" /><D40/><U1/><E1/><V9/><F30/><W103/><G0/><T42/><D42/><U88/><E123/><V33/><F33/><W114/><G103/><T27/><D45/><U23/><E128/><V106/><F35/><W26/><G131/><T19/><D19/><U44/><E23/><V63/><F96/><W99/><G99/><T12/><D7/><U125/><E125/><V80/><F93/><W81/><G126/><T24/><D31/><U100/><E82/><V112/><F112/><W8/><G81/><T92/><D27/><U3/><E3/><V111/><F111/><W121/><G85/><T34/><D34/><U119/><E119/><V130/><F130/><W39/><G116/><T76/><D76/><U17/><E58/><V11/><F67/><W124/><G124/><T70/><D70/><U101/><E101/><V83/><F83/><W66/><G71/><T132/><N who="0" m="51730" /><T57/><DORA hai="94" /><D46/><U50/><E17/><V2/><F2/><W107/><G69/><T60/><AGARI ba="0,0" hai="5,10,12,24,25,52,57,60,92,98,102" m="51730" machi="60" ten="40,5200,0" yaku="20,1,52,1,54,1" doraHai="122,94" who="0" fromWho="0" sc="174,52,260,-13,191,-26,375,-13" /><INIT seed="7,0,0,1,5,38" ten="226,247,165,362" oya="3" hai0="68,101,42,96,32,46,54,108,9,82,90,100,83" hai1="106,99,130,39,31,66,69,26,7,37,110,89,75" hai2="98,128,125,121,132,91,102,22,103,5,23,48,49" hai3="105,3,8,94,76,25,109,122,18,14,113,79,114"/><W63/><G105/><T21/><D68/><U126/><E110/><V93/><F125/><W12/><G122/><T56/><D32/><U53/><E126/><V50/><F128/><W15/><G109/><T123/><D123/><U78/><E130/><V60/><F121/><W35/><G63/><N who="0" m="36247" /><D108/><U92/><E7/><V74/><F74/><W119/><G119/><T124/><D124/><U71/><E106/><V40/><F132/><W58/><G58/><T0/><D0/><U107/><E53/><V61/><F5/><W2/><G94/><N who="0" m="56407" /><D9/><U4/><E107/><V120/><F120/><W72/><G8/><T47/><D47/><U51/><E51/><V33/><F33/><W13/><G35/><T55/><D55/><U27/><E4/><V34/><F34/><W84/><G72/><T29/><D21/><N who="2" m="7690" /><F60/><W70/><G70/><T104/><D29/><U129/><E129/><V17/><F17/><W57/><G3/><T11/><D11/><U67/><E75/><V45/><F61/><W127/><G2/><T24/><D24/><N who="1" m="9259" /><E31/><V1/><F1/><W118/><G25/><T80/><D104/><U134/><E134/><V111/><F111/><W36/><G127/><T62/><D62/><N who="1" m="40151" /><E78/><V6/><F6/><W115/><G79/><T30/><D30/><U133/><E133/><V41/><F45/><W97/><G76/><T10/><D10/><U112/><E112/><V86/><F102/><W16/><G114/><T20/><D20/><U116/><E116/><V135/><F135/><W43/><G118/><T81/><N who="0" m="20992" /><DORA hai="52" /><T95/><D95/><AGARI ba="0,0" hai="40,41,48,49,50,86,91,93,95,98,103" m="7690" machi="95" ten="30,3900,0" yaku="8,1,52,2" doraHai="38,52" who="2" fromWho="0" sc="226,-39,247,0,165,39,362,0" owari="187,-31.0,247,5.0,204,-20.0,362,46.0" /></mjloggm>