<mjloggm ver="2.3"><GO type="169" lobby="0"/><UN n0="%63%6F%76%61%79%61%2B%2B" n1="%E6%B9%98%E5%8C%97%E2%91%AD%E4%B8%89%E4%BA%95%E5%AF%BF" n2="%70%69%2D%70%6F" n3="%E9%8A%80%E8%9E%8D%E6%A9%9F%E9%96%A2" dan="16,17,16,16" rate="2189.79,2174.30,2141.08,2107.34" sx="M,M,M,M"/><TAIKYOKU oya="0"/><INIT seed="0,0,0,2,1,100" ten="250,250,250,250" oya="0" hai0="115,130,26,74,104,132,63,72,120,50,99,33,21" hai1="76,44,110,71,87,80,113,64,34,83,41,128,111" hai2="68,46,66,49,131,118,109,31,97,84,14,37,56" hai3="103,92,27,28,5,129,134,86,93,29,1,125,17"/><T15/><D115/><U20/><E34/><V13/><F109/><N who="1" m="41481" /><E113/><V8/><F131/><W38/><G129/><T82/><D130/><U112/><E128/><V123/><F123/><W16/><G38/><T98/><D120/><U106/><E112/><V116/><F37/><W121/><G121/><T69/><D132/><U81/><E20/><V35/><F68/><W105/><G105/><T108/><D108/><U77/><E64/><V30/><F84/><W62/><G134/><T3/><D3/><U12/><E71/><V55/><F97/><W70/><G125/><T60/><D33/><U6/><E106/><V124/><F124/><W2/><G103/><T25/><D69/><U32/><E32/><V43/><F66/><W42/><G70/><T39/><D104/><U54/><E54/><V59/><F13/><W19/><G27/><T52/><D15/><U73/><E73/><V94/><F35/><W18/><G1/><T102/><D21/><U9/><E77/><V90/><F118/><W75/><G2/><T23/><D23/><U47/><E47/><V126/><F116/><W133/><G75/><T22/><D22/><U78/><E76/><V107/><F107/><W122/><G122/><T57/><D39/><AGARI ba="0,0" hai="6,9,12,39,41,44,78,80,81,83,87" m="41481" machi="39" ten="30,1000,0" yaku="14,1" doraHai="100" who="1" fromWho="0" sc="250,-10,250,10,250,0,250,0" /><INIT seed="1,0,0,3,5,2" ten="240,260,250,250" oya="1" hai0="119,121,28,130,17,111,11,122,6,108,9,96,34" hai1="37,86,32,27,20,69,91,81,39,45,42,79,127" hai2="101,95,89,73,60,36,75,64,90,72,74,78,62" hai3="87,110,24,128,125,56,113,48,54,29,100,22,104"/><U50/><E69/><V21/><F36/><W1/><G113/><T93/><D119/><U118/><E118/><V112/><F112/><W61/><G1/><N who="0" m="207" /><D93/><U115/><E115/><V59/><N who="2" m="18432" /><DORA hai="94" /><V10/><F78/><W19/><G110/><N who="0" m="42027" /><D96/><U55/><E32/><V98/><F21/><W23/><G125/><T67/><D67/><U80/><E127/><V120/><F120/><W126/><G126/><T68/><D68/><U117/><E117/><V13/><REACH who="2" step="1"/><F62/><REACH who="2" ten="240,260,240,250" step="2"/><W58/><G23/><T123/><D130/><U38/><E79/><V106/><F106/><W105/><G105/><T70/><D34/><U82/><REACH who="1" step="1"/><E42/><REACH who="1" ten="240,250,240,250" step="2"/><V43/><F43/><W92/><G128/><T30/><D70/><U52/><E52/><V131/><F131/><W124/><G54/><T116/><D116/><U33/><E33/><V15/><F15/><AGARI ba="0,2" hai="11,15,17,28,30,121,122,123" m="42027,207" machi="15" ten="40,8000,1" yaku="13,1,14,1,34,2,52,1" doraHai="2,94" who="0" fromWho="2" sc="240,100,250,0,240,-80,250,0" /><INIT seed="2,0,0,3,5,40" ten="340,250,160,250" oya="2" hai0="125,116,130,115,88,68,81,107,16,87,123,39,69" hai1="122,28,103,49,14,129,93,2,1,65,31,118,119" hai2="101,74,53,51,105,99,110,70,18,132,62,4,64" hai3="6,24,102,75,61,47,89,37,15,54,12,8,11"/><V113/><F113/><W52/><G75/><T23/><D115/><U108/><E65/><V98/><F132/><W90/><G102/><T25/><D123/><U26/><E103/><V43/><F74/><W36/><G24/><T100/><D39/><U27/><E93/><V114/><F114/><W104/><G104/><T78/><D130/><U131/><E49/><V56/><F110/><W109/><G109/><T120/><D120/><U134/><E108/><V0/><F99/><W45/><G61/><T86/><D125/><U33/><E122/><V21/><F43/><W30/><G30/><T22/><D116/><U57/><E57/><V73/><F73/><W32/><G32/><T17/><D100/><U76/><E76/><V55/><F55/><W84/><G6/><T121/><D121/><U124/><E14/><V92/><F105/><W5/><G5/><T10/><D107/><U128/><E124/><V59/><F4/><W46/><G46/><T126/><D126/><U83/><E83/><V95/><F0/><N who="1" m="105" /><E134/><V71/><REACH who="2" step="1"/><F95/><REACH who="2" ten="340,250,150,250" step="2"/><W135/><G135/><T63/><D87/><AGARI ba="0,1" hai="8,11,12,15,36,37,45,47,52,54,84,87,89,90" machi="87" ten="25,8000,1" yaku="22,2,52,2,54,1" doraHai="40" who="3" fromWho="0" sc="340,-80,250,0,150,0,250,90" /><INIT seed="3,0,0,1,4,68" ten="260,250,150,340" oya="3" hai0="22,0,90,30,124,80,15,86,61,36,1,116,14" hai1="75,129,123,29,110,51,125,100,57,34,16,82,102" hai2="26,60,13,135,111,41,94,37,5,127,109,12,6" hai3="31,108,40,105,56,54,92,19,42,10,89,35,25"/><W11/><G105/><T33/><D124/><U24/><E123/><V48/><F127/><W65/><G65/><T45/><D116/><U96/><E125/><V20/><F48/><W21/><G108/><N who="2" m="41545" /><F60/><W28/><G42/><T38/><D33/><U9/><E110/><V99/><F135/><W106/><G106/><T120/><D120/><U95/><E129/><V67/><F67/><W58/><G40/><T87/><D0/><U117/><E117/><V71/><F71/><W59/><G54/><T114/><D1/><U132/><E132/><V46/><F26/><W122/><G122/><T79/><D114/><U121/><E121/><V104/><F104/><W44/><G44/><T72/><D61/><U77/><E102/><N who="2" m="60791" /><F20/><W133/><G133/><T69/><D69/><U50/><REACH who="1" step="1"/><E57/><REACH who="1" ten="260,240,150,340" step="2"/><V128/><F128/><W112/><G58/><T78/><D45/><U76/><E76/><V118/><F118/><W17/><G56/><T66/><D78/><U47/><E47/><V93/><F93/><W2/><G59/><T62/><D66/><U53/><E53/><V39/><F39/><W32/><G92/><T3/><D62/><U91/><E91/><V85/><F37/><W27/><G89/><T55/><D55/><U97/><E97/><V83/><F46/><W113/><G2/><T73/><D3/><U131/><E131/><V81/><F41/><W4/><G4/><N who="2" m="1641" /><F83/><W98/><G98/><T23/><D90/><AGARI ba="0,1" hai="12,13,81,85,90" m="1641,60791,41545" machi="90" ten="30,1000,0" yaku="14,1" doraHai="68" who="2" fromWho="0" sc="260,-10,240,0,150,20,340,0" /><INIT seed="4,0,0,4,2,9" ten="250,240,170,340" oya="0" hai0="116,57,127,81,7,71,37,30,23,103,11,74,123" hai1="101,38,40,117,73,64,49,34,42,5,108,109,61" hai2="112,76,126,15,118,46,58,65,96,1,59,22,79" hai3="134,98,82,52,128,75,56,54,83,119,3,99,13"/><T25/><D127/><U92/><E34/><V90/><F1/><W85/><G3/><T130/><D130/><U8/><E73/><V33/><F33/><W106/><G119/><T135/><D135/><U12/><E117/><V43/><F118/><W102/><G128/><T18/><D116/><U4/><E38/><V60/><F126/><W107/><G134/><T124/><D124/><U53/><E5/><V84/><F112/><W69/><G69/><T0/><D123/><U41/><E101/><V78/><F96/><W94/><G75/><T100/><D71/><U95/><E61/><V77/><F58/><W97/><G13/><T110/><D37/><U28/><E28/><V111/><F111/><N who="1" m="42569" /><E64/><V80/><N who="2" m="19456" /><DORA hai="62" /><V122/><F122/><W72/><G72/><T35/><D110/><U51/><E51/><N who="2" m="27103" /><F22/><W70/><G70/><T91/><D57/><U36/><E36/><V17/><F17/><W27/><G56/><T67/><D74/><U32/><E32/><V125/><F125/><W47/><G102/><T48/><D48/><U44/><E95/><V50/><F50/><W24/><G94/><T88/><D67/><U39/><E92/><V121/><F121/><W131/><G131/><T115/><D91/><U114/><E114/><V29/><F29/><W132/><G132/><T86/><REACH who="0" step="1"/><D115/><REACH who="0" ten="240,240,170,340" step="2"/><U55/><E39/><V93/><F80/><W10/><G83/><T113/><D113/><U6/><E55/><V2/><F2/><W104/><G54/><T66/><D66/><U133/><E133/><V45/><F45/><W26/><G47/><T105/><D105/><RYUUKYOKU ba="0,1" sc="240,10,240,10,170,10,340,-30" hai0="0,7,11,18,23,25,30,35,81,86,88,100,103" hai1="4,6,8,12,40,41,42,44,49,53" hai2="15,59,60,65,84,90,93" /><INIT seed="4,1,1,5,5,129" ten="250,250,180,310" oya="0" hai0="66,83,107,75,105,80,90,71,132,111,118,54,116" hai1="78,22,34,110,35,65,33,59,60,3,48,69,102" hai2="56,122,18,24,119,99,124,81,72,67,37,128,131" hai3="108,13,19,10,51,2,126,6,98,11,103,45,30"/><T32/><D32/><U86/><E3/><V74/><F122/><W93/><G108/><T109/><D71/><U40/><E110/><N who="0" m="41993" /><D66/><U0/><E0/><V8/><F37/><W68/><G68/><T15/><D15/><U64/><E102/><V92/><F124/><W42/><G126/><T91/><D54/><U113/><E113/><V61/><F119/><N who="0" m="45610" /><D132/><U1/><E1/><V25/><F81/><N who="0" m="31306" /><D75/><N who="2" m="28714" /><F8/><W58/><G58/><T127/><D127/><U117/><E117/><V53/><F67/><W73/><G73/><T44/><D44/><U121/><E69/><V134/><F134/><W47/><G47/><T135/><D135/><U77/><E65/><V21/><F25/><W28/><AGARI ba="1,1" hai="2,6,10,11,13,19,28,30,42,45,51,93,98,103" machi="28" ten="30,1100,0" yaku="0,1" doraHai="129" who="3" fromWho="3" sc="250,-6,250,-4,180,-4,310,24" /><INIT seed="5,0,0,0,1,46" ten="244,246,176,334" oya="1" hai0="109,38,95,100,79,13,41,135,29,35,107,31,21" hai1="93,48,113,36,58,104,12,25,57,4,15,128,101" hai2="123,106,122,51,23,90,81,62,18,94,2,65,61" hai3="83,30,103,26,77,91,1,98,124,54,19,116,72"/><U67/><E36/><V20/><F106/><W3/><G19/><T63/><D109/><U7/><E104/><V75/><F2/><W76/><G76/><T47/><D35/><U53/><E113/><V55/><F122/><W45/><G91/><T121/><D107/><U64/><E128/><V92/><F123/><W78/><G78/><T80/><D135/><U120/><E120/><V125/><F125/><W14/><G124/><T86/><D121/><U108/><E108/><V118/><F118/><W9/><G116/><T10/><D63/><N who="1" m="38007" /><E25/><V88/><F75/><W8/><G8/><T71/><D71/><U112/><E67/><V17/><F81/><W50/><G14/><N who="1" m="5162" /><E112/><V5/><F5/><N who="1" m="2121" /><E93/><V126/><F126/><W33/><G9/><T97/><D21/><U66/><E66/><V49/><F65/><W34/><G33/><T59/><D59/><U131/><E131/><V129/><REACH who="2" step="1"/><F55/><REACH who="2" ten="244,246,166,334" step="2"/><W39/><G1/><T114/><D114/><U102/><AGARI ba="0,1" hai="48,53,57,101,102" m="2121,5162,38007" machi="102" ten="30,3000,0" yaku="8,1,52,1" doraHai="46" who="1" fromWho="1" sc="244,-10,246,40,166,-10,334,-10" /><INIT seed="5,1,0,2,3,134" ten="234,286,156,324" oya="1" hai0="34,12,135,73,35,54,107,42,130,114,16,100,48" hai1="67,77,132,62,13,74,116,23,120,89,52,58,88" hai2="63,83,128,110,123,56,32,117,30,21,87,126,93" hai3="24,9,129,41,71,72,125,39,104,102,10,101,82"/><U3/><E3/><V50/><F123/><W26/><G71/><T17/><D73/><U109/><E120/><V25/><F117/><W106/><G41/><T81/><D135/><U133/><E116/><V66/><F110/><W112/><G82/><T49/><D114/><U84/><E109/><V98/><F128/><W76/><G129/><T70/><D70/><U57/><E74/><V124/><F32/><W20/><G72/><T36/><D36/><U51/><E133/><V8/><F8/><W0/><G39/><T79/><D42/><U6/><E132/><V40/><F40/><W61/><G61/><T86/><D130/><U85/><E6/><V53/><F87/><N who="1" m="33353" /><E77/><V47/><REACH who="2" step="1"/><F83/><REACH who="2" ten="234,286,146,324" step="2"/><W43/><G43/><T46/><D35/><U18/><AGARI ba="1,1" hai="13,18,23,51,52,57,58,62,67,88,89" m="33353" machi="18" ten="30,6000,0" yaku="8,1,54,2" doraHai="134" who="1" fromWho="1" sc="234,-21,286,73,146,-21,324,-21" /><INIT seed="5,2,0,2,3,16" ten="213,359,125,303" oya="1" hai0="5,117,0,24,29,94,114,133,105,38,34,53,77" hai1="14,91,17,69,28,40,4,8,59,50,58,21,22" hai2="49,102,65,52,129,119,86,2,83,128,36,76,55" hai3="67,3,79,111,130,71,116,93,37,27,107,110,63"/><U98/><E69/><V62/><F119/><W88/><G107/><T125/><D117/><U123/><E123/><V6/><F36/><W95/><G116/><T13/><D105/><U92/><E28/><V120/><F120/><W54/><G37/><T112/><D38/><U108/><E108/><V135/><F135/><W12/><G3/><T99/><D77/><U132/><E132/><V46/><F55/><W66/><G130/><T73/><D73/><U82/><E82/><V103/><F128/><W106/><G106/><T56/><D0/><U31/><E31/><V20/><F129/><W74/><G67/><T90/><D133/><U7/><E7/><V45/><F45/><W35/><G12/><T39/><D39/><U57/><E4/><V42/><F42/><W72/><G35/><T85/><D125/><U127/><E127/><V80/><F80/><W61/><G79/><T121/><D121/><U115/><E115/><V81/><F81/><W30/><G71/><T84/><D5/><U124/><E124/><V48/><F48/><W9/><G110/><T122/><D122/><U47/><AGARI ba="2,0" hai="8,14,17,21,22,40,47,50,57,58,59,91,92,98" machi="47" ten="30,11700,0" yaku="0,1,8,1,52,2" doraHai="16" who="1" fromWho="1" sc="213,-41,359,123,125,-41,303,-41" /><INIT seed="5,3,0,3,5,94" ten="172,482,84,262" oya="1" hai0="67,79,42,58,108,131,127,103,59,4,10,107,8" hai1="99,118,83,102,90,134,112,96,38,80,77,82,121" hai2="60,101,76,75,49,124,0,19,66,27,55,84,1" hai3="54,36,91,29,87,16,97,130,62,37,26,100,44"/><U115/><E38/><V119/><F119/><W18/><G130/><T25/><D108/><U43/><E43/><V51/><F124/><W64/><G36/><T126/><D42/><U46/><E46/><V113/><F75/><W128/><G128/><T41/><D41/><U17/><E17/><V61/><F113/><N who="1" m="43593" /><E118/><V65/><F19/><W110/><G110/><T56/><D79/><U9/><E9/><V117/><F117/><W20/><G37/><T114/><D114/><U53/><E53/><V6/><F6/><W12/><G54/><T23/><D67/><U34/><E34/><V45/><F27/><W5/><G44/><T14/><D131/><U71/><E71/><V48/><F101/><W129/><G129/><T116/><D116/><U22/><E22/><V120/><F120/><W86/><G5/><T111/><D111/><U98/><E121/><V35/><F35/><W30/><G18/><N who="0" m="12535" /><D8/><U3/><E3/><N who="2" m="1099" /><F66/><W40/><G40/><T123/><D123/><U106/><E134/><V7/><F7/><W73/><G26/><T50/><D50/><N who="2" m="19562" /><F65/><W133/><G64/><T104/><D103/><U24/><E24/><V68/><F68/><W2/><G100/><T57/><N who="0" m="14848" /><DORA hai="105" /><T74/><D127/><U63/><E63/><V92/><F76/><W132/><G62/><T32/><D32/><U21/><E21/><V81/><F81/><N who="1" m="31337" /><E90/><N who="2" m="53319" /><F61/><W39/><G133/><T88/><D126/><U72/><AGARI ba="3,0" hai="72,77,83,96,98,99,102,106" m="31337,43593" machi="72" ten="30,18000,2" yaku="15,1,34,2,52,4" doraHai="94,105" who="1" fromWho="1" sc="172,-63,482,189,84,-63,262,-63" /><INIT seed="5,4,0,5,1,67" ten="109,671,21,199" oya="1" hai0="19,13,35,66,84,59,131,60,134,24,31,123,118" hai1="124,50,11,74,116,41,120,83,95,5,135,96,33" hai2="34,55,97,51,23,104,106,69,80,82,48,109,133" hai3="25,110,79,99,45,126,63,98,21,4,38,108,122"/><U61/><E120/><V115/><F109/><W37/><G122/><T64/><D123/><U17/><E116/><V92/><F34/><W18/><G126/><T127/><D127/><U128/><E124/><V117/><F117/><W105/><G4/><T29/><D118/><U76/><E33/><V102/><F133/><W40/><G37/><T7/><D134/><U0/><E135/><V26/><F48/><W43/><G43/><T119/><D119/><U44/><E128/><V129/><F129/><W100/><G79/><T89/><D7/><U3/><E61/><V2/><F2/><W73/><G73/><T68/><D31/><U46/><E46/><V81/><F115/><W65/><REACH who="3" step="1"/><G99/><REACH who="3" ten="109,671,21,189" step="2"/><T12/><D131/><U9/><E3/><V121/><F121/><W8/><G8/><T91/><D84/><U16/><E11/><V90/><F97/><W30/><G30/><T49/><D29/><U53/><E41/><V28/><F28/><W32/><G32/><T72/><D35/><U71/><E71/><AGARI ba="4,1" hai="18,21,25,38,40,45,63,65,71,98,100,105,108,110" machi="71" ten="30,7700,0" yaku="1,1,7,1,52,1,53,1" doraHai="67" doraHaiUra="14" who="3" fromWho="1" sc="109,0,671,-89,21,0,189,99" /><INIT seed="6,0,0,3,1,58" ten="109,582,21,288" oya="2" hai0="13,110,55,103,107,9,135,96,4,14,31,84,20" hai1="43,113,69,99,34,118,47,2,109,8,11,134,5" hai2="54,56,127,92,128,49,123,45,65,7,83,75,28" hai3="129,101,64,79,106,25,52,86,111,71,115,50,74"/><V62/><F123/><W114/><G74/><T121/><D110/><U21/><E69/><V130/><F127/><W87/><G111/><T76/><D121/><U53/><E34/><V112/><F112/><N who="3" m="43051" /><G129/><N who="2" m="49769" /><F7/><W12/><G25/><T126/><D55/><U44/><E109/><V108/><F108/><W66/><G12/><T97/><D97/><U125/><E118/><V91/><F28/><W100/><G106/><T1/><D31/><U68/><E113/><V60/><F75/><W116/><G116/><T19/><D126/><U98/><E125/><V57/><F83/><N who="3" m="47487" /><G87/><T23/><D84/><U124/><E124/><V0/><F0/><W48/><G48/><T119/><D119/><U93/><E2/><V117/><F117/><W82/><G82/><T37/><D76/><U88/><E98/><N who="2" m="57631" /><F65/><N who="3" m="25195" /><G71/><T59/><D1/><U18/><E68/><V133/><F133/><W41/><G41/><T67/><D135/><U61/><E134/><V38/><F38/><W132/><G132/><T63/><D37/><U131/><E43/><V77/><F77/><W102/><G102/><T105/><D4/><U70/><E5/><V120/><F120/><W36/><G36/><T40/><D40/><U80/><E70/><V89/><F89/><W94/><G94/><T95/><D95/><U17/><E80/><V3/><F3/><W33/><G33/><T10/><D105/><U15/><E131/><V29/><F29/><W32/><G32/><T6/><AGARI ba="0,0" hai="6,9,10,13,14,19,20,23,59,63,67,96,103,107" machi="6" ten="20,2700,0" yaku="0,1,7,1,52,1" doraHai="58" who="0" fromWho="0" sc="109,27,582,-7,21,-13,288,-7" /><INIT seed="7,0,0,1,0,72" ten="136,575,8,281" oya="3" hai0="69,83,109,8,11,40,47,66,113,10,16,1,55" hai1="6,58,31,67,54,127,61,4,44,5,46,129,63" hai2="51,102,116,131,80,114,98,56,42,118,3,17,7" hai3="121,134,70,53,120,81,88,50,21,19,124,92,97"/><W74/><G70/><T123/><D109/><U24/><E129/><V28/><F131/><W65/><G65/><T15/><D123/><U104/><E104/><V94/><F114/><W18/><G134/><T71/><D1/><U77/><E77/><V110/><F110/><W38/><G38/><T34/><D34/><U93/><E93/><V95/><F28/><W2/><G2/><T25/><D25/><U133/><E133/><V57/><F94/><W84/><G124/><T33/><D33/><U20/><REACH who="1" step="1"/><E127/><REACH who="1" ten="136,565,8,281" step="2"/><V37/><F80/><W101/><G74/><T126/><D55/><U64/><E64/><V96/><F96/><W108/><G108/><T23/><D47/><U48/><E48/><V105/><F105/><W35/><G35/><T12/><D12/><U85/><E85/><V89/><F102/><W9/><G9/><T22/><D69/><AGARI ba="0,1" hai="4,5,6,20,24,31,44,46,54,58,61,63,67,69" machi="69" ten="40,2600,0" yaku="1,1,53,1" doraHai="72" doraHaiUra="27" who="1" fromWho="0" sc="136,-26,565,36,8,0,281,0" owari="110,-29.0,601,70.0,8,-49.0,281,8.0" /></mjloggm>