<mjloggm ver="2.3"><GO type="169" lobby="0"/><UN n0="%E3%82%86%E3%81%A3%E3%81%8D%E3%82%85%E3%82%93" n1="%E3%83%94%E3%83%A7%E3%83%B3%E5%90%89" n2="%6E%61%6E%6E%61%6E%79%61" n3="%28%2A%C2%B4%33%EF%BD%80%2A%29" dan="17,17,16,17" rate="2146.61,2118.85,2093.70,2140.93" sx="F,F,M,F"/><TAIKYOKU oya="0"/><INIT seed="0,0,0,5,0,89" ten="250,250,250,250" oya="0" hai0="51,30,75,18,37,4,11,97,43,100,31,96,60" hai1="124,62,130,79,53,48,66,82,0,107,45,58,95" hai2="83,16,114,10,73,46,71,56,121,94,115,104,93" hai3="116,34,123,15,9,44,110,35,86,19,57,8,39"/><T29/><D75/><U7/><E107/><V74/><F71/><W101/><G116/><T40/><D37/><U41/><E130/><V119/><F104/><W129/><G123/><T26/><D60/><U12/><E124/><V2/><F121/><W3/><G129/><T25/><D51/><U81/><E0/><V63/><F119/><W105/><G57/><T36/><D18/><U99/><E79/><V84/><F46/><W90/><G110/><T23/><D97/><U21/><E41/><V20/><F73/><W78/><G78/><T98/><D98/><U127/><E127/><V80/><F74/><W117/><G101/><T108/><D108/><U32/><E32/><V88/><F80/><W17/><G117/><T134/><D134/><U122/><E122/><V69/><F69/><W64/><G64/><T59/><D59/><U112/><E112/><V87/><F2/><W38/><G105/><T92/><D36/><U22/><E22/><V120/><F10/><W6/><G19/><T133/><D133/><U24/><E12/><N who="2" m="9223" /><F120/><W33/><REACH who="3" step="1"/><G44/><REACH who="3" ten="250,250,250,240" step="2"/><T65/><D65/><U5/><E5/><V131/><F131/><W14/><G14/><N who="0" m="5479" /><D26/><U125/><E7/><V113/><F115/><W106/><G106/><T76/><D76/><U67/><E125/><V77/><F114/><W70/><G70/><T49/><D25/><U72/><E67/><V27/><F113/><W135/><G135/><T111/><D111/><U1/><E1/><V42/><F27/><W126/><G126/><T102/><D102/><N who="1" m="60799" /><E72/><V109/><F109/><W50/><G50/><T54/><D23/><RYUUKYOKU ba="0,1" sc="250,10,250,10,250,-30,240,10" hai0="29,30,31,40,43,49,54,92,96,100" hai1="21,24,45,48,53,58,62,66,81,82" hai3="3,6,8,9,15,17,33,34,35,38,39,86,90" /><INIT seed="0,1,1,4,3,38" ten="260,260,220,250" oya="0" hai0="90,108,43,115,132,52,68,3,27,71,125,8,107" hai1="119,110,88,117,89,112,84,19,63,22,40,4,1" hai2="103,96,76,93,92,118,101,24,66,122,69,87,10" hai3="21,37,7,70,111,9,106,73,113,28,13,26,33"/><T109/><D115/><U135/><E110/><N who="0" m="42601" /><D107/><U124/><E112/><V83/><F122/><W75/><G113/><T72/><D125/><U42/><E124/><V18/><F118/><W81/><G111/><T54/><D132/><U5/><E135/><V20/><F69/><N who="0" m="26698" /><D72/><U120/><E1/><V128/><F128/><W64/><G106/><T23/><D90/><N who="1" m="34923" /><E120/><V95/><F66/><W46/><G64/><T15/><D3/><U94/><E119/><V12/><REACH who="2" step="1"/><F103/><REACH who="2" ten="260,260,210,250" step="2"/><W55/><G70/><T85/><D85/><U65/><E84/><V50/><F50/><W121/><G73/><T53/><D43/><N who="1" m="16427" /><E117/><V48/><F48/><W61/><G37/><T98/><D98/><U51/><E51/><V47/><F47/><W45/><G46/><T133/><D133/><U86/><E86/><V2/><F2/><W32/><G45/><T58/><D58/><U25/><E65/><V114/><F114/><W36/><G121/><T105/><D105/><U116/><E116/><V129/><F129/><W134/><G36/><T60/><D60/><U17/><E63/><V74/><F74/><W99/><G134/><T62/><D62/><U6/><E94/><V131/><F131/><W44/><G75/><T34/><D34/><U82/><E82/><V59/><F59/><W102/><G81/><T77/><D77/><U78/><E78/><V31/><AGARI ba="1,2" hai="10,12,18,20,24,31,76,83,87,92,93,95,96,101" machi="31" ten="20,5200,0" yaku="1,1,0,1,7,1,8,1,53,0" doraHai="38" doraHaiUra="56" who="2" fromWho="2" sc="260,-27,260,-14,210,75,250,-14" /><INIT seed="1,0,0,1,0,87" ten="233,246,285,236" oya="1" hai0="42,48,134,54,49,109,17,90,56,30,11,38,10" hai1="16,43,25,53,131,93,47,36,41,61,103,68,124" hai2="96,77,69,116,7,55,88,108,95,60,74,89,57" hai3="107,91,119,31,39,75,33,35,117,123,15,80,104"/><U20/><E124/><V128/><F116/><N who="3" m="44619" /><G123/><T125/><D125/><U92/><E131/><V79/><F128/><W127/><G39/><T12/><D38/><U121/><E121/><V29/><F69/><W112/><G127/><T115/><D115/><U135/><E135/><V59/><F74/><W70/><G112/><T83/><D134/><U126/><E126/><V34/><F7/><W66/><G31/><T5/><D30/><U105/><E43/><V45/><F45/><W13/><G66/><T113/><D113/><U120/><E120/><V0/><F0/><W14/><G70/><T129/><D129/><U133/><E133/><V23/><F34/><N who="3" m="12811" /><G75/><T78/><D109/><U37/><E37/><V28/><F108/><W63/><G63/><T110/><D110/><U18/><E18/><V1/><F1/><W132/><G132/><T52/><D42/><U3/><E3/><V98/><F23/><W51/><G51/><T32/><D32/><U106/><E68/><V102/><F102/><W81/><G91/><T27/><D90/><U73/><E73/><V65/><F29/><W6/><G6/><T4/><D11/><U82/><E103/><V94/><F28/><W111/><G111/><T84/><REACH who="0" step="1"/><D27/><REACH who="0" ten="223,246,285,236" step="2"/><U26/><E26/><V72/><F72/><W100/><G100/><T122/><D122/><U22/><E25/><V118/><F118/><W130/><G130/><T40/><D40/><U58/><E41/><V24/><F24/><W9/><G9/><T114/><D114/><U71/><E36/><V86/><F86/><W46/><G46/><AGARI ba="0,1" hai="4,5,10,12,17,46,48,49,52,54,56,78,83,84" machi="46" ten="30,7700,0" yaku="1,1,7,1,8,1,54,1,53,0" doraHai="87" doraHaiUra="101" who="0" fromWho="3" sc="223,87,246,0,285,0,236,-77" /><INIT seed="2,0,0,5,2,103" ten="310,246,285,159" oya="2" hai0="98,59,102,36,76,30,114,11,115,105,60,0,116" hai1="128,127,117,92,93,61,69,58,54,48,67,34,66" hai2="90,112,121,35,46,3,4,86,63,80,45,38,87" hai3="41,131,14,2,71,1,55,6,44,82,19,50,68"/><V132/><F35/><W96/><G131/><T111/><D36/><U23/><E117/><V49/><F112/><W74/><G96/><T64/><D116/><U10/><E34/><V37/><F121/><W52/><G68/><T40/><D40/><U104/><E127/><V79/><F132/><W27/><G71/><T100/><D111/><U133/><E133/><V57/><F4/><W91/><G27/><T106/><D76/><U89/><E66/><V47/><F3/><W7/><G2/><T29/><D30/><U78/><E78/><V28/><F28/><W84/><G74/><T9/><D29/><U95/><E128/><V22/><F22/><W16/><G1/><T12/><D0/><U31/><E10/><V109/><F49/><W119/><G119/><T77/><D77/><U99/><E104/><V122/><F122/><W113/><G113/><T88/><D88/><U75/><E75/><V39/><F109/><W83/><G82/><T26/><D26/><N who="1" m="16863" /><E69/><V33/><F33/><W123/><G123/><T25/><D25/><U18/><E18/><N who="3" m="6698" /><G14/><T81/><D81/><U51/><E51/><V129/><F129/><W43/><G55/><T70/><D70/><U134/><E134/><V72/><REACH who="2" step="1"/><F90/><REACH who="2" ten="310,246,275,159" step="2"/><W94/><G94/><N who="1" m="36458" /><E48/><V32/><F32/><W24/><G24/><T73/><D114/><U120/><E120/><V65/><AGARI ba="0,1" hai="37,38,39,45,46,47,57,63,65,72,79,80,86,87" machi="65" ten="40,3900,0" yaku="1,1,0,1,53,0" doraHai="103" doraHaiUra="108" who="2" fromWho="2" sc="310,-13,246,-13,275,49,159,-13" /><INIT seed="2,1,0,4,5,104" ten="297,233,324,146" oya="2" hai0="108,15,95,49,56,112,16,40,131,53,10,98,38" hai1="132,129,113,93,81,100,5,27,96,75,74,121,37" hai2="99,12,83,0,9,30,58,44,80,102,111,50,134" hai3="25,33,26,65,64,66,51,13,94,4,89,110,106"/><V84/><F134/><W31/><G106/><T63/><D112/><U130/><E37/><V45/><F0/><W90/><G110/><T124/><D108/><U117/><E113/><V72/><F30/><W122/><G122/><T14/><D131/><N who="1" m="50187" /><E132/><V69/><F69/><W67/><N who="3" m="16384" /><DORA hai="7" /><W43/><G26/><T11/><D124/><U133/><E133/><V59/><F72/><N who="1" m="27689" /><E121/><V125/><F125/><W92/><G51/><T22/><D38/><U77/><E5/><V103/><F111/><W120/><G43/><T36/><D36/><U107/><E27/><V2/><F2/><W46/><G46/><N who="0" m="25799" /><D15/><U105/><E117/><V79/><F45/><W57/><G120/><T88/><AGARI ba="1,0" hai="10,11,14,16,22,53,56,63,88,95,98" m="25799" machi="88" ten="30,8000,1" yaku="8,1,52,2,54,2" doraHai="104,7" who="0" fromWho="0" sc="297,83,233,-21,324,-41,146,-21" /><INIT seed="3,0,0,1,3,58" ten="380,212,283,125" oya="3" hai0="69,0,9,116,66,115,106,42,79,109,123,8,4" hai1="128,130,48,7,5,67,75,11,28,34,55,36,53" hai2="38,51,92,35,94,82,127,135,22,132,31,81,60" hai3="19,129,72,85,125,68,59,47,62,114,14,110,101"/><W17/><G72/><T2/><D116/><U44/><E75/><V126/><F38/><W41/><G114/><T64/><D123/><U49/><E36/><V18/><F35/><W84/><G68/><T90/><D106/><U87/><E67/><V100/><F31/><W24/><G125/><T77/><D115/><U23/><E34/><V108/><F51/><W27/><G129/><N who="1" m="49770" /><E11/><V54/><F108/><W131/><G101/><T40/><D90/><U119/><E119/><V105/><F105/><W122/><G110/><T97/><D97/><U45/><E87/><N who="3" m="33354" /><G131/><T98/><D98/><U95/><E95/><V39/><F39/><W134/><G122/><T12/><D109/><U3/><E3/><V96/><F94/><W133/><G17/><T20/><D20/><U120/><E120/><V112/><F112/><W6/><G6/><N who="1" m="2058" /><E23/><V99/><F99/><W1/><G1/><T63/><D4/><U86/><E86/><V30/><F30/><AGARI ba="0,0" hai="28,30,44,45,48,49,53,55" m="2058,49770" machi="30" ten="30,1000,0" yaku="19,1" doraHai="58" who="1" fromWho="2" sc="380,0,212,10,283,-10,125,0" /><INIT seed="4,0,0,3,2,128" ten="380,222,273,125" oya="0" hai0="0,82,92,18,58,115,101,48,36,98,2,49,59" hai1="30,27,10,17,119,96,41,108,95,83,109,62,9" hai2="46,54,57,32,90,85,47,74,77,94,66,38,105" hai3="104,53,63,69,16,87,12,99,65,132,75,117,125"/><T79/><D36/><U13/><E41/><V78/><F32/><W61/><G117/><T7/><D115/><U20/><E119/><V42/><F105/><W35/><G75/><T45/><D18/><U37/><E37/><V114/><F114/><W33/><G125/><T52/><D7/><U5/><E83/><V118/><F118/><W40/><G40/><T43/><REACH who="0" step="1"/><D59/><REACH who="0" ten="370,222,273,125" step="2"/><U107/><E17/><V50/><F38/><W73/><G132/><T22/><D22/><U127/><E20/><V130/><F57/><W71/><G35/><T122/><D122/><U64/><E5/><V111/><F130/><W131/><G33/><T39/><D39/><U91/><E127/><V11/><F11/><W28/><G131/><T55/><D55/><U97/><E9/><V86/><F54/><W25/><G53/><T3/><D3/><U8/><E10/><V80/><F42/><W89/><G69/><T103/><D103/><U133/><E8/><V23/><F23/><N who="3" m="15423" /><G71/><T134/><D134/><U88/><E133/><V19/><F19/><W81/><G65/><T51/><D51/><U93/><E64/><V70/><F50/><W44/><G44/><T113/><D113/><U120/><E120/><V135/><F66/><W68/><G68/><T24/><D24/><U76/><E27/><V72/><F70/><W121/><G121/><T31/><D31/><U129/><E30/><V14/><F135/><W15/><G15/><T116/><D116/><U102/><E13/><V6/><F14/><W126/><G126/><T56/><D56/><U84/><E129/><V110/><F46/><RYUUKYOKU ba="0,1" sc="370,30,222,-10,273,-10,125,-10" hai0="0,2,43,45,48,49,52,58,79,82,92,98,101" /><INIT seed="4,1,1,2,1,120" ten="400,212,263,115" oya="0" hai0="4,71,91,19,17,113,130,87,1,51,13,29,131" hai1="123,94,38,26,66,135,23,40,127,55,110,24,8" hai2="49,134,67,90,81,104,57,62,105,122,20,100,84" hai3="2,97,59,132,44,121,93,6,31,126,116,15,86"/><T18/><D71/><U78/><E123/><V12/><F122/><W74/><G116/><T103/><D113/><U3/><E66/><V64/><F134/><W68/><G121/><T82/><D103/><U101/><E55/><V129/><F129/><N who="0" m="49162" /><D29/><U102/><E78/><V22/><F64/><W65/><G68/><T43/><D1/><U33/><E40/><V36/><F36/><W95/><G74/><T85/><D85/><U46/><E46/><V11/><F100/><W32/><G31/><T37/><D37/><U76/><E38/><V35/><F35/><W125/><G32/><T63/><D63/><U61/><E61/><V89/><F89/><W60/><G2/><T7/><D13/><U106/><E101/><V27/><F49/><W28/><G93/><T53/><D43/><U72/><E102/><V77/><F104/><W10/><G86/><T69/><D69/><U92/><E106/><V70/><F105/><W41/><G28/><T45/><AGARI ba="1,1" hai="4,7,17,18,19,45,51,53,82,87,91" m="49162" machi="45" ten="30,1500,0" yaku="19,1" doraHai="120" who="0" fromWho="0" sc="400,28,212,-6,263,-6,115,-6" /><INIT seed="4,2,0,5,2,93" ten="428,206,257,109" oya="0" hai0="61,71,85,117,21,46,49,3,96,17,87,75,112" hai1="88,60,7,16,72,8,10,132,100,4,106,39,37" hai2="11,35,128,115,127,114,92,1,98,78,15,94,42" hai3="103,55,119,105,24,30,70,28,0,76,125,56,111"/><T13/><D117/><U43/><E72/><V80/><F35/><W89/><G119/><T26/><D75/><U83/><E132/><V18/><F1/><W99/><G70/><T109/><D3/><U31/><E31/><V64/><F128/><W95/><G0/><T107/><D112/><U135/><E135/><V59/><F42/><W123/><G111/><T47/><D109/><U81/><E60/><V52/><F64/><W74/><G123/><T41/><D47/><U2/><E43/><V126/><F94/><W134/><G134/><T34/><D61/><U48/><E48/><N who="2" m="31111" /><F80/><W129/><G129/><T40/><D71/><U58/><E58/><V68/><F78/><W130/><G125/><N who="2" m="47625" /><F68/><W77/><G130/><T27/><D41/><U90/><E2/><V63/><F63/><W25/><G74/><T5/><D34/><U86/><E86/><V131/><F131/><W32/><G77/><T120/><D85/><U14/><E106/><V6/><F6/><W62/><G76/><T124/><D87/><U12/><REACH who="1" step="1"/><E100/><AGARI ba="2,0" hai="11,15,18,92,98,100,114,115" m="47625,31111" machi="100" ten="30,3900,0" yaku="18,1,52,1,54,1" doraHai="93" who="2" fromWho="1" sc="428,0,206,-45,257,45,109,0" /><INIT seed="5,0,0,1,5,53" ten="428,161,302,109" oya="1" hai0="24,130,34,11,45,70,124,112,128,110,41,82,1" hai1="99,120,2,29,48,49,106,126,114,60,58,84,32" hai2="15,30,123,23,127,54,62,109,7,14,101,107,37" hai3="92,77,79,65,4,35,9,66,129,115,83,5,74"/><U91/><E120/><V73/><F123/><W93/><G5/><T36/><D112/><U111/><E114/><V64/><F109/><W55/><G115/><T10/><D110/><U76/><E2/><V3/><F73/><W78/><G129/><T90/><D124/><U116/><E116/><V19/><F37/><W6/><G6/><T85/><D70/><U46/><E111/><V88/><F101/><W39/><G35/><T95/><D1/><U25/><E126/><V31/><F107/><W94/><G39/><T27/><D27/><U104/><E76/><V75/><F54/><W40/><G40/><T69/><D69/><U52/><E99/><V59/><F75/><W105/><G105/><T81/><D24/><U50/><REACH who="1" step="1"/><E46/><REACH who="1" ten="428,151,302,109" step="2"/><V122/><F3/><W44/><G74/><T13/><D128/><U71/><E71/><V43/><F122/><W57/><G44/><T0/><D130/><U132/><E132/><V56/><F127/><W38/><G38/><T51/><D36/><U121/><E121/><V22/><F7/><W102/><G102/><T47/><D47/><U33/><E33/><V108/><F108/><W89/><G4/><T42/><D0/><U103/><E103/><V119/><F119/><W21/><G77/><T131/><D34/><U134/><E134/><V63/><F88/><W16/><G78/><T117/><D117/><U87/><E87/><V80/><F19/><W96/><G79/><T72/><D131/><U17/><E17/><V98/><F98/><W20/><G96/><T61/><D42/><U12/><E12/><V86/><F43/><RYUUKYOKU ba="0,1" sc="428,-10,151,30,302,-10,109,-10" hai1="25,29,32,48,49,50,52,58,60,84,91,104,106" /><INIT seed="5,1,1,0,5,71" ten="418,181,292,99" oya="1" hai0="37,76,122,1,90,114,105,36,3,39,87,32,80" hai1="13,4,17,26,131,63,75,77,130,22,11,40,72" hai2="24,120,15,23,127,45,128,113,10,2,102,134,14" hai3="112,50,115,9,59,21,135,66,92,101,12,49,55"/><U82/><E72/><V7/><F120/><W103/><G135/><T28/><D105/><U89/><E40/><V133/><F102/><W129/><G129/><T125/><D122/><U61/><REACH who="1" step="1"/><E89/><REACH who="1" ten="418,171,292,99" step="2"/><V46/><F134/><W69/><G115/><T70/><D114/><U79/><E79/><V54/><F133/><W33/><G112/><T52/><D125/><U116/><E116/><V31/><F127/><W126/><G103/><T41/><D41/><U38/><E38/><V6/><F113/><W30/><G126/><T88/><D70/><U84/><E84/><V8/><F2/><W108/><G101/><T119/><D119/><U78/><E78/><V104/><F104/><W42/><G69/><T18/><D3/><U19/><E19/><V109/><F6/><W43/><G42/><T91/><D1/><U95/><E95/><V123/><F123/><W62/><G43/><T118/><D118/><U60/><AGARI ba="1,2" hai="4,11,13,17,22,26,60,61,63,75,77,82,130,131" machi="60" ten="30,6000,0" yaku="1,1,0,1,53,1" doraHai="71" doraHaiUra="107" who="1" fromWho="1" sc="418,-21,171,83,292,-21,99,-21" /><INIT seed="5,2,0,0,1,135" ten="397,254,271,78" oya="1" hai0="27,113,44,83,76,117,64,111,47,84,109,53,102" hai1="41,65,67,58,5,12,6,40,38,103,86,124,23" hai2="118,89,42,82,21,87,20,32,68,22,115,101,96" hai3="43,75,60,128,15,106,46,133,132,13,63,62,56"/><U119/><E119/><V9/><F118/><W30/><G75/><T88/><D117/><U51/><E38/><V31/><F68/><W99/><G30/><T127/><D113/><U80/><E103/><V122/><F122/><W92/><G128/><T18/><D102/><U19/><E124/><V57/><F115/><W116/><G106/><T77/><D64/><N who="1" m="24651" /><E58/><V120/><F120/><W10/><G56/><T91/><D127/><U0/><E0/><V107/><F42/><N who="1" m="16489" /><E51/><V85/><F57/><W29/><G29/><T34/><D44/><U39/><E39/><V94/><F32/><W37/><G116/><T48/><D34/><U71/><E71/><V66/><F66/><W74/><G74/><T105/><D105/><U61/><E61/><V25/><F9/><W59/><G59/><T50/><D50/><U1/><E1/><V4/><F4/><W95/><G95/><T54/><D54/><U100/><E100/><V108/><F107/><W121/><G121/><T123/><D123/><U26/><E26/><V52/><F25/><W114/><G114/><T104/><D104/><U97/><E97/><V78/><F52/><W14/><REACH who="3" step="1"/><G10/><REACH who="3" ten="397,254,271,68" step="2"/><T130/><D47/><U72/><E72/><V126/><F126/><W129/><G129/><T73/><D73/><U112/><E112/><V36/><F31/><W11/><G11/><T35/><D130/><U45/><E45/><V8/><F8/><W81/><G81/><T110/><D110/><U134/><E80/><V93/><F108/><W98/><G98/><T70/><D109/><U125/><E125/><V69/><F69/><RYUUKYOKU ba="2,1" sc="397,-15,254,-15,271,15,68,15" hai2="20,21,22,36,78,82,85,87,89,93,94,96,101" hai3="13,14,15,37,43,46,60,62,63,92,99,132,133" /><INIT seed="6,3,1,0,2,43" ten="382,239,286,83" oya="2" hai0="74,92,45,108,130,55,107,11,133,12,71,2,23" hai1="3,120,56,7,132,76,105,6,87,47,51,135,35" hai2="134,81,77,10,34,1,110,9,27,102,99,127,79" hai3="54,30,88,26,96,49,40,37,84,64,48,86,121"/><V24/><F134/><N who="1" m="51241" /><E105/><V38/><F127/><W14/><G121/><T57/><D57/><U16/><E35/><V4/><F110/><W66/><G37/><T122/><D23/><U36/><E36/><V100/><F38/><W73/><G73/><T0/><D92/><U31/><E31/><V90/><F34/><W106/><G84/><T103/><D55/><U65/><E3/><V44/><F90/><W82/><G14/><T53/><D53/><U124/><E120/><V21/><F99/><W111/><G111/><T46/><D12/><U42/><E16/><V95/><F95/><W97/><G106/><T85/><D85/><U116/><E116/><V80/><F1/><W50/><G40/><T8/><D8/><U41/><E41/><V22/><F4/><W70/><G54/><T59/><D11/><U119/><E119/><V58/><F58/><W63/><REACH who="3" step="1"/><G66/><REACH who="3" ten="382,239,286,73" step="2"/><T131/><D74/><U20/><E65/><V117/><F117/><W61/><G61/><T129/><D107/><U52/><E124/><V60/><F60/><W94/><G94/><T118/><D118/><U83/><E42/><V17/><F9/><W112/><G112/><T93/><D108/><U15/><E56/><V67/><F10/><W72/><G72/><T62/><D122/><U33/><E52/><V19/><F67/><W123/><G123/><T28/><D133/><U5/><E87/><V109/><F109/><W126/><G126/><T13/><D0/><U101/><E51/><V75/><F75/><W113/><G113/><T78/><D2/><U32/><E15/><V69/><F69/><RYUUKYOKU ba="3,2" sc="382,-15,239,-15,286,15,73,15" hai2="17,19,21,22,24,27,44,77,79,80,81,100,102" hai3="26,30,48,49,50,63,64,70,82,86,88,96,97" /><INIT seed="6,4,2,2,3,74" ten="367,224,301,88" oya="2" hai0="13,0,5,113,135,54,80,3,42,26,9,6,111" hai1="45,110,81,94,123,58,15,72,120,87,52,43,101" hai2="8,92,131,66,64,68,73,129,22,130,100,89,36" hai3="107,60,50,115,109,76,38,46,47,91,128,103,11"/><V124/><F36/><W61/><G109/><T70/><D111/><U85/><E110/><V53/><F73/><W77/><G128/><T67/><D113/><U88/><E101/><V96/><F68/><W1/><G115/><T114/><D114/><U59/><E72/><V102/><F124/><W25/><G107/><T19/><D42/><U56/><E15/><V44/><F8/><W104/><G104/><T57/><D135/><U39/><REACH who="1" step="1"/><E52/><REACH who="1" ten="367,214,301,88" step="2"/><V106/><F102/><W83/><G103/><T119/><D13/><U55/><E55/><V105/><F100/><W12/><G1/><T95/><D54/><U71/><E71/><V133/><F133/><W132/><G132/><T112/><D70/><U63/><E63/><N who="3" m="24138" /><G46/><T51/><D3/><U82/><E82/><V69/><F69/><W62/><N who="3" m="24146" /><W79/><DORA hai="90" /><G25/><T93/><D0/><U125/><E125/><V20/><F106/><W40/><G38/><T18/><D26/><U65/><E65/><N who="2" m="25195" /><F105/><W134/><G134/><T78/><D67/><U37/><E37/><V49/><AGARI ba="4,3" hai="20,22,44,49,53,89,92,96,129,130,131" m="25195" machi="49" ten="40,3900,0" yaku="19,1,52,1" doraHai="74,90" who="2" fromWho="2" sc="367,-17,214,-17,301,81,88,-17" /><INIT seed="6,5,0,2,4,65" ten="350,197,382,71" oya="2" hai0="5,4,72,44,34,10,115,36,18,6,11,58,89" hai1="105,28,42,122,24,86,25,132,107,63,1,129,0" hai2="8,21,54,84,62,23,39,60,73,47,16,81,31" hai3="67,30,97,101,19,92,46,49,135,57,52,7,112"/><V103/><F73/><W113/><G135/><T88/><D72/><U56/><E132/><V104/><F104/><W29/><G7/><T77/><D77/><U32/><E42/><V100/><F39/><W68/><G19/><T59/><D34/><U99/><E129/><V117/><F8/><W82/><G82/><T13/><D115/><N who="3" m="44105" /><G46/><T61/><D11/><U102/><E107/><V93/><F23/><W98/><G97/><T40/><REACH who="0" step="1"/><D59/><REACH who="0" ten="340,197,382,71" step="2"/><U2/><E32/><V17/><F21/><W91/><G91/><T55/><AGARI ba="5,1" hai="4,5,6,10,13,18,36,40,44,55,58,61,88,89" machi="55" ten="30,8000,1" yaku="1,1,2,1,0,1,54,1,53,1" doraHai="65" doraHaiUra="41" who="0" fromWho="0" sc="340,105,197,-25,382,-45,71,-25" /><INIT seed="7,0,0,0,5,28" ten="445,172,337,46" oya="3" hai0="67,56,66,57,100,44,125,7,86,113,91,39,52" hai1="51,12,5,121,70,131,109,93,16,58,72,42,50" hai2="126,8,73,34,120,80,105,41,117,48,128,49,84" hai3="78,10,107,46,95,61,82,97,92,36,101,18,54"/><W55/><G55/><T60/><D113/><U129/><E109/><V75/><F105/><W90/><G107/><T17/><D7/><U74/><E70/><V76/><F117/><W124/><G124/><T116/><D116/><U94/><E5/><V123/><F126/><W64/><G10/><T47/><D125/><U14/><E121/><V38/><F8/><W2/><G2/><T0/><D0/><U108/><E108/><V24/><F128/><N who="1" m="49225" /><E12/><V40/><F38/><W87/><G18/><T30/><D30/><U13/><E13/><V96/><F96/><W53/><G46/><T33/><D33/><U132/><E58/><V104/><F104/><W37/><G36/><T15/><D100/><U43/><E51/><V85/><F80/><W31/><G37/><T81/><D39/><U112/><E112/><V77/><F24/><W83/><G31/><T11/><D67/><U71/><E71/><V89/><F89/><W32/><G32/><AGARI ba="0,0" hai="32,34,40,41,48,49,73,75,76,77,84,85,120,123" machi="32" ten="25,6400,0" yaku="22,2,52,2" doraHai="28" who="2" fromWho="3" sc="445,0,172,0,337,64,46,-64" owari="445,55.0,172,-23.0,401,20.0,-18,-52.0" /></mjloggm>