<mjloggm ver="2.3"><GO type="169" lobby="0"/><UN n0="%EF%BF%A1%E3%81%BA%E3%82%93%E3%81%BA%E3%82%93%EF%BF%A1" n1="%E3%83%99%E3%83%AB%E3%81%A0%E3%81%91%E8%A8%AD%E5%AE%9A%EF%BC%96" n2="%53%48%45%45%50%32%30%30" n3="%E3%81%8D%E3%81%8F%E3%81%A6%E3%81%83%E3%81%99%E2%98%86" dan="16,17,17,16" rate="2074.40,2140.95,2177.72,2084.70" sx="M,M,M,M"/><TAIKYOKU oya="0"/><INIT seed="0,0,0,3,2,40" ten="250,250,250,250" oya="0" hai0="39,79,71,89,36,92,90,38,131,37,49,24,31" hai1="80,68,34,103,124,85,15,93,67,61,28,63,11" hai2="122,91,25,29,21,16,62,107,82,132,46,126,1" hai3="64,86,97,75,83,76,22,102,45,58,44,8,95"/><T9/><N who="0" m="9216" /><DORA hai="51" /><T35/><D131/><U129/><E129/><V0/><F122/><W113/><G113/><T114/><D114/><U19/><E124/><V43/><F107/><W104/><G8/><T81/><D71/><U84/><E34/><V110/><F110/><W108/><G108/><T42/><D9/><U112/><E28/><V20/><F132/><W14/><G14/><T87/><REACH who="0" step="1"/><D92/><REACH who="0" ten="240,250,250,250" step="2"/><U105/><E93/><V77/><F126/><W120/><G120/><T125/><D125/><U26/><E112/><V135/><F135/><W99/><G22/><T115/><D115/><U4/><E68/><V41/><F21/><W12/><G12/><T73/><D73/><U109/><E109/><V96/><F20/><W78/><G75/><T50/><D50/><U117/><E11/><V54/><F1/><W57/><G95/><T47/><AGARI ba="0,1" hai="24,31,35,42,47,49,79,81,87,89,90" m="9216" machi="47" ten="60,11700,0" yaku="1,1,0,1,52,1,53,0" doraHai="40,51" doraHaiUra="94,7" who="0" fromWho="0" sc="240,127,250,-39,250,-39,250,-39" /><INIT seed="0,1,0,3,2,86" ten="367,211,211,211" oya="0" hai0="91,135,27,132,1,16,115,81,73,32,114,7,111" hai1="12,10,126,49,30,134,75,109,62,117,67,20,35" hai2="74,129,58,127,121,43,31,94,70,61,80,122,103" hai3="78,50,8,124,93,3,26,120,83,42,55,4,87"/><T112/><D73/><U13/><E75/><V125/><F70/><W44/><G124/><N who="2" m="47689" /><F43/><W37/><G120/><T102/><D102/><U110/><E126/><V97/><F31/><W85/><G26/><T113/><D113/><U68/><E117/><V82/><F129/><W36/><REACH who="3" step="1"/><G42/><REACH who="3" ten="367,211,211,201" step="2"/><T54/><D27/><U38/><E109/><V5/><F122/><W65/><G65/><T105/><D111/><U17/><E110/><V0/><F121/><W88/><AGARI ba="1,1" hai="3,4,8,36,37,44,50,55,78,83,85,87,88,93" machi="88" ten="30,7900,0" yaku="1,1,0,1,52,1,54,1,53,0" doraHai="86" doraHaiUra="118" who="3" fromWho="3" sc="367,-40,211,-21,211,-21,201,92" /><INIT seed="1,0,0,0,0,69" ten="327,190,190,293" oya="1" hai0="54,4,116,123,89,47,97,16,110,127,93,133,57" hai1="41,72,33,61,68,128,99,106,25,64,10,15,12" hai2="96,55,28,43,112,126,92,46,125,9,22,36,59" hai3="56,23,135,101,49,11,79,7,66,91,67,88,109"/><U14/><E72/><V63/><F112/><W120/><G120/><T82/><D116/><U65/><E128/><V60/><F60/><W84/><G109/><T85/><D110/><U131/><E131/><V2/><F28/><W39/><G101/><T118/><D133/><U31/><E65/><V105/><F105/><W19/><G135/><T119/><D127/><U8/><REACH who="1" step="1"/><E41/><REACH who="1" ten="327,180,190,293" step="2"/><V34/><F43/><W40/><G67/><T129/><D129/><U44/><E44/><V48/><F46/><W94/><G66/><T50/><D119/><U45/><E45/><V52/><F126/><W80/><G40/><T1/><D118/><U37/><E37/><V17/><F36/><W18/><G39/><T53/><D123/><U132/><E132/><V100/><F125/><W0/><G49/><T114/><D50/><U107/><E107/><V71/><F48/><W73/><G56/><T74/><D57/><U122/><E122/><V51/><F51/><W35/><G73/><T38/><D74/><U121/><E121/><V77/><F59/><W113/><G113/><T108/><D38/><U70/><E70/><V3/><F71/><W81/><G35/><T75/><D47/><U24/><E24/><V21/><F34/><W30/><G79/><N who="0" m="46303" /><D75/><U102/><AGARI ba="0,1" hai="8,10,12,14,15,25,31,33,61,64,68,99,102,106" machi="102" ten="30,11700,0" yaku="1,1,0,1,25,2,53,0" doraHai="69" doraHaiUra="76" who="1" fromWho="1" sc="327,-39,180,127,190,-39,293,-39" /><INIT seed="1,1,0,0,4,43" ten="288,307,151,254" oya="1" hai0="125,60,68,6,2,81,76,31,105,18,66,46,114" hai1="38,98,4,11,55,99,50,52,27,71,106,32,87" hai2="118,33,85,120,97,133,84,16,86,103,42,48,75" hai3="70,65,15,72,108,17,41,10,82,132,5,47,115"/><U78/><E38/><V121/><F33/><W96/><G115/><T7/><D114/><U21/><E32/><V94/><F118/><W88/><G108/><T51/><D105/><U124/><E71/><V0/><F0/><W77/><G132/><T34/><D125/><U26/><E124/><V61/><F61/><W117/><G117/><T14/><D31/><U80/><E55/><V20/><F75/><W22/><G65/><T62/><D62/><U13/><E106/><V130/><F130/><W45/><G70/><T129/><D2/><U8/><E8/><V95/><F133/><W53/><G53/><T23/><D34/><U123/><E123/><V83/><F95/><W28/><G28/><T63/><D63/><U79/><E79/><V36/><F36/><W131/><G131/><T101/><D101/><U25/><REACH who="1" step="1"/><E21/><REACH who="1" ten="288,297,151,254" step="2"/><V3/><F121/><W110/><G110/><T119/><D129/><U24/><N who="1" m="6144" /><DORA hai="67" /><U109/><E109/><V19/><F120/><W59/><G22/><T112/><D112/><U89/><E89/><V92/><F20/><W44/><G88/><T134/><D119/><U127/><E127/><V107/><F107/><W37/><G37/><T116/><D116/><U9/><E9/><V104/><F104/><W111/><G111/><T73/><D134/><U30/><E30/><V54/><F54/><AGARI ba="1,1" hai="6,7,14,18,23,46,51,54,60,66,68,73,76,81" machi="54" ten="30,3900,0" yaku="7,1,52,2" doraHai="43,67" who="0" fromWho="2" sc="288,52,297,0,151,-42,254,0" /><INIT seed="2,0,0,2,3,0" ten="340,297,109,254" oya="2" hai0="99,50,48,75,67,73,72,14,58,59,135,78,38" hai1="77,76,121,69,8,88,126,94,70,61,55,114,39" hai2="17,57,28,40,35,102,41,107,118,104,134,11,97" hai3="74,79,19,86,113,119,129,64,32,117,101,13,131"/><V16/><F118/><W122/><G64/><T24/><D38/><U44/><E114/><V81/><F134/><W54/><G32/><T7/><D78/><U33/><E33/><V83/><F35/><W66/><G66/><T106/><D24/><U120/><E126/><V71/><F28/><W1/><G1/><T15/><D106/><U25/><E25/><V65/><F71/><W62/><G122/><N who="1" m="47210" /><E61/><N who="2" m="38063" /><F104/><W27/><G27/><T92/><D59/><U26/><E26/><V45/><F107/><W20/><G113/><T6/><D135/><U2/><E69/><V68/><F68/><W84/><G101/><T112/><D112/><U85/><E70/><V30/><F30/><W46/><G74/><T29/><D29/><U5/><E55/><V111/><F111/><W127/><G127/><T90/><D67/><U10/><E10/><V80/><F97/><W123/><G123/><T4/><REACH who="0" step="1"/><D58/><REACH who="0" ten="330,297,109,254" step="2"/><U63/><E63/><V105/><F105/><W103/><G79/><T37/><D37/><U116/><E116/><V56/><F102/><W95/><G119/><T128/><D128/><U42/><AGARI ba="0,1" hai="2,5,8,39,42,44,76,77,85,88,94" m="47210" machi="42" ten="30,4000,0" yaku="13,1,52,1,54,1" doraHai="0" who="1" fromWho="1" sc="330,-10,297,50,109,-20,254,-10" /><INIT seed="3,0,0,5,2,132" ten="320,347,89,244" oya="3" hai0="97,17,15,109,71,24,118,83,18,107,117,115,103" hai1="91,110,88,41,47,111,26,98,126,72,94,85,12" hai2="90,106,33,23,79,93,84,3,28,87,37,44,54" hai3="128,73,104,66,101,80,38,78,67,51,60,16,116"/><W0/><G116/><T35/><D109/><N who="1" m="41483" /><E72/><V58/><F106/><W42/><G38/><T4/><D71/><U45/><E26/><N who="2" m="16479" /><F33/><W68/><G0/><T50/><D115/><U29/><E29/><V81/><F37/><W96/><G128/><T119/><D83/><N who="1" m="49215" /><E12/><V63/><F3/><W5/><G5/><T123/><D123/><U11/><E11/><V135/><F135/><W120/><G120/><T25/><D35/><U27/><E27/><V74/><F74/><W92/><G67/><T49/><D25/><U43/><E45/><AGARI ba="0,0" hai="44,45,54,58,63,79,81,84,87,90,93" m="16479" machi="45" ten="30,1000,0" yaku="8,1" doraHai="132" who="2" fromWho="1" sc="320,0,347,-10,89,10,244,0" /><INIT seed="4,0,0,0,2,3" ten="320,337,99,244" oya="0" hai0="85,24,126,35,10,108,115,83,72,121,69,44,123" hai1="60,91,80,22,9,75,63,99,118,64,76,127,36" hai2="39,59,84,122,133,13,125,46,132,134,116,92,119" hai3="129,66,32,23,43,131,37,18,48,0,65,31,41"/><T30/><D69/><U47/><E118/><N who="2" m="45099" /><F13/><N who="3" m="9679" /><G37/><T128/><D115/><U50/><E127/><V33/><F33/><W107/><G107/><T130/><D72/><U87/><E36/><V54/><F92/><W62/><G48/><T8/><D108/><U11/><E99/><V100/><F84/><W29/><G0/><T96/><D44/><U38/><E38/><V53/><F100/><W52/><G66/><T34/><D96/><U42/><E22/><V49/><F125/><W2/><G2/><T51/><D51/><U12/><E64/><V88/><F88/><W28/><G32/><N who="0" m="12331" /><D85/><U1/><E1/><V82/><F82/><W95/><G95/><T68/><D83/><U114/><E9/><N who="0" m="3689" /><D68/><U58/><E114/><V113/><F113/><W106/><G106/><T25/><D126/><U102/><E102/><V19/><F19/><W61/><G61/><T89/><D89/><U21/><E60/><N who="2" m="35951" /><F39/><W55/><G62/><T6/><D30/><U45/><E63/><V98/><F98/><W86/><G86/><T5/><D25/><U17/><E75/><V101/><F101/><W78/><G78/><T90/><D90/><U20/><E91/><V70/><F70/><W94/><G94/><T14/><D14/><U15/><E15/><V71/><F71/><W73/><G73/><T104/><D24/><U27/><E27/><V16/><F16/><W117/><G117/><T40/><D104/><U26/><E26/><V120/><AGARI ba="0,0" hai="46,49,54,120,122,132,133,134" m="35951,45099" machi="120" ten="40,8000,1" yaku="20,1,12,1,34,2" doraHai="3" who="2" fromWho="2" sc="320,-40,337,-20,99,80,244,-20" /><INIT seed="5,0,0,0,0,117" ten="280,317,179,224" oya="1" hai0="75,72,5,63,101,25,92,60,70,16,80,45,82" hai1="106,84,47,22,24,88,93,1,44,86,20,129,51" hai2="42,50,122,102,114,118,4,28,2,90,11,76,123" hai3="85,115,6,68,8,59,43,34,27,66,94,9,40"/><U10/><E106/><V39/><F118/><W13/><G68/><T96/><D5/><U41/><E129/><V58/><F102/><W125/><G115/><T120/><D75/><U91/><E44/><N who="2" m="23647" /><F28/><W62/><G125/><T134/><D134/><U48/><E48/><V103/><F103/><W36/><G36/><T108/><D108/><U116/><E116/><V89/><F90/><W14/><G34/><T107/><D70/><U32/><E32/><V105/><F89/><N who="3" m="53551" /><G27/><T69/><D69/><U99/><E99/><V79/><F79/><W113/><G113/><T19/><D107/><U0/><E10/><V109/><F114/><W7/><AGARI ba="0,0" hai="6,7,8,9,13,14,40,43,59,62,66" m="53551" machi="7" ten="30,1100,0" yaku="8,1" doraHai="117" who="3" fromWho="3" sc="280,-3,317,-5,179,-3,224,11" /><INIT seed="6,0,0,2,1,114" ten="277,312,176,235" oya="2" hai0="78,47,81,129,123,96,48,118,125,64,101,15,87" hai1="38,54,21,72,111,18,120,115,40,1,42,24,126" hai2="14,117,17,105,23,93,107,3,134,132,80,116,79" hai3="133,63,97,98,5,91,8,66,61,88,0,29,19"/><V30/><F3/><W2/><G133/><N who="2" m="51305" /><F30/><W77/><G77/><T56/><D123/><U119/><E1/><V86/><F93/><W36/><G36/><T12/><D125/><U20/><E72/><V60/><F60/><W6/><G29/><T69/><D129/><U41/><E126/><V28/><F28/><W103/><G19/><T25/><D25/><U9/><E115/><V13/><F13/><W58/><G98/><T108/><D12/><U55/><E24/><V70/><F70/><W4/><G63/><T82/><D69/><U33/><E33/><V46/><F46/><W102/><G102/><T84/><D15/><U75/><E18/><V112/><F112/><W34/><G34/><T62/><D96/><U59/><E120/><V92/><F92/><W65/><G65/><T16/><D101/><U135/><E135/><V10/><F10/><W131/><G131/><T130/><D16/><U31/><E9/><V106/><AGARI ba="0,0" hai="14,17,23,79,80,86,105,106,107,116,117" m="51305" machi="106" ten="40,7800,0" yaku="20,1,52,2" doraHai="114" who="2" fromWho="2" sc="277,-26,312,-26,176,78,235,-26" /><INIT seed="6,1,0,0,4,90" ten="251,286,254,209" oya="2" hai0="133,115,91,79,74,26,106,70,77,95,30,25,62" hai1="108,104,19,51,49,87,135,126,6,48,59,47,113" hai2="39,58,122,116,65,50,127,118,93,64,27,28,92" hai3="114,33,66,37,129,10,75,8,16,110,22,94,7"/><V124/><F39/><W125/><G110/><T84/><D106/><U131/><E108/><V1/><F1/><W23/><G37/><T14/><D115/><U81/><E104/><V111/><F111/><W20/><G75/><T121/><D121/><U60/><E113/><V120/><F50/><W99/><G114/><T54/><D133/><U41/><E135/><V117/><F27/><N who="0" m="10250" /><D70/><U100/><E131/><V88/><F28/><W35/><G129/><T98/><D74/><U80/><E6/><V0/><F0/><W3/><G66/><N who="2" m="25705" /><F58/><W46/><G46/><T57/><D30/><U102/><E126/><N who="2" m="48171" /><F93/><W13/><REACH who="3" step="1"/><G125/><REACH who="3" ten="251,286,254,199" step="2"/><T132/><D132/><U61/><E47/><V85/><AGARI ba="1,1" hai="85,88,92,116,117,118,120,122" m="48171,25705" machi="85" ten="40,7800,0" yaku="18,1,52,1,54,1" doraHai="90" who="2" fromWho="2" sc="251,-27,286,-27,254,91,199,-27" /><INIT seed="6,2,0,4,0,66" ten="224,259,345,172" oya="2" hai0="32,126,71,22,70,44,56,128,89,9,37,65,53" hai1="63,16,88,39,0,120,93,60,111,87,47,85,94" hai2="79,83,81,57,123,33,52,26,114,62,75,61,112" hai3="21,5,77,45,131,116,28,118,35,121,34,104,23"/><V108/><F123/><W17/><G104/><T43/><D32/><N who="3" m="12329" /><G77/><T42/><D22/><U113/><E111/><V110/><F83/><W134/><G45/><N who="0" m="23759" /><D89/><U92/><E113/><N who="2" m="43627" /><F62/><W1/><G121/><T84/><D9/><U119/><E119/><N who="3" m="45610" /><G131/><T91/><D84/><U54/><E0/><V13/><F13/><N who="3" m="9391" /><G134/><T106/><D91/><U90/><E120/><V6/><F6/><W135/><G135/><T73/><D106/><U55/><E94/><V130/><F130/><W59/><G59/><T2/><D73/><U107/><E107/><V18/><F18/><W86/><G86/><T133/><D133/><U102/><E102/><V30/><AGARI ba="2,0" hai="26,30,33,52,57,61,75,79,81,108,110" m="43627" machi="30" ten="30,3000,0" yaku="15,1,54,1" doraHai="66" who="2" fromWho="2" sc="224,-12,259,-12,345,36,172,-12" /><INIT seed="6,3,0,1,3,73" ten="212,247,381,160" oya="2" hai0="109,122,120,83,74,115,57,44,28,78,50,104,26" hai1="2,63,17,32,81,10,100,6,23,102,16,40,55" hai2="56,94,112,70,41,48,49,80,11,9,76,110,107" hai3="14,39,64,93,1,18,126,61,54,37,46,130,53"/><V51/><F70/><W77/><G1/><T7/><D109/><U12/><E32/><V43/><F107/><W69/><G126/><T91/><D104/><U34/><E34/><V71/><F71/><W95/><G130/><T111/><D111/><U68/><E40/><N who="2" m="15435" /><F110/><W113/><G113/><T22/><D115/><U5/><E5/><V21/><F112/><W62/><G46/><T121/><D57/><U36/><E36/><V45/><F21/><W38/><G62/><T131/><D131/><U35/><E35/><V85/><F45/><W30/><G30/><T119/><D119/><U79/><E17/><V15/><F94/><W97/><G95/><T84/><D7/><U27/><E2/><V124/><F124/><W75/><G75/><T8/><D8/><N who="2" m="3146" /><F15/><W25/><G25/><T87/><REACH who="0" step="1"/><D91/><REACH who="0" ten="202,247,381,160" step="2"/><U127/><E127/><V134/><F134/><W42/><G42/><AGARI ba="3,1" hai="22,26,28,42,44,50,74,78,83,84,87,120,121,122" machi="42" ten="40,5200,0" yaku="1,1,2,1,52,1,53,0" doraHai="73" doraHaiUra="3" who="0" fromWho="3" sc="202,71,247,0,381,0,160,-61" /><INIT seed="7,0,0,1,2,24" ten="273,247,381,99" oya="3" hai0="102,73,114,71,107,104,120,69,10,17,16,115,56" hai1="101,103,66,127,15,87,36,25,62,133,72,76,46" hai2="122,96,131,34,58,84,19,6,118,78,8,20,117" hai3="54,38,116,11,43,67,68,112,88,113,74,63,126"/><W77/><G11/><T121/><D56/><U41/><E72/><V134/><F19/><N who="0" m="7242" /><D10/><U48/><E133/><V37/><F20/><W60/><G116/><T14/><D14/><U33/><E127/><V18/><F18/><W55/><G126/><T130/><D73/><U85/><E15/><V31/><F8/><W65/><G77/><T2/><D2/><U75/><E75/><V132/><F78/><W82/><G74/><T27/><D27/><U119/><E119/><V47/><F58/><N who="3" m="37111" /><G82/><T0/><D130/><U49/><E49/><V100/><F6/><W13/><G13/><T92/><D92/><U3/><E3/><V79/><F31/><W61/><G88/><T110/><D110/><U44/><E85/><V57/><F84/><W29/><G29/><T99/><D0/><U109/><E109/><V42/><F131/><W105/><G105/><N who="0" m="40523" /><D102/><U52/><E76/><V90/><F100/><W51/><G38/><T28/><D28/><U5/><E87/><V111/><F79/><W86/><G86/><T45/><D99/><U80/><E80/><V128/><F96/><W91/><G91/><T30/><D30/><U83/><E83/><V129/><F111/><W39/><G39/><T123/><D123/><U35/><E35/><V12/><F122/><W81/><G81/><T135/><D121/><U50/><E36/><V7/><F118/><W124/><G124/><T26/><D120/><U95/><E103/><V53/><F117/><W21/><G21/><T93/><D26/><U97/><E25/><V23/><F129/><W59/><G43/><T32/><D32/><RYUUKYOKU ba="0,0" sc="273,-10,247,-10,381,-10,99,30" hai3="51,54,55,59,60,61,67,68,112,113" /><INIT seed="7,1,0,2,1,90" ten="263,237,371,129" oya="3" hai0="83,31,113,34,43,13,66,23,100,63,95,88,104" hai1="105,16,45,27,122,10,76,129,79,47,125,77,40" hai2="56,133,46,7,67,9,107,24,99,41,20,130,134" hai3="50,97,110,38,121,71,108,28,72,17,73,2,87"/><W124/><G38/><T29/><D34/><U49/><E122/><V112/><F112/><W55/><G121/><T54/><D43/><U103/><E129/><V15/><F130/><W35/><G71/><T68/><D113/><U57/><E125/><V135/><F56/><W98/><G2/><T60/><D83/><U101/><E105/><V3/><F67/><W69/><G69/><T106/><D106/><U86/><E47/><V1/><F99/><W48/><G124/><T30/><D100/><U51/><E86/><V52/><F52/><W94/><G35/><T33/><D104/><U75/><E75/><V39/><F107/><W42/><G28/><AGARI ba="1,0" hai="1,3,7,9,15,20,24,28,39,41,46,133,134,135" machi="28" ten="40,1300,0" yaku="20,1" doraHai="90" who="2" fromWho="3" sc="263,0,237,0,371,16,129,-16" owari="263,6.0,237,-16.0,387,49.0,113,-39.0" /></mjloggm>