<mjloggm ver="2.3"><GO type="169" lobby="0"/><UN n0="%E6%94%BE%E9%8A%83%E7%8E%8B%EF%BC%94" n1="%E8%92%BC%E9%B4%89" n2="%E3%81%AF%E3%81%98%E3%81%BE%E3%82%8A%E3%81%AE%E6%9C%9D" n3="%E7%9B%AE%E7%8E%89%E9%87%8E%E9%83%8E" dan="16,16,16,16" rate="2044.87,2103.62,2152.51,2071.60" sx="M,M,F,M"/><TAIKYOKU oya="0"/><INIT seed="0,0,0,0,2,47" ten="250,250,250,250" oya="0" hai0="117,77,91,30,3,8,61,54,84,33,20,100,65" hai1="73,60,119,31,66,19,101,27,52,116,93,22,38" hai2="64,81,48,108,46,14,11,78,40,82,115,99,126" hai3="89,32,6,80,10,120,7,90,13,50,107,121,43"/><T128/><D117/><U51/><E38/><V85/><F115/><W124/><G32/><T67/><D128/><U45/><E73/><V23/><F108/><W83/><G107/><T130/><D130/><U135/><E135/><V35/><F35/><W69/><G69/><T58/><D33/><U59/><E19/><V75/><F126/><W53/><G43/><T95/><D3/><U55/><E55/><V56/><F99/><AGARI ba="0,0" hai="22,27,31,45,51,52,59,60,66,93,99,101,116,119" machi="99" ten="40,8000,1" yaku="25,2,52,1,54,1" doraHai="47" who="1" fromWho="2" sc="250,0,250,80,250,-80,250,0" /><INIT seed="1,0,0,1,2,113" ten="250,330,170,250" oya="1" hai0="74,50,110,59,42,85,39,132,13,80,32,73,93" hai1="45,72,6,18,91,15,90,16,82,29,117,75,25" hai2="64,61,70,118,65,123,103,56,104,53,57,109,2" hai3="24,133,27,115,37,63,106,33,60,58,28,79,116"/><U67/><E117/><V48/><F2/><W41/><G115/><T111/><D32/><U101/><E101/><V68/><F103/><W71/><G133/><T52/><D132/><U5/><E67/><V84/><F84/><W119/><G79/><T51/><D39/><U1/><E45/><N who="2" m="27791" /><F104/><W102/><G27/><T92/><D13/><U10/><E6/><V19/><F19/><W108/><G108/><N who="0" m="41515" /><D42/><U120/><E18/><V0/><F0/><W89/><G89/><N who="0" m="51367" /><D50/><U22/><E120/><V20/><F20/><W105/><G63/><T4/><D4/><U69/><E69/><N who="2" m="26731" /><F109/><W114/><G71/><T38/><D38/><U62/><E91/><V135/><F135/><W47/><G114/><T107/><D107/><U81/><E81/><V83/><F83/><W100/><G105/><T134/><D134/><U44/><E90/><V21/><F21/><W96/><REACH who="3" step="1"/><G102/><REACH who="3" ten="250,330,170,240" step="2"/><T127/><D127/><U46/><E25/><V14/><F14/><W17/><G17/><T34/><D34/><U8/><E16/><V122/><F118/><W11/><G11/><T26/><D26/><U3/><E10/><V77/><F77/><W54/><AGARI ba="0,1" hai="24,28,33,37,41,47,54,58,60,96,100,106,116,119" machi="54" ten="30,8000,1" yaku="1,1,0,1,52,2,53,1" doraHai="113" doraHaiUra="97" who="3" fromWho="3" sc="250,-20,330,-40,170,-20,240,90" /><INIT seed="2,0,0,4,0,101" ten="230,290,150,330" oya="2" hai0="69,78,114,32,99,100,6,135,117,79,94,59,31" hai1="123,125,29,21,43,76,13,98,121,17,63,52,113" hai2="120,83,9,89,47,93,28,19,3,103,108,77,41" hai3="45,102,1,116,115,37,86,131,124,22,10,2,50"/><V38/><F120/><W25/><G116/><T128/><D114/><U5/><E113/><V71/><F71/><W11/><G115/><T60/><D69/><U122/><E125/><V30/><F103/><W127/><G37/><T56/><D117/><U104/><E76/><V23/><F108/><W68/><G68/><T92/><D135/><U87/><E87/><V74/><F93/><W20/><G86/><T40/><D6/><U42/><E29/><V111/><F89/><W66/><G66/><T73/><D40/><U0/><E5/><N who="2" m="1215" /><F111/><W107/><G131/><T26/><D128/><U97/><E0/><V106/><F106/><W133/><G133/><T61/><D92/><U65/><E65/><V27/><AGARI ba="0,0" hai="19,23,27,28,30,38,41,47,74,77,83" m="1215" machi="27" ten="30,1500,0" yaku="25,1" doraHai="101" who="2" fromWho="2" sc="230,-5,290,-5,150,15,330,-5" /><INIT seed="2,1,0,5,2,111" ten="225,285,165,325" oya="2" hai0="45,23,66,37,82,96,124,4,0,49,77,110,65" hai1="15,83,101,70,3,92,8,98,103,25,130,94,11" hai2="31,117,17,73,112,134,104,53,12,131,62,85,118" hai3="32,135,76,56,26,129,95,119,106,114,10,121,90"/><V75/><F104/><W84/><G119/><T54/><D110/><U68/><E3/><V120/><F120/><W6/><G121/><T115/><D124/><U57/><E130/><V80/><F131/><W39/><G129/><T74/><D96/><U46/><E57/><V34/><F134/><W89/><G39/><T116/><D116/><U24/><E83/><V22/><F117/><W128/><G128/><T100/><D100/><U30/><E46/><V41/><F118/><W132/><G114/><T91/><D91/><U127/><E127/><V9/><F41/><W21/><G56/><T126/><D115/><U64/><E64/><V133/><F112/><W33/><G76/><T19/><D37/><U109/><E109/><V48/><F62/><W60/><G90/><T79/><D79/><U18/><E8/><V40/><F40/><W78/><G78/><T97/><D97/><U102/><E24/><V2/><F2/><N who="3" m="343" /><G60/><T58/><D126/><U107/><E107/><V113/><F113/><W38/><G38/><T108/><D108/><U7/><E7/><V125/><F125/><W55/><G55/><N who="0" m="30127" /><D4/><U71/><REACH who="1" step="1"/><E98/><REACH who="1" ten="225,275,165,325" step="2"/><V42/><F133/><N who="3" m="51275" /><G106/><T47/><D47/><U105/><E105/><V5/><F5/><W29/><AGARI ba="1,1" hai="21,26,29,32,33,84,89,95" m="51275,343" machi="29" ten="30,1100,0" yaku="20,1" doraHai="111" who="3" fromWho="3" sc="225,-4,275,-4,165,-6,325,24" /><INIT seed="3,0,0,3,2,24" ten="221,271,159,349" oya="3" hai0="116,29,78,27,13,8,83,63,126,118,17,9,122" hai1="75,127,107,88,43,38,92,10,72,7,67,1,20" hai2="100,64,96,45,108,81,34,120,31,37,32,70,110" hai3="102,71,36,66,47,97,0,41,60,56,2,89,98"/><W134/><G134/><T54/><D122/><U77/><E127/><V42/><F120/><W48/><G89/><T18/><D126/><U4/><E107/><N who="2" m="63879" /><F81/><W133/><G133/><T39/><D39/><U28/><E7/><V84/><F84/><W73/><G73/><T91/><D91/><U69/><E77/><V109/><F31/><W113/><G113/><T114/><D114/><U90/><E43/><V49/><F49/><W26/><G26/><T99/><D99/><U80/><E38/><V61/><AGARI ba="0,0" hai="32,34,37,42,45,61,64,70,108,109,110" m="63879" machi="61" ten="40,2700,0" yaku="14,1,23,1" doraHai="24" who="2" fromWho="2" sc="221,-7,271,-7,159,27,349,-13" /><INIT seed="4,0,0,0,2,122" ten="214,264,186,336" oya="0" hai0="2,53,72,23,40,21,134,94,89,68,101,93,73" hai1="106,31,9,126,103,100,62,47,66,125,98,52,1" hai2="85,135,5,36,20,112,83,0,104,108,116,27,33" hai3="81,86,26,46,60,110,132,24,17,8,128,71,80"/><T113/><D68/><U70/><E103/><V50/><F36/><W54/><G128/><T59/><D2/><U7/><REACH who="1" step="1"/><E31/><REACH who="1" ten="214,254,186,336" step="2"/><V67/><F116/><W41/><G132/><T18/><D134/><U82/><E82/><V127/><F135/><W55/><G81/><T75/><D101/><U35/><E35/><V76/><F33/><W123/><G80/><T131/><D131/><U121/><E121/><V111/><F83/><W22/><G123/><T97/><D113/><U77/><E77/><V48/><F76/><W6/><G26/><T15/><D94/><U61/><E61/><V96/><F112/><W14/><G24/><T3/><D3/><U115/><E115/><V117/><F0/><W120/><G60/><T87/><D40/><U129/><E129/><V133/><F117/><W4/><G41/><T95/><D95/><U92/><E92/><V12/><F104/><W102/><G102/><T58/><D97/><U91/><E91/><V107/><F96/><W124/><G120/><T64/><D64/><U57/><E57/><V28/><F67/><W13/><G71/><T29/><D29/><U78/><E78/><V45/><F107/><W130/><G130/><T16/><REACH who="0" step="1"/><D53/><REACH who="0" ten="204,254,186,336" step="2"/><U30/><E30/><N who="2" m="17767" /><F133/><W44/><G55/><T119/><D119/><U11/><E11/><V39/><F28/><W69/><G54/><T79/><D79/><U32/><E32/><V88/><F88/><W105/><G69/><T74/><D74/><U114/><E114/><V63/><F45/><W19/><G46/><T42/><D42/><U43/><E43/><V37/><F37/><RYUUKYOKU ba="0,2" sc="204,15,254,15,186,-15,336,-15" hai0="15,16,18,21,23,58,59,72,73,75,87,89,93" hai1="1,7,9,47,52,62,66,70,98,100,106,125,126" /><INIT seed="4,1,2,0,3,97" ten="219,269,171,321" oya="0" hai0="70,47,96,10,87,95,104,50,119,72,85,91,108" hai1="130,133,28,65,25,54,125,37,114,115,105,111,59" hai2="123,12,53,46,57,42,88,22,4,20,75,32,1" hai3="101,86,62,9,109,78,117,19,112,8,103,35,64"/><T3/><D119/><U67/><E111/><V90/><F123/><W99/><G109/><T122/><D108/><U41/><E130/><V107/><F32/><W124/><G35/><T92/><D122/><U15/><E133/><V52/><F75/><W51/><G117/><T71/><D72/><U106/><E15/><V94/><F1/><W26/><G124/><T113/><D113/><N who="1" m="43019" /><E41/><V116/><F107/><N who="1" m="40969" /><E37/><V84/><F116/><W66/><G99/><T16/><D104/><U128/><E128/><V132/><F132/><W60/><G51/><T80/><D92/><U127/><E54/><V58/><F53/><W102/><G112/><T55/><D87/><U110/><E110/><V0/><F0/><W40/><G40/><T6/><REACH who="0" step="1"/><D16/><REACH who="0" ten="209,269,171,321" step="2"/><U129/><E129/><V33/><F84/><W82/><G19/><T36/><D36/><U34/><E125/><V74/><F94/><W39/><G39/><T27/><D27/><U63/><E127/><V134/><F74/><W24/><G24/><T121/><D121/><U5/><E5/><V48/><F4/><W7/><G7/><T135/><D135/><U126/><E126/><V118/><F134/><W98/><G26/><T2/><D2/><U38/><E38/><V31/><F118/><W69/><G98/><T13/><D13/><U79/><E79/><AGARI ba="1,3" hai="3,6,10,47,50,55,70,71,79,80,85,91,95,96" machi="79" ten="30,5800,0" yaku="1,1,7,1,53,1" doraHai="97" doraHaiUra="93" who="0" fromWho="1" sc="209,91,269,-61,171,0,321,0" /><INIT seed="4,2,0,1,2,36" ten="300,208,171,321" oya="0" hai0="79,43,44,86,50,27,10,72,83,49,97,35,57" hai1="76,46,73,18,99,8,19,26,100,111,98,23,38" hai2="55,94,123,12,135,66,9,105,125,96,29,71,6" hai3="53,4,90,134,21,63,84,28,37,13,67,87,132"/><T56/><D10/><U16/><E111/><V52/><F123/><W7/><G37/><T70/><D70/><U51/><E38/><V39/><F39/><W45/><G45/><T119/><D119/><U42/><E8/><V11/><F135/><W102/><G53/><T110/><D110/><U59/><E59/><V54/><F105/><W3/><G102/><T34/><D97/><U81/><REACH who="1" step="1"/><E99/><REACH who="1" ten="300,198,171,321" step="2"/><V89/><F125/><W78/><G134/><T80/><D57/><U124/><E124/><V60/><F11/><W115/><G132/><T58/><D56/><U113/><E113/><V64/><F64/><W107/><G115/><T1/><D58/><U91/><E91/><V17/><REACH who="2" step="1"/><F29/><REACH who="2" ten="300,198,161,321" step="2"/><W117/><G28/><T61/><D50/><U85/><E85/><V68/><F68/><W33/><G87/><T92/><D86/><U69/><E69/><V129/><F129/><W77/><G84/><T127/><D49/><U31/><E31/><V88/><F88/><W126/><G90/><T41/><D127/><U15/><E15/><V0/><F0/><W5/><G13/><T104/><D1/><U106/><AGARI ba="2,2" hai="16,18,19,23,26,42,46,51,73,76,81,98,100,106" machi="106" ten="20,8000,1" yaku="1,1,0,1,7,1,52,1,54,1,53,0" doraHai="36" doraHaiUra="112" who="1" fromWho="1" sc="300,-42,198,106,161,-22,321,-22" /><INIT seed="5,0,0,5,1,24" ten="258,304,139,299" oya="1" hai0="8,62,120,106,59,105,47,101,75,35,0,67,33" hai1="53,26,40,37,48,6,29,107,25,135,27,74,63" hai2="98,58,118,5,133,80,131,134,70,18,121,88,19" hai3="130,69,3,84,116,89,87,112,46,81,15,114,9"/><U50/><E107/><V1/><F70/><W85/><G69/><T99/><D75/><U111/><E74/><V94/><F121/><W54/><G3/><T66/><D120/><U76/><E135/><N who="2" m="51723" /><F118/><W7/><G130/><T14/><D0/><U115/><E115/><N who="3" m="44074" /><G116/><T91/><D106/><U96/><E111/><V108/><F108/><W123/><G123/><T109/><D109/><U124/><E124/><V38/><F38/><W45/><G54/><T60/><D47/><AGARI ba="0,0" hai="7,9,15,45,46,47,81,84,85,87,89" m="44074" machi="47" ten="30,1000,0" yaku="15,1" doraHai="24" who="3" fromWho="0" sc="258,-10,304,0,139,0,299,10" /><INIT seed="6,0,0,1,4,109" ten="248,304,139,309" oya="2" hai0="65,122,68,90,37,17,98,56,0,129,4,78,62" hai1="91,71,16,19,88,63,6,46,128,114,57,80,83" hai2="67,85,72,119,96,53,76,25,89,13,12,44,97" hai3="110,39,84,118,105,113,33,34,115,125,8,124,15"/><V82/><F119/><W28/><G105/><T120/><D37/><U81/><E71/><V20/><F67/><W121/><G39/><T77/><D129/><U29/><E128/><V94/><F97/><W38/><G38/><T123/><D17/><N who="1" m="6731" /><E114/><N who="3" m="43530" /><G118/><T101/><D90/><U103/><E103/><V111/><F111/><W60/><G121/><T70/><D70/><U133/><E133/><V134/><F134/><W116/><G116/><T64/><D64/><U127/><E127/><N who="3" m="48714" /><G28/><T22/><D68/><U58/><E29/><N who="2" m="17575" /><F72/><W51/><G110/><T66/><D66/><U5/><E81/><V132/><F132/><W107/><G107/><T23/><D123/><U40/><E80/><V11/><F11/><W24/><G60/><T59/><D122/><U35/><E83/><V54/><F54/><W75/><G75/><T55/><D62/><U117/><E63/><V93/><F93/><W42/><G84/><T130/><D120/><U52/><E52/><V43/><F43/><W47/><G24/><T27/><D65/><U73/><E40/><V26/><F26/><W2/><G2/><T14/><D27/><U10/><E73/><V86/><F86/><W99/><G99/><T48/><D98/><U1/><E1/><V87/><F85/><W126/><G126/><T9/><D0/><U36/><E36/><V61/><F61/><W131/><G131/><T30/><D130/><U3/><E3/><V100/><F100/><W31/><G31/><T108/><D108/><U21/><E117/><V41/><F41/><W69/><G69/><T45/><D101/><U102/><E102/><RYUUKYOKU ba="0,0" sc="248,-15,304,-15,139,15,309,15" hai2="12,13,44,53,76,82,87,89,94,96" hai3="8,15,33,34,42,47,51" /><INIT seed="6,1,0,4,5,127" ten="233,289,154,324" oya="2" hai0="39,38,14,84,15,30,71,57,99,41,117,123,33" hai1="119,77,63,52,100,124,96,48,7,13,115,113,132" hai2="75,60,135,109,17,21,93,121,134,23,125,28,19" hai3="45,5,24,111,89,36,122,11,131,92,22,90,12"/><V110/><F75/><W120/><G111/><N who="2" m="42505" /><F125/><W68/><G68/><T4/><D71/><U61/><E132/><N who="2" m="50731" /><F93/><W59/><G90/><T108/><D123/><U35/><E119/><V87/><F87/><W107/><G107/><T32/><D108/><U104/><E35/><V53/><F121/><W133/><G133/><T20/><D117/><U82/><E124/><V55/><F60/><W126/><G126/><T3/><D3/><U70/><E70/><V43/><F43/><W25/><G36/><T40/><D84/><U29/><E63/><V31/><F55/><W16/><G92/><T51/><D41/><U6/><E61/><V1/><F53/><W129/><G89/><T2/><D40/><U91/><E91/><V49/><F49/><W50/><G59/><T62/><D57/><U130/><E52/><V44/><F44/><W0/><G50/><T95/><D51/><U88/><E48/><V128/><F1/><W37/><G37/><T94/><D2/><U18/><E88/><V54/><F54/><W105/><G45/><T26/><D62/><U65/><E77/><V66/><F66/><W56/><G56/><T34/><D95/><U98/><E65/><V103/><F103/><W10/><G105/><T79/><D79/><U73/><E100/><V69/><F69/><W72/><G72/><T27/><D39/><U8/><E104/><V81/><F81/><W101/><G101/><T9/><D38/><U76/><E82/><V64/><F64/><W78/><G78/><T118/><D118/><U67/><E76/><V102/><F102/><W42/><G42/><RYUUKYOKU ba="1,0" sc="233,0,289,0,154,0,324,0" /><INIT seed="7,2,0,3,3,47" ten="233,289,154,324" oya="3" hai0="79,121,100,3,122,24,19,18,38,98,110,61,87" hai1="59,6,76,97,67,108,74,102,17,71,56,26,125" hai2="52,29,132,117,113,30,106,134,39,36,53,31,111" hai3="82,72,85,126,25,27,93,43,14,50,48,57,13"/><W16/><G72/><T34/><D38/><N who="2" m="14378" /><F117/><W96/><G126/><T95/><D3/><U104/><E108/><V84/><F111/><W73/><G73/><T5/><D110/><U51/><E125/><V44/><F84/><W11/><G13/><T123/><D5/><U103/><E103/><V115/><F44/><N who="3" m="25631" /><G50/><T107/><D34/><U40/><E51/><V62/><F62/><W80/><G57/><T15/><D24/><N who="3" m="9289" /><G85/><T55/><D15/><U112/><E56/><V81/><F81/><W58/><G58/><T35/><D35/><U23/><E59/><V1/><F1/><W65/><G65/><T105/><D105/><U12/><E67/><V68/><F68/><W0/><G0/><T22/><D107/><U7/><E71/><V33/><F33/><W127/><G127/><T37/><D37/><U8/><E104/><V42/><F42/><W131/><G131/><T21/><D123/><U119/><E40/><V66/><F66/><W83/><G83/><N who="0" m="47615" /><D122/><U77/><E119/><V133/><F106/><W114/><G114/><AGARI ba="2,0" hai="29,30,31,52,53,113,114,115,132,133,134" m="14378" machi="114" ten="40,8000,1" yaku="28,2,15,1,20,1,54,1" doraHai="47" who="2" fromWho="3" sc="233,0,289,0,154,86,324,-86" /><INIT seed="8,0,0,0,4,82" ten="233,289,240,238" oya="0" hai0="105,23,84,74,122,48,8,38,132,41,69,17,2" hai1="87,66,92,88,135,85,126,73,101,98,109,20,44" hai2="121,106,29,28,6,110,134,61,89,75,19,5,97" hai3="26,36,96,71,4,40,50,46,57,14,108,32,30"/><T104/><D122/><U114/><E109/><V12/><F121/><W49/><G108/><T70/><D74/><U77/><E126/><V18/><F110/><W130/><G130/><T22/><D38/><U55/><E135/><V124/><F75/><W43/><G71/><T117/><D117/><U115/><E66/><V33/><F134/><W34/><G96/><T118/><D118/><U58/><E20/><V13/><F124/><W107/><G107/><T27/><D132/><U94/><E44/><V53/><F33/><W79/><G79/><T35/><D35/><U62/><E73/><V10/><F106/><W112/><G112/><N who="1" m="43050" /><E77/><V93/><F53/><W86/><G34/><T1/><D105/><U111/><E111/><V125/><F61/><W21/><G21/><T123/><D104/><U100/><E100/><V24/><F24/><W119/><G32/><T25/><D123/><U80/><E80/><V91/><F89/><W116/><G26/><T76/><D1/><U95/><E95/><V15/><F125/><W67/><G119/><T65/><D2/><U54/><E54/><V120/><F120/><W113/><G67/><T45/><D65/><U3/><E3/><V16/><F10/><W39/><G116/><T37/><D8/><U90/><E90/><V127/><F127/><W68/><G113/><T129/><D37/><U31/><E31/><AGARI ba="0,0" hai="5,6,12,13,15,16,18,19,28,29,31,91,93,97" machi="31" ten="40,2600,0" yaku="8,1,54,1" doraHai="82" who="2" fromWho="1" sc="233,0,289,-26,240,26,238,0" /><INIT seed="9,0,0,2,3,122" ten="233,263,266,238" oya="1" hai0="118,43,85,20,120,17,92,128,26,68,58,61,124" hai1="84,1,75,24,102,11,2,86,60,8,108,89,96" hai2="114,73,104,88,13,7,30,121,14,123,131,3,33" hai3="21,27,51,0,46,47,105,44,31,41,19,53,76"/><U111/><E75/><V110/><F104/><W25/><G105/><T15/><D118/><U52/><E24/><V116/><F73/><W135/><G0/><T59/><D120/><U63/><E102/><V94/><F110/><N who="1" m="42025" /><E96/><V54/><F116/><W77/><G135/><T106/><D106/><U10/><E86/><V48/><F114/><W98/><G98/><T112/><D112/><U81/><E52/><V103/><F103/><W101/><G101/><T40/><D128/><U9/><E9/><V56/><F131/><W22/><G47/><T87/><D124/><U113/><E113/><V39/><F30/><W109/><G109/><T34/><D87/><U130/><E130/><V62/><F33/><W127/><G127/><T79/><D34/><U29/><E29/><V64/><F121/><W71/><G46/><T70/><D26/><U57/><E57/><V69/><F123/><W133/><G53/><T125/><D59/><U129/><E129/><V67/><F67/><W36/><G133/><T99/><D125/><U97/><E97/><V6/><F54/><W18/><G31/><T49/><D70/><U83/><E83/><V32/><F56/><W42/><G71/><T35/><D68/><U55/><E55/><V107/><F69/><W115/><G115/><T23/><D35/><U16/><E16/><V100/><F32/><W90/><G27/><T74/><D74/><U12/><E12/><V5/><F14/><W132/><G132/><T37/><D15/><U4/><E4/><V50/><F7/><W72/><G72/><T119/><D119/><U134/><E134/><RYUUKYOKU ba="0,0" sc="233,-10,263,30,266,-10,238,-10" hai1="1,2,8,10,11,60,63,81,84,89" /><INIT seed="9,1,0,1,5,50" ten="223,293,256,228" oya="1" hai0="100,69,92,73,57,24,131,125,27,80,94,132,126" hai1="59,118,95,11,42,49,40,90,35,29,22,98,58" hai2="34,116,75,26,38,108,7,97,128,45,8,36,123" hai3="84,119,70,85,93,0,62,117,120,91,1,25,64"/><U65/><E118/><N who="3" m="45066" /><G120/><T96/><D69/><U74/><E74/><V133/><F123/><W56/><G85/><T51/><D132/><U67/><E35/><V39/><F133/><W60/><G25/><N who="0" m="9803" /><D131/><U21/><E11/><V89/><F108/><W122/><G122/><T109/><D109/><U102/><E102/><V113/><F75/><W130/><G130/><T48/><D80/><U107/><E107/><V14/><F128/><W41/><G41/><T112/><D73/><U129/><E129/><V31/><F116/><W104/><G104/><N who="0" m="63495" /><D112/><U2/><E2/><V20/><F113/><W5/><G5/><T115/><D115/><U3/><E3/><V77/><F77/><W99/><G99/><T72/><D72/><U124/><E40/><V13/><F34/><W66/><AGARI ba="1,0" hai="0,1,56,60,62,64,66,70,84,91,93" m="45066" machi="66" ten="30,2000,0" yaku="16,1,12,1" doraHai="50" who="3" fromWho="3" sc="223,-6,293,-11,256,-6,228,23" /><INIT seed="10,0,0,2,5,29" ten="217,282,250,251" oya="2" hai0="115,88,130,54,46,1,14,58,0,38,100,43,39" hai1="8,127,110,63,28,122,124,72,96,93,91,129,5" hai2="131,32,79,69,22,86,128,12,106,119,133,59,34" hai3="7,92,85,103,120,49,76,11,114,50,87,132,90"/><V125/><F69/><W65/><G120/><T9/><D100/><U113/><E72/><V75/><F119/><W81/><G132/><T48/><D115/><U45/><E113/><V67/><F133/><W33/><G33/><N who="2" m="12905" /><F106/><W64/><G114/><T57/><D130/><N who="2" m="49706" /><F75/><W99/><G65/><T111/><D111/><U78/><E110/><V73/><F73/><W117/><G64/><T51/><D88/><U108/><E108/><V102/><F102/><W53/><G117/><T4/><REACH who="0" step="1"/><D58/><REACH who="0" ten="207,282,250,251" step="2"/><U71/><E91/><V134/><F134/><W6/><G90/><T27/><D27/><U77/><E122/><V13/><F125/><W101/><G103/><T37/><AGARI ba="0,1" hai="0,1,4,9,14,37,38,39,43,46,48,51,54,57" machi="37" ten="30,8000,1" yaku="1,1,0,1,53,3" doraHai="29" doraHaiUra="68" who="0" fromWho="0" sc="207,90,282,-20,250,-40,251,-20" /><INIT seed="11,0,0,0,4,18" ten="297,262,210,231" oya="3" hai0="51,87,120,91,24,45,102,130,43,6,105,32,47" hai1="131,4,11,15,74,26,109,86,50,35,123,88,71" hai2="96,12,60,8,57,27,39,3,29,28,65,61,115" hai3="97,92,42,70,98,73,79,81,5,82,112,100,116"/><W77/><G116/><T111/><D120/><U114/><E123/><V46/><F3/><W67/><G70/><T13/><D111/><U58/><E71/><V17/><F115/><W118/><G67/><T90/><D105/><U0/><E74/><V126/><F126/><W85/><G42/><T44/><D102/><U52/><E131/><V62/><F39/><W7/><G118/><T103/><D103/><U132/><E132/><V99/><F46/><W64/><G64/><T119/><D130/><U94/><E109/><V22/><F29/><W125/><G112/><T106/><D106/><U30/><REACH who="1" step="1"/><E114/><REACH who="1" ten="297,252,210,231" step="2"/><V63/><AGARI ba="0,1" hai="8,12,17,22,27,28,57,60,61,62,63,65,96,99" machi="63" ten="30,4000,0" yaku="0,1,8,1,52,1" doraHai="18" who="2" fromWho="2" sc="297,-10,252,-10,210,50,231,-20" owari="287,39.0,242,-16.0,260,6.0,211,-29.0" /></mjloggm>