<mjloggm ver="2.3"><GO type="169" lobby="0"/><UN n0="%E3%81%92%E3%82%93%E3%81%9F%E3%82%8D%E3%81%AE%E3%81%8B%E3%81%91%E3%82%89" n1="%4D%72%2E%6E%69%6B%75%39" n2="%62%61%6B%61%73%65" n3="%E3%83%95%E3%83%AA%E3%83%86%E3%83%B3" dan="16,16,16,16" rate="2106.23,2159.36,2069.60,2086.99" sx="M,M,F,M"/><TAIKYOKU oya="0"/><INIT seed="0,0,0,1,3,131" ten="250,250,250,250" oya="0" hai0="96,4,103,58,89,73,88,7,84,118,39,14,133" hai1="46,44,115,49,68,3,75,30,27,125,108,41,126" hai2="0,61,98,12,37,79,128,109,94,86,113,65,6" hai3="36,29,62,50,105,55,43,26,111,64,93,35,2"/><T59/><D118/><U132/><E75/><V95/><F128/><W67/><G2/><T112/><D73/><U11/><E108/><V99/><F109/><W76/><G111/><T90/><D112/><U45/><E115/><V66/><F37/><W87/><G105/><T33/><D39/><U72/><E72/><V69/><F0/><W21/><G35/><T107/><D33/><N who="1" m="20703" /><E68/><V22/><F113/><W100/><G36/><T83/><D133/><U134/><E45/><V47/><F47/><W63/><G43/><T127/><D127/><N who="1" m="48651" /><E46/><V57/><F69/><W56/><G76/><T13/><D13/><U25/><E25/><V80/><F66/><N who="3" m="25131" /><G87/><T38/><D38/><U5/><AGARI ba="0,0" hai="3,5,11,41,44,49,132,134" m="48651,20703" machi="5" ten="30,4000,0" yaku="18,1,52,2" doraHai="131" who="1" fromWho="1" sc="250,-20,250,40,250,-10,250,-10" /><INIT seed="1,0,0,1,0,10" ten="230,290,240,240" oya="1" hai0="128,78,134,87,50,85,18,131,13,62,86,94,0" hai1="100,116,69,9,89,97,12,115,15,104,130,81,31" hai2="24,1,90,44,99,33,72,129,54,68,6,30,51" hai3="47,106,32,5,95,46,80,102,35,49,111,45,98"/><U41/><E116/><V65/><F72/><W67/><G111/><T3/><D0/><U92/><E115/><V120/><F120/><W91/><G67/><T11/><D3/><U16/><E69/><V52/><F129/><N who="0" m="49738" /><D134/><U55/><E130/><V93/><F1/><W96/><G5/><T26/><D62/><U60/><E31/><V109/><F6/><W20/><G49/><T113/><D113/><U73/><E41/><V27/><F109/><W114/><G114/><T48/><D26/><U42/><E42/><V83/><F83/><W124/><G124/><T75/><D94/><U105/><E73/><V37/><F37/><W8/><G8/><T135/><D135/><U39/><E39/><V84/><F27/><W29/><G29/><T38/><D38/><U117/><E117/><V61/><REACH who="2" step="1"/><F54/><REACH who="2" ten="230,290,230,240" step="2"/><W43/><G43/><T133/><D133/><U71/><E55/><V82/><F82/><AGARI ba="0,1" hai="11,13,18,48,50,75,78,82,85,86,87" m="49738" machi="82" ten="30,2000,0" yaku="19,1,52,1" doraHai="10" who="0" fromWho="2" sc="230,30,290,0,230,-20,240,0" /><INIT seed="2,0,0,0,3,129" ten="260,290,210,240" oya="2" hai0="69,12,116,125,63,6,100,79,48,122,127,105,78" hai1="15,31,2,92,1,3,82,117,83,65,74,80,17" hai2="60,53,52,26,7,102,109,99,61,11,51,16,49" hai3="81,98,54,24,93,64,57,28,13,9,47,123,131"/><V135/><F135/><W130/><G123/><T111/><D122/><U50/><E117/><V91/><F109/><W121/><G121/><T27/><D111/><U134/><E134/><V96/><F7/><W58/><G81/><T128/><D116/><U30/><E74/><V41/><F41/><W55/><G130/><T23/><D128/><U25/><E65/><V38/><F38/><W87/><G87/><T34/><D34/><U8/><E92/><N who="2" m="56735" /><F96/><W62/><G47/><T44/><D100/><U19/><REACH who="1" step="1"/><E50/><REACH who="1" ten="260,280,210,240" step="2"/><N who="2" m="18955" /><F102/><W22/><G131/><T84/><D48/><U85/><E85/><V71/><F71/><W20/><G58/><T88/><D84/><U110/><E110/><V104/><F104/><W90/><G64/><T119/><D105/><U101/><E101/><V106/><F106/><W59/><G59/><T73/><D69/><U35/><E35/><V118/><F118/><W113/><G55/><N who="2" m="21065" /><F11/><W10/><G113/><T66/><D73/><U95/><E95/><V33/><F33/><W43/><G43/><T120/><D119/><U46/><E46/><V37/><F37/><W126/><G10/><T21/><D120/><U97/><E97/><V94/><F94/><W68/><G68/><T32/><D32/><U72/><E72/><V77/><F77/><W40/><G40/><T89/><D79/><U18/><E18/><V107/><F107/><W114/><G114/><T39/><D78/><U124/><E124/><V4/><F4/><N who="3" m="3239" /><G126/><T56/><D127/><U29/><E29/><V115/><F115/><W132/><G132/><T14/><D125/><U103/><E103/><RYUUKYOKU ba="0,1" sc="260,-30,280,10,210,10,240,10" hai1="1,2,3,8,15,17,19,25,30,31,80,82,83" hai2="16,26,60,61" hai3="20,22,24,28,54,57,62,90,93,98" /><INIT seed="2,1,1,3,1,20" ten="230,290,220,250" oya="2" hai0="37,135,109,26,100,71,129,130,128,133,1,14,15" hai1="5,3,107,24,25,70,0,97,134,8,40,113,77" hai2="123,38,51,88,64,49,101,78,80,131,85,117,89" hai3="57,74,69,98,116,68,66,127,95,48,46,54,33"/><V93/><F38/><W35/><G74/><T124/><D71/><U23/><E113/><V104/><F123/><W10/><G116/><T21/><D37/><U18/><E134/><N who="0" m="51209" /><D100/><U76/><E70/><V44/><F117/><W83/><G83/><T120/><D120/><U22/><E3/><V17/><F131/><W87/><G87/><T56/><D56/><U19/><E40/><V2/><F2/><W106/><G106/><T50/><D50/><U92/><E107/><V84/><F104/><W53/><G68/><T118/><D118/><U103/><AGARI ba="1,1" hai="0,5,8,18,19,22,23,24,25,76,77,92,97,103" machi="103" ten="20,8000,1" yaku="0,1,7,1,9,1,52,2" doraHai="20" who="1" fromWho="1" sc="230,-21,290,93,220,-41,250,-21" /><INIT seed="3,0,0,4,0,115" ten="209,383,179,229" oya="3" hai0="34,100,30,44,93,52,16,59,65,112,101,15,43" hai1="46,110,40,94,57,85,25,84,45,69,58,135,18" hai2="90,113,21,0,28,49,76,27,92,88,9,24,78" hai3="114,71,124,118,105,123,77,95,99,89,86,67,53"/><W79/><G114/><T73/><D112/><U107/><E107/><V134/><F113/><W37/><G123/><T97/><D73/><U129/><E69/><V1/><F134/><W82/><G37/><T131/><D131/><U87/><E129/><V106/><F106/><W119/><G124/><T32/><D65/><U51/><E135/><V38/><F38/><W48/><G79/><T33/><D101/><U22/><E110/><V3/><F9/><W13/><G13/><T98/><D98/><U42/><REACH who="1" step="1"/><E94/><REACH who="1" ten="209,373,179,229" step="2"/><V17/><F92/><W96/><G105/><T60/><D30/><U5/><E5/><V55/><F76/><W120/><G120/><T62/><D62/><U133/><E133/><V29/><F78/><W61/><REACH who="3" step="1"/><G99/><REACH who="3" ten="209,373,179,219" step="2"/><T91/><D97/><U111/><E111/><V83/><F1/><W108/><G108/><T116/><D15/><U10/><E10/><V121/><F3/><W132/><G132/><T7/><D7/><U54/><E54/><V12/><F0/><W70/><G70/><T64/><D52/><U75/><E75/><V74/><F12/><W66/><G66/><T63/><D64/><U50/><AGARI ba="0,2" hai="18,22,25,40,42,45,46,50,51,57,58,84,85,87" machi="50" ten="30,8000,1" yaku="1,1,0,1,9,1,8,1,53,1" doraHai="115" doraHaiUra="19" who="1" fromWho="1" sc="209,-20,373,100,179,-20,219,-40" /><INIT seed="4,0,0,2,4,81" ten="189,473,159,179" oya="0" hai0="102,92,33,47,89,98,117,72,134,9,110,77,107" hai1="5,84,74,100,70,35,128,120,55,67,59,132,130" hai2="0,79,36,101,76,66,108,52,56,82,95,125,2" hai3="31,7,94,122,115,41,87,80,20,6,126,68,28"/><T83/><D117/><U91/><E120/><V111/><F36/><W71/><G122/><T112/><D33/><U104/><E74/><V53/><F66/><W27/><G115/><T14/><D47/><U65/><E35/><V131/><F131/><N who="1" m="50217" /><E5/><V129/><F129/><W29/><G126/><T30/><D30/><U11/><E11/><V42/><F42/><W109/><G109/><T88/><D112/><U63/><E70/><V118/><F125/><W123/><G123/><T37/><D37/><U49/><E63/><V16/><F118/><W119/><G68/><T61/><D61/><U38/><E132/><V32/><F32/><W26/><G71/><T73/><D134/><U57/><E57/><V34/><F56/><W64/><G7/><T21/><D21/><U19/><E19/><V18/><F34/><W103/><G6/><T24/><D24/><U99/><E38/><V13/><F13/><W39/><G27/><T133/><D133/><U113/><E113/><V116/><F116/><W62/><G119/><T69/><D69/><U121/><E121/><V25/><F25/><W97/><G62/><T58/><D58/><U4/><E4/><V12/><F12/><W40/><G64/><T50/><D110/><U86/><E86/><V51/><F51/><W96/><G39/><T114/><D114/><U10/><E10/><V60/><F60/><W78/><REACH who="3" step="1"/><G96/><REACH who="3" ten="189,473,159,169" step="2"/><N who="0" m="61895" /><D50/><U15/><E15/><V48/><F48/><W54/><G54/><T3/><D3/><U135/><E135/><V85/><F111/><W124/><G124/><T46/><D98/><U43/><E43/><AGARI ba="0,1" hai="20,26,28,29,31,40,41,43,78,80,87,94,97,103" machi="43" ten="40,8000,1" yaku="1,1,6,1,8,1,52,1,53,0" doraHai="81" doraHaiUra="105" who="3" fromWho="1" sc="189,0,473,-80,159,0,169,90" /><INIT seed="5,0,0,3,5,70" ten="189,393,159,259" oya="1" hai0="44,31,118,28,135,30,67,20,122,82,107,100,102" hai1="85,113,60,99,66,78,88,128,58,63,132,110,39" hai2="131,83,34,33,98,25,71,115,22,24,75,53,103" hai3="109,13,38,14,45,19,106,119,27,111,91,65,104"/><U69/><E113/><V79/><F131/><W117/><G65/><T51/><D118/><N who="3" m="45065" /><G27/><N who="0" m="16487" /><D107/><N who="3" m="41001" /><G91/><T114/><D114/><U94/><E128/><V41/><F115/><W124/><G124/><T93/><D135/><U56/><E132/><V64/><F53/><W4/><G4/><T123/><D67/><U49/><E110/><V133/><F133/><W89/><G89/><T32/><D82/><U59/><E39/><V97/><F25/><W77/><G77/><T23/><D32/><U90/><E78/><V62/><F41/><N who="3" m="22711" /><G14/><T47/><D100/><U36/><E36/><V12/><F12/><W76/><G76/><T129/><D102/><U16/><E49/><V116/><F116/><W127/><G127/><T6/><D129/><U125/><E125/><V55/><F55/><W112/><G112/><T81/><D81/><U37/><E37/><V7/><F7/><W101/><G101/><T46/><D93/><U5/><E5/><V3/><F3/><W126/><G126/><T80/><D80/><U21/><E90/><V50/><F50/><W35/><G35/><T108/><D6/><U105/><E105/><V42/><F42/><W61/><G61/><T15/><D51/><U96/><REACH who="1" step="1"/><E63/><REACH who="1" ten="189,383,159,259" step="2"/><V95/><F97/><W68/><G109/><T48/><D48/><U43/><E43/><V11/><F98/><W92/><G111/><T17/><D108/><U54/><E54/><V130/><F130/><W73/><G73/><T8/><D8/><U40/><E40/><V52/><F52/><W0/><G0/><T74/><D74/><U29/><E29/><N who="2" m="17559" /><F11/><N who="3" m="6591" /><G92/><T57/><D30/><RYUUKYOKU ba="0,1" sc="189,-30,383,10,159,10,259,10" hai1="16,21,56,58,59,60,66,69,85,88,94,96,99" hai2="33,34,62,64,71,75,79,83,95,103" hai3="68" /><INIT seed="5,1,1,4,4,86" ten="159,393,169,269" oya="1" hai0="21,107,125,36,34,19,99,110,25,0,26,45,55" hai1="63,108,15,14,121,17,16,123,68,126,71,24,93" hai2="65,75,9,29,48,30,67,3,13,83,98,44,79" hai3="54,103,35,76,131,66,22,10,70,133,18,42,60"/><U92/><E24/><V8/><F3/><W32/><G10/><T94/><D110/><U39/><E63/><V2/><F2/><W111/><G76/><T119/><D119/><U113/><E108/><V80/><F9/><W33/><G131/><T120/><D0/><U96/><E96/><V129/><F129/><W130/><G130/><T127/><D107/><U46/><E46/><V74/><F98/><W12/><G133/><T28/><D120/><U122/><E122/><V105/><F105/><W135/><G135/><T7/><D7/><U134/><E134/><V31/><F74/><W117/><G117/><T101/><REACH who="0" step="1"/><D55/><REACH who="0" ten="149,393,169,269" step="2"/><U43/><E123/><V6/><REACH who="2" step="1"/><F80/><REACH who="2" ten="149,393,159,269" step="2"/><W109/><G111/><T27/><D27/><U78/><E121/><V53/><AGARI ba="1,3" hai="6,8,13,29,30,31,44,48,53,65,67,75,79,83" machi="53" ten="30,7900,0" yaku="1,1,2,1,0,1,53,1" doraHai="86" doraHaiUra="72" who="2" fromWho="2" sc="149,-21,393,-40,159,112,269,-21" /><INIT seed="6,0,0,5,5,45" ten="128,353,271,248" oya="2" hai0="62,80,79,121,17,102,116,29,9,92,70,58,28" hai1="10,133,14,69,78,0,112,77,123,98,131,38,18" hai2="64,20,74,109,88,114,32,40,31,56,63,120,110" hai3="82,15,101,103,87,50,95,34,135,39,99,111,129"/><V52/><F74/><W108/><G39/><T132/><D121/><U53/><E69/><V84/><F120/><W66/><G34/><T76/><D70/><U75/><E123/><V49/><F114/><W83/><G129/><T65/><D132/><U27/><E38/><V128/><F128/><W42/><G135/><T35/><D116/><U107/><E133/><V100/><F100/><W30/><G30/><T122/><D122/><U126/><E75/><V12/><F32/><W104/><G66/><T13/><D35/><U19/><E131/><V127/><F127/><W115/><G15/><T46/><D46/><U2/><E2/><V81/><F40/><W93/><G50/><T105/><D105/><U51/><E0/><V71/><REACH who="2" step="1"/><F12/><REACH who="2" ten="128,353,261,248" step="2"/><W68/><G42/><T41/><D41/><U117/><E126/><V48/><F48/><W5/><G115/><T85/><REACH who="0" step="1"/><D76/><REACH who="0" ten="118,353,261,248" step="2"/><U6/><E78/><V91/><F91/><W94/><G101/><T106/><D106/><U24/><E77/><V119/><F119/><W61/><G104/><T86/><D86/><U23/><E117/><V21/><F21/><W26/><G87/><T89/><D89/><U1/><E112/><V130/><F130/><W3/><G103/><T4/><D4/><U134/><E134/><V67/><F67/><W47/><G5/><T44/><D44/><N who="1" m="27879" /><E107/><V118/><F118/><W37/><G47/><T90/><D90/><U73/><E73/><V36/><F36/><W33/><G37/><T55/><D55/><U7/><E7/><V125/><F125/><W16/><G33/><T11/><D11/><RYUUKYOKU ba="0,2" sc="118,15,353,-15,261,15,248,-15" hai0="9,13,17,28,29,58,62,65,79,80,85,92,102" hai2="20,31,49,52,56,63,64,71,81,84,88,109,110" /><INIT seed="6,1,2,2,3,132" ten="133,338,276,233" oya="2" hai0="75,35,54,70,56,124,115,123,57,15,73,91,63" hai1="120,109,110,50,1,107,119,105,34,95,106,100,113" hai2="4,23,24,3,49,7,126,121,83,22,61,88,128" hai3="101,81,112,129,0,43,30,102,17,13,78,53,64"/><V66/><F121/><W21/><G0/><T52/><D35/><U9/><E34/><V98/><F128/><W67/><G129/><T45/><D91/><U48/><E119/><V87/><F126/><W96/><G43/><T89/><D89/><U82/><E120/><V84/><F3/><W117/><G117/><T55/><D15/><U60/><E82/><V65/><F49/><W80/><G112/><T104/><D104/><U28/><E28/><N who="2" m="17431" /><F23/><N who="3" m="11695" /><G53/><N who="0" m="34191" /><D123/><U94/><E113/><V58/><F66/><N who="3" m="25131" /><G96/><T62/><D75/><U33/><E50/><V125/><F125/><W39/><G39/><T12/><D124/><U68/><E48/><V133/><F133/><W130/><G130/><T44/><D73/><U79/><E33/><V77/><F98/><W131/><G131/><T72/><D115/><U27/><E68/><V41/><F41/><W71/><G71/><T86/><D72/><U108/><E106/><V116/><F116/><W92/><G92/><AGARI ba="1,2" hai="4,7,58,61,65,77,83,84,87,88,92" m="17431" machi="92" ten="30,2900,0" yaku="8,1,54,1" doraHai="132" who="2" fromWho="3" sc="133,0,338,0,276,52,233,-32" /><INIT seed="6,2,0,3,1,7" ten="133,338,328,201" oya="2" hai0="124,71,116,23,134,52,48,49,16,5,63,36,104" hai1="42,78,12,95,90,133,14,60,51,0,41,46,115" hai2="79,9,8,86,131,88,128,59,55,126,75,57,108" hai3="26,44,107,89,100,31,105,54,83,84,65,2,93"/><V91/><F126/><W38/><G2/><T3/><D124/><U40/><E0/><V21/><F108/><W47/><G65/><T114/><D104/><U15/><E115/><V94/><F75/><W22/><G54/><T110/><D110/><U102/><E133/><V24/><F79/><W92/><G47/><T18/><D36/><U87/><E60/><N who="2" m="35903" /><F59/><W111/><G111/><T19/><D114/><U29/><E102/><V11/><F91/><W39/><G39/><T121/><D121/><U6/><E29/><N who="2" m="17551" /><F131/><W62/><G62/><T37/><D37/><U35/><E35/><V109/><F128/><W99/><REACH who="3" step="1"/><G107/><REACH who="3" ten="133,338,328,191" step="2"/><T61/><D134/><U96/><E46/><V120/><F109/><W53/><G53/><T28/><D71/><U58/><E58/><V27/><F120/><W82/><G82/><T13/><D48/><U129/><E51/><V106/><F106/><W72/><G72/><T132/><D132/><U113/><E129/><V4/><F27/><W76/><G76/><T73/><D73/><U81/><E113/><V30/><F30/><W25/><G25/><N who="0" m="16447" /><D3/><U74/><E74/><V85/><F4/><AGARI ba="2,1" hai="4,6,12,14,15,40,41,42,78,81,87,90,95,96" machi="4" ten="40,1300,0" yaku="8,1" doraHai="7" who="1" fromWho="2" sc="133,0,338,29,328,-19,191,0" /><INIT seed="7,0,0,4,1,95" ten="133,367,309,191" oya="3" hai0="48,50,111,129,30,32,115,91,100,89,80,87,1" hai1="101,130,126,66,109,125,69,26,47,120,62,98,116" hai2="51,5,23,131,79,90,54,55,134,7,94,71,124" hai3="103,15,39,46,56,40,57,93,68,70,25,60,53"/><W75/><G75/><T41/><D111/><U44/><E109/><V81/><F71/><W8/><G25/><T4/><D129/><U0/><E120/><V22/><F124/><N who="1" m="47721" /><E130/><V17/><F134/><W38/><G38/><T122/><D122/><U78/><E116/><V12/><F131/><W43/><G43/><T106/><D41/><U9/><E78/><V14/><F81/><W13/><G13/><T29/><D91/><U24/><E24/><V135/><F79/><W84/><G57/><T99/><D115/><U76/><E76/><V35/><F35/><W20/><G20/><T34/><D34/><U58/><E26/><V127/><F135/><W16/><G84/><T36/><D36/><U19/><E58/><N who="2" m="33119" /><F55/><W83/><G83/><T77/><D32/><U67/><E67/><V86/><F127/><W28/><G28/><T105/><D105/><N who="1" m="63671" /><E0/><V61/><F61/><W114/><G114/><T121/><D121/><U31/><E31/><V132/><F132/><W82/><G82/><T64/><D64/><U118/><E118/><V65/><F65/><W96/><AGARI ba="0,0" hai="8,15,16,39,40,46,53,56,60,68,70,93,96,103" machi="96" ten="30,6000,0" yaku="0,1,52,1,54,1" doraHai="95" who="3" fromWho="3" sc="133,-20,367,-20,309,-20,191,60" /><INIT seed="7,1,0,5,5,22" ten="113,347,289,251" oya="3" hai0="8,100,116,135,87,13,6,0,89,91,64,50,30" hai1="92,27,131,45,19,47,79,104,120,75,99,114,61" hai2="69,71,66,32,72,96,38,53,107,121,105,106,36" hai3="5,52,16,48,95,15,134,43,20,60,126,98,3"/><W78/><G134/><T77/><D116/><U94/><E120/><V33/><F53/><W81/><G126/><T108/><D135/><U85/><E75/><V58/><F96/><W93/><G43/><T25/><D108/><U73/><E73/><V42/><F121/><W23/><G3/><T54/><D100/><N who="1" m="60535" /><E104/><V90/><F72/><W84/><G5/><T14/><D64/><U112/><E131/><V40/><F90/><W88/><G60/><T76/><D0/><U9/><E61/><N who="2" m="38199" /><F40/><W65/><G65/><T56/><D13/><N who="1" m="7599" /><E27/><V24/><F24/><W1/><G1/><T44/><D56/><U37/><E37/><V119/><F42/><W62/><G62/><T110/><D110/><U29/><E29/><V67/><F67/><W11/><G95/><T7/><D7/><U10/><E10/><V129/><F129/><W111/><G111/><T55/><D55/><U101/><E101/><V124/><F124/><W17/><G17/><T103/><D103/><U123/><E123/><V102/><F102/><W4/><G4/><T46/><D46/><AGARI ba="1,0" hai="11,15,16,20,23,46,48,52,78,81,84,88,93,98" machi="46" ten="30,12000,1" yaku="7,1,8,1,54,3" doraHai="22" who="3" fromWho="0" sc="113,-123,347,0,289,0,251,123" owari="-10,-51.0,347,15.0,289,-11.0,374,47.0" /></mjloggm>