<mjloggm ver="2.3"><GO type="169" lobby="0"/><UN n0="%E3%83%AA%E3%83%BC%E3%83%81%EF%BC%91" n1="%6E%61%6E%6E%61%6E%79%61" n2="%E3%83%AD%E3%83%83%E3%83%86%E9%9B%80%EF%BC%84%E6%94%B9" n3="%E3%83%94%E3%83%A7%E3%83%B3%E5%90%89" dan="17,16,16,17" rate="2186.73,2074.54,2151.85,2136.67" sx="M,M,M,F"/><TAIKYOKU oya="0"/><INIT seed="0,0,0,0,3,23" ten="250,250,250,250" oya="0" hai0="3,128,29,44,62,0,94,67,123,127,125,87,132" hai1="79,21,120,61,96,5,93,135,88,46,6,118,122" hai2="19,59,70,126,53,24,27,12,64,47,108,90,20" hai3="69,82,56,109,9,40,110,7,10,66,71,11,63"/><T99/><D123/><U116/><E135/><V15/><F70/><W74/><G7/><T60/><D132/><U113/><E113/><V42/><F108/><N who="3" m="41579" /><G40/><T48/><D128/><U105/><E122/><V17/><F126/><N who="0" m="48138" /><D87/><U102/><E120/><V81/><F64/><W133/><G133/><T22/><D22/><U57/><E46/><V129/><F129/><W16/><G82/><T2/><D29/><U84/><E21/><N who="2" m="11455" /><F47/><W131/><G74/><T114/><D67/><U37/><E37/><V38/><F38/><W111/><G131/><T30/><D30/><U25/><E79/><V115/><F42/><W51/><G111/><T43/><D114/><U100/><E100/><AGARI ba="0,0" hai="0,2,3,43,44,48,60,62,94,99,100" m="48138" machi="100" ten="40,2000,0" yaku="18,1" doraHai="23" who="0" fromWho="1" sc="250,20,250,-20,250,0,250,0" /><INIT seed="0,1,0,0,2,96" ten="270,230,250,250" oya="0" hai0="64,79,70,133,41,115,38,7,120,48,46,122,108" hai1="15,84,97,52,30,71,2,95,58,89,112,29,36" hai2="13,27,135,131,83,117,98,35,28,77,51,20,111" hai3="63,47,55,57,67,103,3,90,94,25,37,76,116"/><T69/><D79/><U105/><E2/><V45/><F111/><W123/><G3/><T92/><D7/><U130/><E71/><N who="0" m="27145" /><D92/><U11/><E130/><V22/><F131/><W118/><G76/><T21/><D21/><U17/><E36/><V101/><F135/><W93/><G25/><T110/><D133/><U127/><E127/><V114/><F114/><W91/><G123/><N who="0" m="47147" /><D115/><U50/><E112/><V72/><F117/><W129/><G129/><T126/><D126/><U44/><E58/><V125/><F125/><W100/><G116/><T65/><D38/><U124/><E124/><V82/><F82/><W6/><G6/><T113/><D113/><U18/><E18/><V81/><F81/><W1/><G1/><T74/><D74/><U80/><REACH who="1" step="1"/><E105/><REACH who="1" ten="270,220,250,250" step="2"/><V8/><F28/><W53/><G118/><T60/><D65/><U42/><E42/><V32/><F72/><W109/><G37/><T99/><D99/><U59/><E59/><AGARI ba="1,1" hai="41,46,48,59,60,64,108,110" m="47147,27145" machi="59" ten="40,3900,0" yaku="34,2" doraHai="96" who="0" fromWho="1" sc="270,52,220,-42,250,0,250,0" /><INIT seed="0,2,0,1,5,38" ten="322,178,250,250" oya="0" hai0="15,129,80,78,70,34,0,119,85,55,93,47,92" hai1="64,13,134,9,50,112,31,102,37,40,59,90,123" hai2="6,4,44,108,83,66,2,52,11,101,53,51,115" hai3="68,75,94,114,14,22,62,96,99,72,98,20,67"/><T46/><D0/><U111/><E123/><V135/><F115/><W28/><G114/><T127/><D70/><U65/><E112/><V73/><F108/><W8/><G94/><T23/><D119/><U118/><E118/><V36/><F36/><W7/><REACH who="3" step="1"/><G28/><REACH who="3" ten="322,178,250,240" step="2"/><T45/><D93/><U88/><E31/><V58/><F135/><W128/><G128/><T121/><D92/><U117/><E134/><V104/><F104/><W113/><G113/><T95/><D129/><U63/><E117/><V71/><F83/><W91/><G91/><T19/><D121/><U86/><E102/><V29/><F101/><W49/><G49/><T106/><D106/><U77/><E37/><V33/><F51/><W10/><G10/><T97/><D127/><U27/><E90/><V87/><F11/><W21/><AGARI ba="2,1" hai="7,8,14,20,21,22,62,67,68,72,75,96,98,99" machi="21" ten="30,2000,0" yaku="1,1,0,1,53,0" doraHai="38" doraHaiUra="43" who="3" fromWho="3" sc="322,-12,178,-7,250,-7,240,36" /><INIT seed="1,0,0,0,2,65" ten="310,171,243,276" oya="1" hai0="119,22,96,123,56,63,99,103,50,58,10,124,32" hai1="93,132,2,48,126,74,42,15,107,117,108,82,36" hai2="19,70,69,62,130,72,80,61,86,11,97,111,49" hai3="115,114,109,26,131,59,129,113,30,41,84,101,85"/><U87/><E2/><V7/><F72/><W105/><G41/><T53/><D32/><U3/><E3/><V112/><F19/><W20/><G109/><T77/><D119/><U33/><E107/><V102/><F111/><W95/><G59/><T81/><D123/><U16/><E117/><V91/><F49/><W121/><G121/><T27/><D124/><U89/><E33/><V52/><F130/><N who="3" m="49675" /><G105/><T122/><D10/><U55/><E132/><V134/><F134/><W24/><G24/><T35/><D35/><U18/><E108/><V125/><F125/><W9/><G9/><T51/><D122/><U47/><E126/><V39/><F39/><W79/><G79/><T34/><D34/><U60/><E60/><V13/><F112/><W38/><G38/><T14/><D14/><U57/><E15/><V5/><F5/><W4/><G4/><T67/><D51/><U94/><E74/><V71/><REACH who="2" step="1"/><F52/><REACH who="2" ten="310,171,233,276" step="2"/><W68/><G115/><T12/><D53/><U127/><E127/><V17/><F17/><W28/><G114/><T135/><D50/><U31/><E31/><V29/><F29/><W40/><G30/><T46/><D46/><U88/><REACH who="1" step="1"/><E82/><REACH who="1" ten="310,161,233,276" step="2"/><V75/><F75/><W64/><G113/><T104/><D81/><U6/><E6/><V8/><F8/><W23/><G28/><T120/><D135/><U90/><E90/><V25/><F25/><W45/><G26/><T73/><D27/><U44/><E44/><V92/><AGARI ba="0,2" hai="7,11,13,61,62,69,70,71,80,86,91,92,97,102" machi="92" ten="30,8000,1" yaku="1,1,0,1,52,3,53,0" doraHai="65" doraHaiUra="43" who="2" fromWho="2" sc="310,-20,161,-40,233,100,276,-20" /><INIT seed="2,0,0,2,5,129" ten="290,121,333,256" oya="2" hai0="72,110,9,84,88,77,13,82,127,35,59,89,17" hai1="79,45,131,61,41,134,52,81,22,19,60,6,3" hai2="48,119,39,27,114,65,128,24,113,123,29,71,69" hai3="56,11,46,62,49,40,118,116,99,108,67,87,97"/><V12/><F39/><W44/><G87/><T107/><D35/><U135/><E131/><V25/><F128/><W85/><G85/><T47/><D107/><U125/><E125/><V28/><F119/><W73/><G73/><T70/><D70/><U122/><E122/><V93/><F123/><W1/><G11/><T64/><D127/><U57/><E6/><V94/><F25/><W66/><G1/><T86/><D72/><U109/><E3/><V30/><F30/><W34/><G34/><T111/><D47/><U101/><E101/><V58/><F58/><W102/><G99/><T95/><REACH who="0" step="1"/><D89/><REACH who="0" ten="280,121,333,256" step="2"/><U18/><E109/><V83/><F71/><W104/><G108/><T92/><D92/><U117/><E117/><V76/><F94/><W14/><G118/><T96/><D96/><U5/><E45/><V32/><F93/><W133/><G116/><T74/><D74/><U43/><E81/><V0/><F69/><W80/><G80/><T121/><D121/><U16/><E22/><V106/><F83/><W126/><G126/><T31/><D31/><U63/><E79/><V7/><F29/><W2/><G46/><T37/><D37/><U33/><E33/><V23/><F76/><W50/><G44/><T132/><D132/><N who="1" m="50731" /><E5/><V21/><F7/><W100/><G133/><T53/><D53/><U130/><E130/><V55/><F32/><W124/><G124/><T4/><D4/><U105/><E105/><V15/><F106/><W38/><G104/><T10/><D10/><U98/><E98/><V42/><F21/><W54/><G97/><T120/><D120/><RYUUKYOKU ba="0,1" sc="280,15,121,15,333,-15,256,-15" hai0="9,13,17,59,64,77,82,84,86,88,95,110,111" hai1="16,18,19,41,43,52,57,60,61,63" /><INIT seed="3,1,1,3,0,19" ten="295,136,318,241" oya="3" hai0="107,15,103,114,64,73,59,21,67,58,118,41,44" hai1="52,105,50,66,96,101,42,68,93,84,20,109,57" hai2="31,91,94,14,120,5,17,43,89,79,130,25,36" hai3="40,9,65,0,83,80,85,132,2,12,26,126,104"/><W4/><G104/><T97/><D73/><U135/><E109/><V128/><F120/><W116/><G116/><T27/><D118/><U28/><E135/><V76/><F5/><W100/><G132/><T61/><D114/><U18/><E28/><V74/><F43/><W7/><G126/><T51/><D15/><U71/><E42/><V60/><F60/><W10/><G100/><T33/><D33/><U131/><E131/><N who="2" m="50219" /><F36/><W62/><G40/><T49/><D49/><U133/><E66/><V129/><F129/><W1/><G26/><T34/><D34/><U77/><E133/><V53/><F53/><W88/><REACH who="3" step="1"/><G83/><REACH who="3" ten="295,136,318,231" step="2"/><T48/><D41/><U55/><E105/><V119/><F119/><W38/><G38/><T124/><D124/><U106/><E106/><V23/><F74/><W87/><G87/><T30/><D44/><U82/><REACH who="1" step="1"/><E55/><REACH who="1" ten="295,126,318,231" step="2"/><V112/><F112/><W115/><G115/><T81/><D81/><U35/><E35/><N who="2" m="20975" /><F91/><W69/><AGARI ba="1,3" hai="0,1,2,4,7,9,10,12,62,65,69,80,85,88" machi="69" ten="20,7800,0" yaku="1,1,0,1,7,1,54,1,53,0" doraHai="19" doraHaiUra="95" who="3" fromWho="3" sc="295,-27,126,-27,318,-27,231,111" /><INIT seed="3,2,0,4,4,68" ten="268,99,291,342" oya="3" hai0="74,63,66,75,73,2,11,102,57,112,65,7,43" hai1="35,122,77,38,29,55,10,100,71,1,125,106,96" hai2="101,132,48,26,9,62,82,6,34,58,19,50,89" hai3="61,121,123,76,36,83,93,80,86,98,46,99,56"/><W4/><G4/><T13/><D43/><U52/><E122/><V133/><F101/><W32/><G32/><T17/><D102/><U60/><E125/><V131/><F131/><W53/><G83/><T130/><D130/><U105/><E77/><V116/><F116/><W104/><G104/><T108/><D108/><U51/><E106/><V22/><F34/><W41/><REACH who="3" step="1"/><G99/><REACH who="3" ten="268,99,291,332" step="2"/><T59/><D112/><U3/><E3/><V45/><F132/><W54/><G54/><T5/><D2/><U72/><E1/><V92/><F133/><W20/><G20/><T31/><D7/><U42/><E55/><V81/><F82/><W16/><G16/><T97/><D5/><U14/><E72/><V88/><F81/><W113/><G113/><T15/><D97/><U70/><E35/><V91/><F92/><W129/><G129/><T110/><D110/><U78/><E78/><V128/><F128/><W87/><G87/><T114/><D114/><U124/><E29/><V118/><F118/><W109/><G109/><T37/><D31/><U107/><E107/><V49/><F6/><W85/><G85/><T21/><D21/><U44/><E124/><V23/><F23/><W25/><G25/><T95/><D95/><U120/><E120/><V119/><F119/><W8/><G8/><T79/><D79/><U27/><E27/><V28/><F9/><W0/><G0/><T117/><D117/><U126/><E126/><V135/><F135/><W127/><G127/><T134/><D134/><U64/><E10/><V69/><F19/><W18/><G18/><T39/><D15/><RYUUKYOKU ba="2,1" sc="268,15,99,-15,291,-15,332,15" hai0="11,13,17,37,39,57,59,63,65,66,73,74,75" hai3="36,41,46,53,56,61,76,80,86,93,98,121,123" /><INIT seed="3,3,1,3,0,129" ten="283,84,276,347" oya="3" hai0="2,3,125,44,49,77,5,61,85,12,24,119,46" hai1="120,105,121,87,123,101,135,76,30,54,75,60,134" hai2="78,80,107,63,59,39,97,58,104,122,56,102,11" hai3="33,116,21,13,1,74,108,109,131,66,50,57,79"/><W91/><G116/><T113/><D119/><U64/><E75/><V37/><F122/><W98/><G1/><T67/><D125/><U47/><E30/><V88/><F107/><W51/><G33/><T62/><D113/><U7/><E7/><V114/><F114/><W106/><G131/><T45/><D24/><U89/><E76/><V0/><F63/><N who="0" m="24074" /><D67/><U83/><E101/><V53/><F53/><N who="3" m="31927" /><G66/><T96/><D96/><U36/><E105/><V115/><F115/><W130/><G130/><T55/><D3/><U133/><E54/><V4/><REACH who="2" step="1"/><F88/><REACH who="2" ten="283,84,266,347" step="2"/><W28/><G91/><T40/><D55/><U23/><E121/><V16/><F16/><N who="3" m="10383" /><G106/><T112/><D112/><U10/><E123/><V31/><F31/><W29/><G29/><T15/><D5/><U92/><E120/><V19/><F19/><W68/><G28/><T110/><D110/><U34/><E34/><V17/><F17/><W90/><G109/><T94/><D77/><U69/><E23/><V100/><F100/><W52/><G108/><T81/><D81/><U9/><E83/><V70/><F70/><W8/><G90/><N who="0" m="53583" /><D2/><U25/><E25/><V35/><F35/><W20/><G98/><T22/><D22/><U48/><E69/><V82/><F82/><N who="3" m="45431" /><G68/><T73/><D15/><U127/><E64/><V118/><F118/><W72/><G20/><T65/><D12/><U95/><E89/><V41/><F41/><W86/><G52/><N who="0" m="29735" /><D65/><U124/><E124/><V42/><F42/><W93/><G93/><T103/><D103/><U38/><E127/><V132/><F132/><W18/><G18/><RYUUKYOKU ba="3,2" sc="283,-10,84,-10,266,30,347,-10" hai2="0,4,11,37,39,56,58,59,78,80,97,102,104" /><INIT seed="4,4,2,0,1,27" ten="273,74,296,337" oya="0" hai0="97,50,116,42,122,66,100,25,112,11,62,60,104" hai1="82,98,83,121,89,30,41,21,19,22,129,12,106" hai2="110,31,109,130,103,37,90,105,132,79,113,73,49" hai3="28,135,108,84,3,94,17,4,67,1,40,46,6"/><T24/><D116/><U61/><E129/><V64/><F37/><W114/><G114/><T15/><D122/><U20/><E121/><V76/><F130/><W58/><G17/><T36/><D112/><U23/><E41/><V126/><F113/><W120/><G120/><T80/><D36/><U99/><E106/><V44/><F64/><W13/><G135/><T131/><D131/><U59/><E30/><V57/><F132/><W134/><G28/><T63/><D66/><U56/><E56/><V101/><F31/><W102/><G3/><T87/><D50/><U0/><E0/><V51/><F57/><W117/><G1/><T32/><D42/><U85/><REACH who="1" step="1"/><E82/><REACH who="1" ten="273,64,296,337" step="2"/><V72/><F110/><W81/><G40/><T26/><D32/><U88/><E88/><V74/><F90/><W14/><G108/><T70/><D70/><U43/><E43/><V2/><F105/><W91/><G58/><T34/><D34/><U118/><E118/><V77/><F109/><W69/><G69/><T45/><D45/><U33/><E33/><V75/><F75/><W35/><G46/><T119/><D119/><U39/><E39/><V9/><F73/><W95/><G35/><T107/><D107/><U71/><E71/><V48/><F74/><W127/><G117/><T125/><D80/><U86/><E86/><V115/><F72/><W92/><G134/><T18/><D87/><U16/><E16/><V47/><F115/><W52/><G84/><T124/><AGARI ba="4,3" hai="11,15,18,24,25,26,60,62,63,97,100,104,124,125" machi="124" ten="40,2100,0" yaku="0,1" doraHai="27" who="0" fromWho="0" sc="273,63,64,-11,296,-11,337,-11" /><INIT seed="4,5,0,2,2,80" ten="336,53,285,326" oya="0" hai0="60,89,108,112,120,5,87,93,24,78,66,36,44" hai1="59,34,50,13,25,70,39,6,131,99,130,21,121" hai2="33,72,106,67,104,31,41,75,98,4,68,12,109" hai3="114,116,19,62,38,45,26,94,81,56,129,49,117"/><T77/><D120/><U95/><E70/><V53/><F109/><W51/><G114/><T97/><D108/><U101/><E39/><V122/><F122/><W32/><G129/><T115/><D5/><U65/><E121/><V14/><F41/><W88/><G38/><T107/><D24/><U134/><E34/><V46/><F46/><W102/><G81/><T132/><D132/><U124/><E124/><V118/><F53/><W15/><G102/><N who="0" m="62927" /><D44/><U18/><E134/><V37/><F118/><W135/><G135/><T28/><D28/><U11/><E65/><V61/><F37/><W55/><G26/><T2/><D2/><U29/><E6/><V40/><F40/><W27/><G27/><T35/><D35/><U42/><E42/><V57/><F57/><W111/><G32/><T83/><D36/><U86/><E59/><V69/><F69/><W71/><G71/><N who="0" m="42439" /><D78/><U133/><E50/><V17/><F4/><W0/><G0/><T84/><D84/><U7/><E133/><V127/><F127/><W91/><G111/><T126/><D126/><U58/><E58/><V123/><F123/><W16/><G116/><T90/><D90/><N who="3" m="34345" /><G117/><T48/><D48/><N who="3" m="18505" /><G45/><T54/><D54/><U3/><E86/><V74/><F98/><W10/><G94/><T100/><D77/><U125/><E125/><V92/><F92/><W119/><G119/><T1/><D1/><U22/><AGARI ba="5,0" hai="3,7,11,13,18,21,22,25,29,95,99,101,130,131" machi="22" ten="30,1100,0" yaku="0,1" doraHai="80" who="1" fromWho="1" sc="336,-10,53,26,285,-8,326,-8" /><INIT seed="5,0,0,4,1,75" ten="326,79,277,318" oya="1" hai0="80,109,76,9,121,131,3,38,6,24,127,62,11" hai1="1,45,34,123,48,47,25,113,26,14,2,111,51" hai2="101,42,12,74,41,84,67,85,44,59,55,7,122" hai3="56,78,16,43,27,46,60,92,22,73,69,77,18"/><U13/><E123/><V105/><F122/><W23/><G69/><T83/><D38/><U89/><E34/><V81/><F67/><N who="3" m="39303" /><G73/><T19/><D109/><U82/><E82/><V91/><F74/><W104/><G104/><T119/><D83/><U95/><E111/><V50/><F85/><W71/><G71/><T15/><D119/><U31/><E31/><V65/><F105/><W61/><G61/><T124/><D131/><U96/><E95/><V133/><F133/><W125/><G92/><T93/><D93/><U64/><E64/><V116/><F101/><W120/><G120/><T54/><D24/><U103/><E89/><V4/><F116/><W79/><G125/><N who="0" m="48203" /><D62/><U86/><E86/><V0/><F0/><W39/><G39/><T117/><D121/><U40/><E96/><V68/><F68/><W102/><G102/><T72/><D117/><U94/><E94/><V30/><F30/><N who="3" m="17783" /><G23/><T53/><AGARI ba="0,0" hai="3,6,9,11,15,19,53,54,72,76,80" m="48203" machi="53" ten="30,2000,0" yaku="18,1,52,1" doraHai="75" who="0" fromWho="0" sc="326,20,79,-10,277,-5,318,-5" /><INIT seed="6,0,0,1,1,47" ten="346,69,272,313" oya="2" hai0="46,77,16,2,65,118,54,19,107,28,63,78,133" hai1="21,116,105,87,70,33,95,18,20,34,0,40,126" hai2="82,83,124,88,111,22,99,132,79,69,60,15,81" hai3="9,131,44,89,104,93,26,122,50,30,85,119,109"/><V128/><F124/><W38/><G109/><T35/><D107/><U96/><E126/><V106/><F132/><W32/><G119/><T5/><D133/><U80/><E116/><V58/><F69/><W59/><G122/><T102/><D118/><U8/><E70/><V113/><F111/><W11/><G104/><T25/><D102/><U10/><E105/><V52/><F113/><W121/><G121/><T112/><D112/><U76/><E21/><V12/><F128/><W129/><G38/><T55/><D5/><U72/><E72/><V130/><F130/><N who="3" m="49675" /><G59/><T84/><D2/><U27/><E0/><V13/><F106/><W53/><AGARI ba="0,0" hai="9,11,26,30,32,44,50,53,85,89,93" m="49675" machi="53" ten="30,2000,0" yaku="19,1,52,1" doraHai="47" who="3" fromWho="3" sc="346,-5,69,-5,272,-10,313,20" /><INIT seed="7,0,0,1,0,132" ten="341,64,262,333" oya="3" hai0="95,101,32,114,118,125,97,71,106,88,89,83,0" hai1="60,15,134,53,99,116,74,65,120,75,82,12,109" hai2="25,119,78,45,87,102,64,121,77,58,50,56,126" hai3="29,133,104,10,105,14,128,59,52,79,1,110,33"/><W37/><G1/><T135/><D71/><U27/><E134/><V7/><F119/><W69/><G133/><T73/><D32/><U34/><E116/><V55/><F121/><W103/><G69/><T129/><D0/><U6/><E120/><V72/><F72/><W17/><G37/><T84/><D135/><U112/><E109/><V2/><F2/><W92/><G110/><T20/><D20/><U47/><E112/><V117/><F117/><W8/><G128/><T94/><D118/><U113/><E113/><V85/><F7/><W4/><G79/><N who="0" m="44527" /><D114/><U13/><E6/><V24/><F126/><W43/><G43/><T93/><D125/><U76/><E75/><V130/><F130/><W68/><G68/><T22/><D22/><U111/><E111/><V67/><F102/><W46/><G46/><T123/><D123/><U61/><E34/><V107/><F107/><W23/><G92/><N who="0" m="54279" /><D129/><U42/><E27/><V62/><F45/><W86/><G33/><T115/><D115/><U81/><E81/><V80/><F67/><W38/><G38/><T90/><AGARI ba="0,0" hai="89,90,93,94,95,97,101,106" m="54279,44527" machi="90" ten="30,12000,2" yaku="24,1,35,5,54,1" doraHai="132" who="0" fromWho="0" sc="341,120,64,-30,262,-30,333,-60" owari="461,57.0,34,-47.0,232,-17.0,273,7.0" /></mjloggm>