<mjloggm ver="2.3"><GO type="169" lobby="0"/><UN n0="%E8%99%B9%E9%AD%94%E5%B0%8E%E5%A3%AB" n1="%E3%82%AB%E3%83%A9%E3%82%B9%E3%81%AE%E5%AD%90" n2="%E3%82%8A%E3%81%A8%E3%82%8B%E3%80%82%E3%80%82" n3="%E3%82%A8%E3%82%B9%E3%83%86%E3%83%BC" dan="17,16,16,17" rate="2144.76,2102.76,2102.88,2133.83" sx="M,M,M,M"/><TAIKYOKU oya="0"/><INIT seed="0,0,0,3,3,74" ten="250,250,250,250" oya="0" hai0="13,64,44,23,115,62,102,101,7,116,25,42,114" hai1="84,83,20,91,0,59,103,113,72,11,43,26,106" hai2="81,79,29,129,90,19,46,18,82,6,65,85,88" hai3="66,124,121,9,69,95,99,33,98,15,96,24,71"/><T58/><D116/><U70/><E70/><V135/><F129/><W38/><G38/><T77/><D114/><U36/><E113/><V3/><F135/><W127/><G121/><T104/><D115/><U1/><E72/><V94/><F29/><N who="3" m="19623" /><G95/><T8/><D104/><U2/><E11/><V57/><F3/><W128/><G66/><T5/><D5/><U78/><E36/><V39/><F6/><N who="3" m="3511" /><G128/><T16/><REACH who="0" step="1"/><D77/><REACH who="0" ten="240,250,250,250" step="2"/><U51/><E106/><V40/><F82/><W45/><G124/><T54/><D54/><U126/><E126/><V76/><F65/><W63/><G127/><T55/><D55/><U112/><E112/><V4/><F4/><W87/><G71/><T125/><D125/><U111/><E78/><V60/><F79/><W123/><G69/><T34/><D34/><U105/><E83/><V67/><REACH who="2" step="1"/><F90/><REACH who="2" ten="240,250,240,250" step="2"/><W50/><G123/><T110/><D110/><U109/><E91/><V75/><AGARI ba="0,2" hai="18,19,39,40,46,57,60,67,75,76,81,85,88,94" machi="75" ten="20,12000,2" yaku="1,1,2,1,0,1,7,1,52,1,54,1,53,0" doraHai="74" doraHaiUra="10" who="2" fromWho="2" sc="240,-60,250,-30,240,140,250,-30" /><INIT seed="1,0,0,2,4,110" ten="180,220,380,220" oya="1" hai0="128,72,67,62,112,104,9,70,49,68,65,14,35" hai1="131,134,130,40,97,114,2,98,121,1,99,16,76" hai2="36,75,96,89,106,38,123,23,46,88,59,119,102" hai3="78,83,11,25,41,127,115,12,129,71,64,10,126"/><U34/><E121/><V5/><F119/><W22/><G129/><N who="1" m="49162" /><E34/><V82/><F123/><W135/><G135/><T133/><D35/><U103/><E134/><V57/><F5/><W20/><G41/><T117/><D128/><U3/><E103/><V52/><F59/><W21/><G25/><T50/><D117/><U108/><E108/><V116/><F116/><W60/><G115/><T100/><D133/><U44/><E76/><V91/><F46/><W0/><G0/><T120/><D120/><U4/><E4/><V111/><F111/><W39/><G39/><T132/><D132/><U51/><E16/><V93/><F106/><W31/><G31/><T80/><D100/><U8/><E8/><V113/><F113/><AGARI ba="0,0" hai="1,2,3,40,44,51,97,98,99,113,114" m="49162" machi="113" ten="40,7700,0" yaku="19,1,52,2" doraHai="110" who="1" fromWho="2" sc="180,0,220,77,380,-77,220,0" /><INIT seed="1,1,0,4,5,56" ten="180,297,303,220" oya="1" hai0="132,122,18,24,17,129,130,62,100,88,75,79,67" hai1="102,93,103,37,6,59,5,39,2,1,61,27,110" hai2="135,46,107,3,10,116,9,127,66,63,133,47,65" hai3="33,30,26,73,80,123,114,119,58,121,53,96,104"/><U70/><E70/><V109/><F116/><W44/><G114/><T77/><D100/><U82/><E110/><V45/><F107/><W124/><G119/><T134/><D122/><U35/><E35/><V60/><F3/><W25/><G124/><T48/><D48/><U4/><E82/><V57/><F127/><W85/><G73/><T41/><D41/><U81/><E81/><V125/><F125/><W20/><G44/><T28/><D75/><U118/><E118/><V54/><F109/><W83/><G96/><T8/><D79/><U69/><E69/><N who="2" m="42151" /><F9/><W111/><G104/><T108/><D77/><U34/><E34/><V55/><F10/><W23/><G83/><T38/><D38/><U15/><E27/><V36/><F36/><W72/><G72/><T92/><D108/><U84/><E6/><V112/><F112/><W86/><G111/><T71/><D8/><U49/><E49/><V42/><F42/><W120/><G80/><T43/><D43/><U90/><E59/><V117/><F117/><W31/><REACH who="3" step="1"/><G33/><REACH who="3" ten="180,297,303,210" step="2"/><N who="0" m="20615" /><D134/><AGARI ba="1,1" hai="45,46,47,54,55,57,63,66,133,134,135" m="42151" machi="134" ten="30,8000,1" yaku="20,1,34,2,52,2" doraHai="56" who="2" fromWho="0" sc="180,-83,297,0,303,93,210,0" /><INIT seed="2,0,0,4,1,81" ten="97,297,396,210" oya="2" hai0="120,18,41,33,105,118,16,117,39,69,84,111,68" hai1="23,49,17,53,37,42,116,112,0,19,72,27,129" hai2="87,14,48,119,104,101,88,65,4,133,32,102,24" hai3="34,73,35,58,109,66,131,40,67,127,5,59,30"/><V115/><F119/><N who="0" m="45578" /><D111/><U132/><E116/><V134/><F115/><W43/><G109/><T96/><D33/><U6/><E112/><V60/><F48/><W123/><G123/><T9/><D9/><U47/><E72/><V93/><F4/><W98/><G73/><T106/><D106/><U71/><E71/><N who="0" m="27209" /><D96/><U125/><E132/><N who="2" m="50795" /><F104/><W13/><G98/><T52/><D105/><U95/><E125/><V121/><F121/><W46/><G127/><T8/><D8/><U7/><E129/><V28/><F14/><W79/><G131/><T78/><D41/><U55/><E0/><V50/><F50/><W94/><G13/><T122/><D39/><U91/><E19/><V113/><F113/><W51/><G5/><N who="1" m="1546" /><E37/><V57/><AGARI ba="0,0" hai="24,28,32,57,60,65,87,88,93,101,102" m="50795" machi="57" ten="30,6000,0" yaku="20,1,52,1,54,1" doraHai="81" who="2" fromWho="2" sc="97,-20,297,-20,396,60,210,-20" /><INIT seed="2,1,0,3,5,16" ten="77,277,456,190" oya="2" hai0="70,73,116,71,117,129,133,45,113,90,56,68,98" hai1="54,123,4,26,30,81,7,104,115,32,84,103,21" hai2="121,125,43,38,97,46,33,5,89,124,74,86,80" hai3="42,9,29,78,72,23,24,109,28,67,120,41,126"/><V47/><F33/><W34/><G120/><T19/><D113/><U59/><E115/><V132/><F121/><W82/><G126/><T118/><D73/><U58/><E123/><V134/><F74/><W107/><G109/><T48/><D129/><U100/><E104/><V65/><F65/><W25/><G107/><T105/><D56/><U108/><E108/><V95/><F5/><W27/><G27/><T11/><D133/><U77/><E100/><V55/><F55/><W131/><G131/><T49/><D105/><U51/><E103/><V3/><F47/><W85/><G72/><T44/><D98/><U75/><E32/><V87/><F87/><W79/><G79/><T53/><D90/><U57/><REACH who="1" step="1"/><E75/><REACH who="1" ten="77,267,456,190" step="2"/><V135/><REACH who="2" step="1"/><F3/><REACH who="2" ten="77,267,446,190" step="2"/><W50/><G34/><T101/><D116/><U94/><E94/><V119/><F119/><W18/><G82/><T37/><D117/><U36/><E36/><V14/><F14/><W76/><G85/><T0/><D37/><U93/><E93/><V64/><F64/><W106/><G67/><T12/><D118/><U60/><E60/><V17/><F17/><W110/><G18/><T91/><D19/><U88/><E88/><AGARI ba="1,2" hai="38,43,46,80,86,88,89,95,97,124,125,132,134,135" machi="88" ten="40,12000,1" yaku="1,1,20,1,54,1,53,1" doraHai="16" doraHaiUra="40" who="2" fromWho="1" sc="77,0,267,-123,446,143,190,0" /><INIT seed="2,2,0,5,0,10" ten="77,144,589,190" oya="2" hai0="25,33,87,37,100,77,24,22,108,130,96,75,60" hai1="14,76,135,93,64,107,72,103,27,127,80,51,129" hai2="114,68,91,12,55,66,99,0,104,125,43,40,15" hai3="44,69,49,109,126,17,46,121,78,70,119,83,123"/><V34/><F0/><W113/><G119/><T16/><D37/><U41/><E107/><V111/><F114/><W23/><G113/><T7/><D75/><U19/><E135/><V128/><F34/><W71/><G126/><T20/><D33/><U35/><E127/><V95/><F125/><W42/><G109/><T110/><D7/><U97/><E129/><V106/><F106/><W118/><G118/><T57/><D130/><U115/><E115/><V29/><F29/><W47/><G47/><T13/><D77/><U81/><E80/><V6/><F128/><W5/><G5/><T65/><D87/><U133/><E133/><V18/><F104/><W84/><REACH who="3" step="1"/><G46/><REACH who="3" ten="77,144,589,180" step="2"/><T112/><D112/><U54/><E72/><V63/><F111/><W1/><G1/><T8/><D108/><U53/><E35/><V116/><F116/><W89/><G89/><T117/><D117/><U105/><E76/><V85/><F6/><W132/><G132/><T62/><D110/><U38/><E103/><V73/><F73/><W90/><G90/><T45/><D45/><U39/><E39/><V122/><F122/><W30/><G30/><N who="0" m="17671" /><D100/><U79/><E38/><V124/><F124/><W131/><G131/><T58/><D96/><U98/><E97/><V31/><F31/><W74/><G74/><T28/><D65/><U92/><E64/><V67/><F67/><W134/><G134/><T36/><D36/><U102/><E98/><V86/><F55/><W11/><G11/><T48/><D58/><U94/><E79/><V56/><F56/><W52/><G52/><AGARI ba="2,1" hai="8,13,16,22,25,28,48,52,57,60,62" m="17671" machi="52" ten="30,7700,0" yaku="8,1,52,1,54,2" doraHai="10" who="0" fromWho="3" sc="77,93,144,0,589,0,180,-83" /><INIT seed="3,0,0,3,0,42" ten="170,144,589,97" oya="3" hai0="87,30,121,38,126,15,66,56,91,101,113,25,125" hai1="31,122,124,107,61,46,103,41,118,108,128,84,68" hai2="72,16,106,43,36,11,116,35,109,26,9,134,81" hai3="45,112,94,131,5,51,98,85,74,89,3,20,114"/><W23/><G74/><T67/><D121/><U127/><E122/><V7/><F106/><W40/><G131/><T79/><D38/><N who="1" m="21815" /><E128/><V34/><F109/><W27/><G23/><T130/><D130/><U60/><E108/><V86/><F134/><W77/><G5/><T33/><D113/><U8/><E118/><V53/><F72/><W95/><G3/><T6/><D79/><U63/><E68/><V12/><F116/><W19/><REACH who="3" step="1"/><G77/><REACH who="3" ten="170,144,589,87" step="2"/><T10/><D6/><U75/><E75/><V73/><F73/><W29/><G29/><T2/><D30/><U49/><E31/><V133/><F7/><W62/><G62/><T52/><D2/><U13/><E61/><V44/><F35/><W69/><G69/><T18/><D33/><U97/><E60/><V78/><F34/><W110/><G110/><T104/><D25/><U105/><E63/><V82/><F26/><W64/><G64/><T90/><D67/><U123/><E123/><V17/><F133/><W93/><G93/><T48/><D66/><U28/><E28/><V0/><F0/><W50/><G50/><T1/><D1/><U57/><E49/><V71/><F71/><W54/><G54/><T32/><D52/><U24/><E24/><V102/><F53/><W92/><G92/><T58/><D48/><U119/><E119/><V22/><F82/><W111/><G111/><T80/><D80/><U4/><E107/><V59/><F81/><W76/><G76/><T55/><D32/><U47/><E105/><V83/><F83/><W135/><G135/><T115/><D104/><U39/><E4/><RYUUKYOKU ba="0,1" sc="170,-10,144,-10,589,-10,87,30" hai3="19,20,27,40,45,51,85,89,94,95,98,112,114" /><INIT seed="3,1,1,0,1,123" ten="160,134,579,117" oya="3" hai0="30,6,107,0,37,51,64,128,120,9,22,7,44" hai1="24,131,92,105,114,73,122,104,127,102,47,50,28" hai2="3,76,16,60,124,87,90,56,52,54,40,34,89" hai3="29,59,125,130,48,106,12,95,10,108,15,116,39"/><W97/><G116/><T18/><D120/><U100/><E122/><V32/><F3/><W13/><G39/><T58/><D107/><U85/><E114/><V101/><F124/><W121/><G121/><T129/><D7/><U38/><E73/><V61/><F101/><N who="3" m="60607" /><G106/><T45/><D37/><U46/><E127/><V112/><F112/><W86/><G125/><T117/><D30/><U96/><E131/><N who="0" m="50249" /><D117/><U80/><E102/><V111/><F40/><W113/><G130/><T33/><D33/><U5/><E38/><V2/><F2/><W72/><G113/><T132/><D132/><U115/><E115/><V133/><F133/><W49/><G72/><T20/><D20/><U74/><E5/><V119/><F119/><W63/><G29/><T4/><D4/><U83/><E74/><V94/><F34/><W1/><G1/><T41/><D45/><U67/><E67/><V53/><F32/><W43/><G10/><T36/><D64/><U55/><E47/><V99/><F76/><W91/><G43/><T134/><D134/><U135/><E80/><V77/><F77/><W66/><G108/><T75/><D75/><U109/><E109/><V8/><F111/><W98/><G98/><T126/><D126/><U93/><E135/><V42/><F42/><W81/><AGARI ba="1,1" hai="12,13,15,48,49,59,63,66,81,86,91" m="60607" machi="81" ten="30,1500,0" yaku="8,1" doraHai="123" who="3" fromWho="3" sc="160,-6,134,-6,579,-6,117,28" /><INIT seed="3,2,0,1,4,37" ten="154,128,573,145" oya="3" hai0="98,34,27,78,61,109,127,10,130,38,87,24,97" hai1="94,128,50,54,63,88,120,104,71,36,21,91,43" hai2="131,62,45,68,134,122,89,79,85,100,46,112,135" hai3="80,40,16,70,48,17,28,67,11,33,60,81,83"/><W86/><G86/><T66/><D109/><U73/><E120/><V25/><F112/><W55/><G11/><T74/><D74/><U72/><E104/><V77/><F122/><W108/><G108/><T69/><D130/><U103/><E128/><V18/><F131/><W113/><G113/><T133/><D38/><U44/><E103/><V56/><F68/><W0/><G0/><T96/><D127/><U76/><E21/><V41/><F100/><W2/><G2/><T93/><D34/><U42/><E36/><V101/><F101/><W105/><G105/><T1/><D133/><U111/><E111/><V30/><F18/><W116/><G116/><T59/><D69/><U126/><E126/><V118/><F118/><W84/><G84/><T121/><D121/><U107/><E107/><V8/><F8/><W124/><G124/><T52/><D66/><U13/><E91/><V47/><F135/><W90/><G90/><N who="0" m="53471" /><D78/><U6/><E76/><V29/><F79/><W115/><G115/><T14/><D1/><U129/><E73/><V32/><F77/><W31/><G40/><N who="1" m="15402" /><E72/><V3/><F30/><W75/><G75/><T15/><D10/><N who="1" m="4311" /><E71/><V4/><F4/><W5/><G5/><T114/><D114/><U99/><E129/><V106/><F106/><W12/><G33/><T22/><D22/><U20/><E20/><V102/><F3/><W49/><G70/><T123/><D123/><U132/><E132/><V53/><F134/><W125/><G125/><T119/><D119/><U7/><E7/><V9/><F32/><W95/><G31/><T117/><D117/><RYUUKYOKU ba="2,0" sc="154,15,128,15,573,-15,145,-15" hai0="14,15,24,27,52,59,61,96,97,98" hai1="44,50,54,63,88,94,99" /><INIT seed="4,3,0,2,4,85" ten="169,143,558,130" oya="0" hai0="101,79,11,65,130,105,82,36,123,77,33,4,19" hai1="88,96,95,83,74,67,89,40,115,111,128,22,119" hai2="120,50,35,51,72,13,53,81,41,134,129,87,116" hai3="86,92,102,90,63,5,52,99,8,71,1,94,31"/><T49/><D123/><U39/><E111/><V34/><F72/><W20/><G71/><T9/><D36/><U66/><E119/><V24/><F120/><W100/><G100/><T91/><D33/><U93/><E128/><V56/><F129/><W73/><G73/><T18/><D130/><U0/><E0/><V3/><F3/><W103/><G103/><T62/><D101/><U122/><E122/><V78/><F134/><W68/><G68/><T131/><D105/><U30/><E115/><V80/><F116/><W42/><G42/><T28/><D28/><U124/><E124/><V37/><F37/><W117/><G117/><T98/><D131/><U58/><E39/><V43/><F13/><W14/><G1/><T12/><D49/><U55/><E74/><V133/><F133/><W16/><G5/><T84/><D98/><N who="1" m="57639" /><E83/><V127/><F127/><W64/><G64/><T135/><D135/><U109/><E40/><V38/><F38/><W76/><G76/><N who="0" m="29259" /><D11/><U70/><E70/><V27/><F34/><W6/><G6/><T97/><D97/><U21/><E109/><V118/><F118/><W15/><G15/><T10/><D9/><U23/><E30/><V107/><F107/><W108/><G108/><T59/><AGARI ba="3,0" hai="4,10,12,18,19,59,62,65,82,84,91" m="29259" machi="59" ten="30,3000,0" yaku="8,1,52,1" doraHai="85" who="0" fromWho="0" sc="169,39,143,-13,558,-13,130,-13" /><INIT seed="4,4,0,1,4,52" ten="208,130,545,117" oya="0" hai0="75,29,104,100,57,61,112,10,4,48,13,24,27" hai1="30,12,64,77,81,63,65,21,60,31,66,20,88" hai2="0,107,72,69,14,55,18,118,93,8,110,129,87" hai3="124,15,106,85,49,114,132,9,71,125,123,135,36"/><T16/><D112/><U68/><E66/><V56/><F107/><W89/><G36/><T97/><D75/><U127/><E127/><N who="3" m="48714" /><G71/><T115/><D115/><U98/><E12/><V128/><F72/><W17/><G114/><T84/><D48/><U99/><E77/><V35/><F35/><W80/><G106/><T1/><D84/><U82/><E68/><V105/><F0/><W130/><G130/><T23/><REACH who="0" step="1"/><D29/><REACH who="0" ten="198,130,545,117" step="2"/><U59/><E99/><V83/><F87/><W54/><G123/><T40/><D40/><U41/><E98/><V109/><F129/><W73/><G73/><T90/><D90/><U76/><E41/><V96/><F96/><W86/><G85/><T6/><D6/><U102/><E76/><V46/><F128/><W26/><G26/><T7/><D7/><U67/><E88/><V101/><F109/><W43/><G43/><T95/><D95/><U78/><E78/><V38/><F93/><W119/><G119/><T11/><D11/><U39/><E39/><V122/><F8/><W53/><G49/><T47/><D47/><U131/><E131/><V44/><F46/><W94/><G94/><T134/><D134/><AGARI ba="4,1" hai="9,15,17,53,54,80,86,89,132,134,135" m="48714" machi="134" ten="30,2000,0" yaku="20,1,18,1" doraHai="52" who="3" fromWho="0" sc="198,-32,130,0,545,0,117,42" /><INIT seed="5,0,0,2,1,19" ten="166,130,545,159" oya="1" hai0="6,118,33,85,123,34,96,126,30,1,38,113,39" hai1="131,15,94,81,124,7,9,68,89,101,0,16,86" hai2="62,120,110,23,71,107,36,98,56,100,135,11,26" hai3="77,103,54,117,84,67,83,18,42,55,57,125,76"/><U104/><E131/><V51/><F36/><W99/><G117/><T28/><D118/><U106/><E124/><V69/><F110/><W91/><G125/><T4/><D126/><U13/><E68/><V109/><F109/><W61/><G42/><T65/><D65/><U50/><E0/><V88/><F135/><W105/><G18/><T93/><D85/><U52/><E101/><V8/><F120/><W25/><G25/><T59/><D59/><U108/><E108/><V115/><F115/><W41/><G41/><T90/><D113/><U72/><E72/><V97/><F51/><W63/><REACH who="3" step="1"/><G54/><REACH who="3" ten="166,130,545,149" step="2"/><T121/><D121/><U53/><E53/><V44/><F69/><AGARI ba="0,1" hai="55,57,61,63,67,69,76,77,83,84,91,99,103,105" machi="69" ten="30,3900,0" yaku="1,1,2,1,7,1,53,0" doraHai="19" doraHaiUra="116" who="3" fromWho="2" sc="166,0,130,0,545,-39,149,49" /><INIT seed="6,0,0,3,1,77" ten="166,130,506,198" oya="2" hai0="6,28,13,73,30,35,129,70,51,7,48,57,59" hai1="89,122,106,79,12,5,135,27,44,34,68,9,82" hai2="63,96,24,105,4,120,110,111,67,60,113,1,42" hai3="94,2,95,69,61,31,109,78,71,8,126,22,130"/><V52/><F120/><W0/><G109/><T32/><D73/><U131/><E122/><V16/><F113/><W80/><G130/><T118/><D13/><U93/><E131/><V74/><F74/><W99/><G126/><T45/><D129/><U81/><E106/><V91/><F42/><W116/><G94/><T53/><D70/><U114/><E68/><V17/><F1/><W132/><G132/><T128/><D128/><U49/><E135/><V97/><F4/><W55/><G116/><T37/><D37/><U76/><E114/><V117/><F117/><W10/><G0/><T115/><D118/><U101/><E34/><V23/><F105/><W46/><G71/><T86/><D115/><U88/><E101/><V26/><F91/><N who="1" m="34889" /><E93/><V124/><F23/><W112/><G2/><T54/><D86/><U85/><E27/><V40/><F40/><W43/><G112/><T21/><D45/><U62/><E62/><V11/><F11/><W36/><G69/><T103/><D103/><U90/><E82/><V92/><F92/><W107/><G107/><T119/><D119/><U133/><E133/><V18/><F18/><W14/><G95/><T19/><D19/><U104/><E104/><V83/><F83/><W29/><G29/><T38/><D38/><U58/><E58/><V72/><F72/><N who="3" m="43079" /><G31/><T39/><REACH who="0" step="1"/><D39/><REACH who="0" ten="156,130,506,198" step="2"/><U33/><E33/><V15/><F15/><W121/><G121/><T75/><D75/><U50/><E50/><V66/><F124/><W25/><G14/><T102/><D102/><U56/><E56/><V134/><F134/><W41/><G36/><RYUUKYOKU ba="0,1" sc="156,10,130,10,506,10,198,-30" hai0="6,7,21,28,30,32,35,48,51,53,54,57,59" hai1="5,9,12,44,49,76,79,81,85,90" hai2="16,17,24,26,52,60,63,66,67,96,97,110,111" /><INIT seed="6,1,1,2,4,64" ten="166,140,516,168" oya="2" hai0="38,4,18,113,80,69,29,59,6,37,77,2,84" hai1="25,104,57,56,96,76,107,55,31,132,126,12,79" hai2="26,46,9,36,87,60,44,33,10,127,85,58,3" hai3="65,7,20,105,1,21,93,125,49,43,81,50,70"/><V53/><F127/><W51/><G105/><T13/><D113/><U115/><E126/><V63/><F33/><W45/><G125/><T128/><D2/><U24/><E115/><V95/><F26/><N who="1" m="10345" /><E132/><V5/><F36/><W118/><G118/><T117/><D117/><U52/><E107/><V16/><F60/><W72/><G93/><T88/><D38/><U73/><E104/><V11/><F11/><N who="3" m="2543" /><G65/><T42/><D37/><U103/><E73/><V66/><F53/><N who="1" m="20553" /><E31/><V40/><F40/><W112/><G70/><T27/><D69/><U61/><E96/><V102/><F87/><W90/><G112/><T116/><D42/><U35/><E35/><V100/><F85/><W30/><G30/><T111/><D116/><U123/><E123/><V99/><REACH who="2" step="1"/><F100/><REACH who="2" ten="166,140,506,168" step="2"/><W91/><G72/><T82/><D27/><U62/><E103/><V124/><F124/><W129/><G43/><T114/><D29/><U34/><E34/><V119/><F119/><W121/><G121/><T41/><D41/><U86/><E86/><V28/><F28/><W133/><G133/><T130/><D84/><U75/><E75/><V14/><AGARI ba="1,2" hai="3,5,9,10,14,16,44,46,58,63,66,95,99,102" machi="14" ten="30,11700,0" yaku="1,1,0,1,54,1,53,1" doraHai="64" doraHaiUra="92" who="2" fromWho="2" sc="166,-40,140,-40,506,140,168,-40" /><INIT seed="6,2,0,4,1,128" ten="126,100,646,128" oya="2" hai0="16,0,18,62,93,11,73,59,127,112,74,32,110" hai1="108,35,4,120,30,117,105,66,96,5,24,22,87" hai2="9,40,91,90,47,88,134,52,45,83,129,41,107" hai3="56,34,70,109,65,38,133,64,99,75,85,104,3"/><V94/><F107/><W53/><G75/><T130/><D110/><U26/><E108/><V12/><F129/><W131/><G109/><T125/><D32/><U63/><E117/><V60/><F83/><W50/><G131/><T95/><D130/><U84/><E120/><V7/><F134/><W39/><G3/><T81/><D112/><U14/><E14/><V69/><F69/><W126/><G85/><T92/><D0/><U68/><E87/><V29/><F29/><W135/><G34/><T49/><D49/><U6/><E84/><V123/><F123/><W100/><G126/><N who="0" m="48139" /><D81/><U82/><E82/><V122/><F122/><W124/><G124/><T43/><D43/><N who="2" m="16458" /><F94/><W101/><G101/><T113/><D113/><U76/><E76/><V51/><F60/><N who="3" m="40231" /><G64/><N who="0" m="39007" /><D11/><U121/><E121/><V36/><F36/><W57/><G57/><AGARI ba="2,0" hai="7,9,12,45,47,51,52,57,88,90,91" m="16458" machi="57" ten="30,5800,0" yaku="8,1,54,2" doraHai="128" who="2" fromWho="3" sc="126,0,100,0,646,64,128,-64" /><INIT seed="6,3,0,1,4,126" ten="126,100,710,64" oya="2" hai0="67,130,107,85,43,28,92,29,71,7,131,121,70" hai1="84,69,46,127,116,54,112,91,68,122,4,59,72" hai2="2,57,76,38,18,52,9,81,64,13,109,8,33" hai3="1,101,65,115,55,14,113,17,62,41,44,87,89"/><V133/><F38/><W114/><G1/><T24/><D121/><U19/><E116/><V93/><F33/><W77/><G101/><T132/><D107/><U51/><E72/><V134/><F64/><W23/><G77/><T90/><D132/><U103/><E127/><V6/><F109/><W119/><G119/><T124/><D124/><U31/><E112/><V104/><F93/><W11/><G55/><T128/><D67/><U26/><E122/><V100/><F100/><W5/><G23/><N who="0" m="15391" /><D29/><U102/><E4/><V106/><F134/><W73/><G73/><T21/><D7/><U36/><E69/><V58/><F58/><N who="3" m="37079" /><G5/><T34/><D34/><U75/><E68/><V53/><F53/><W0/><G0/><T94/><D21/><N who="1" m="15823" /><E36/><V42/><F42/><W78/><G78/><T49/><D92/><N who="1" m="54375" /><E75/><V108/><F108/><W63/><G63/><T120/><D120/><U61/><E19/><V56/><F56/><W123/><G123/><T98/><D98/><U40/><AGARI ba="3,0" hai="40,46,51,54,59,61,102,103" m="54375,15823" machi="40" ten="30,1100,0" yaku="8,1" doraHai="126" who="1" fromWho="1" sc="126,-6,100,20,710,-8,64,-6" /><INIT seed="7,0,0,0,0,88" ten="120,120,702,58" oya="3" hai0="47,116,0,50,46,94,83,114,64,38,95,48,22" hai1="117,42,1,53,80,20,12,125,131,4,132,9,98" hai2="40,34,37,126,110,111,102,24,61,52,23,77,90" hai3="11,87,105,28,13,112,14,106,36,63,135,62,18"/><W19/><G36/><T49/><D116/><U101/><E131/><V127/><F34/><W128/><G128/><T99/><D0/><U134/><E117/><V69/><F102/><W121/><G121/><T84/><D38/><U82/><E42/><V85/><F77/><W32/><G112/><T78/><D114/><U31/><E125/><N who="2" m="47627" /><F40/><W65/><G135/><N who="1" m="51754" /><E53/><V15/><F15/><W79/><G28/><T26/><D64/><U43/><E43/><V124/><F37/><W6/><G32/><T60/><D60/><U68/><E68/><V10/><F10/><W103/><G6/><T89/><D94/><N who="1" m="58583" /><E12/><V7/><F7/><W107/><G103/><T104/><D104/><U66/><E66/><N who="2" m="41167" /><F52/><W118/><G118/><T71/><D71/><U91/><E91/><V2/><F2/><W73/><G73/><T113/><D113/><U30/><E30/><AGARI ba="0,0" hai="22,26,30,46,47,48,49,50,78,83,84,89,95,99" machi="30" ten="40,2600,0" yaku="8,1,52,1" doraHai="88" who="0" fromWho="1" sc="120,26,120,-26,702,0,58,0" owari="146,-5.0,94,-31.0,702,80.0,58,-44.0" /></mjloggm>