<mjloggm ver="2.3"><GO type="169" lobby="0"/><UN n0="%63%68%69%61%6B%69%37" n1="%6E%61%6E%6E%61%6E%79%61" n2="%EF%BC%93%EF%BD%90%E3%81%8C%E3%83%84%E3%83%A2%E3%82%8C%E3%81%AA%E3%81%84" n3="%49%53%53%4F%4E%34" dan="16,16,17,16" rate="2132.30,2058.93,2231.90,2080.88" sx="M,M,M,M"/><TAIKYOKU oya="0"/><INIT seed="0,0,0,3,3,71" ten="250,250,250,250" oya="0" hai0="64,16,124,128,24,125,127,33,72,105,10,61,135" hai1="30,133,2,39,77,22,130,21,23,42,85,27,76" hai2="28,113,110,32,14,57,89,80,96,29,59,58,50" hai3="46,81,60,8,98,54,114,118,91,38,119,95,15"/><T40/><D72/><U120/><E2/><V67/><F113/><W37/><G114/><T111/><D105/><U86/><E120/><V68/><F110/><W0/><G0/><T31/><D111/><U34/><E133/><V90/><F32/><W36/><G81/><T106/><D106/><U12/><E130/><V45/><F68/><W129/><G129/><T102/><D128/><U93/><E12/><V73/><F67/><W79/><G79/><T53/><D135/><U122/><E122/><V48/><F48/><W65/><G46/><T84/><D102/><U126/><E126/><V99/><F14/><W5/><REACH who="3" step="1"/><G54/><REACH who="3" ten="250,250,250,240" step="2"/><T100/><D53/><U112/><E112/><V11/><F80/><W63/><G63/><T43/><D100/><U55/><E55/><V92/><F73/><W94/><G94/><T75/><D75/><U7/><E93/><V51/><F45/><W66/><G66/><T132/><D132/><U26/><E76/><V17/><F92/><W82/><G82/><T6/><D84/><U109/><E77/><V70/><F90/><W97/><G97/><T41/><D64/><U108/><E108/><V52/><F89/><W62/><G62/><T18/><D61/><U104/><E109/><V44/><F96/><W20/><G20/><T87/><D87/><U49/><E86/><V88/><F99/><W35/><G35/><T47/><D47/><U25/><E85/><V101/><F101/><W123/><G123/><T116/><D116/><U115/><E115/><V78/><F44/><W13/><G13/><AGARI ba="0,1" hai="6,10,13,16,18,24,31,33,40,41,43,124,125,127" machi="13" ten="50,4800,0" yaku="18,1,54,1" doraHai="71" who="0" fromWho="3" sc="250,58,250,0,250,0,240,-48" /><INIT seed="0,1,0,4,5,13" ten="308,250,250,192" oya="0" hai0="114,108,59,23,30,4,118,11,70,123,62,71,124" hai1="31,81,20,3,60,91,77,22,85,12,75,54,44" hai2="84,51,49,19,63,82,128,72,66,46,2,119,47" hai3="16,100,95,58,42,24,125,21,26,89,134,57,38"/><T9/><D114/><U5/><E3/><V127/><F72/><W109/><G100/><T93/><D118/><U113/><E113/><V56/><F2/><W67/><G109/><T50/><D123/><U129/><E129/><V117/><F128/><W52/><G38/><T88/><D108/><U73/><E31/><V29/><F127/><W131/><G125/><T122/><D122/><U96/><E96/><V126/><F126/><W83/><G131/><T64/><D124/><U86/><E5/><V15/><F29/><W37/><G37/><T18/><D30/><U98/><E98/><V14/><F14/><N who="3" m="9367" /><G134/><T68/><D4/><U107/><E107/><V8/><F46/><W87/><G42/><T41/><D41/><U1/><E22/><V10/><F8/><W121/><G121/><T112/><D50/><U97/><E97/><V25/><F25/><W94/><G58/><T55/><D64/><U17/><E1/><V133/><F133/><W28/><G67/><T132/><D112/><U111/><E111/><V76/><REACH who="2" step="1"/><F51/><REACH who="2" ten="308,250,240,192" step="2"/><N who="3" m="30879" /><G28/><T6/><D132/><U69/><E44/><V92/><F92/><AGARI ba="1,1" hai="24,26,83,87,89,92,94,95" m="30879,9367" machi="92" ten="30,7700,0" yaku="8,1,52,1,54,2" doraHai="13" who="3" fromWho="2" sc="308,0,250,0,240,-80,192,90" /><INIT seed="1,0,0,5,3,122" ten="308,250,160,282" oya="1" hai0="47,107,104,126,13,62,63,15,100,83,86,84,94" hai1="16,19,106,31,103,1,60,113,29,42,52,68,115" hai2="81,93,132,125,89,35,32,37,5,56,96,10,121" hai3="70,108,88,111,8,33,73,129,39,2,135,14,133"/><U36/><E1/><V124/><F121/><W21/><G73/><T40/><D126/><N who="2" m="48746" /><F132/><N who="3" m="50763" /><G70/><T134/><D134/><U114/><E36/><V82/><F37/><W91/><G39/><T71/><D71/><U0/><E0/><N who="2" m="295" /><F56/><W123/><G2/><T59/><D94/><U92/><E106/><V25/><F25/><W18/><G123/><T3/><D3/><U22/><E42/><V58/><F58/><W117/><G33/><AGARI ba="0,0" hai="32,33,35,81,82,89,93,96" m="295,48746" machi="33" ten="30,1000,0" yaku="18,1" doraHai="122" who="2" fromWho="3" sc="308,0,250,0,160,10,282,-10" /><INIT seed="2,0,0,1,2,60" ten="308,250,170,272" oya="2" hai0="6,30,68,1,107,51,121,31,42,112,96,71,85" hai1="35,25,5,89,118,81,133,49,65,52,77,53,72" hai2="39,2,122,95,69,28,64,43,74,114,108,97,63" hai3="56,126,100,19,20,102,73,14,40,132,98,15,23"/><V119/><F114/><W113/><G73/><T110/><D112/><U21/><E118/><V83/><F119/><W92/><G113/><T124/><D121/><U103/><E35/><V128/><F122/><W80/><G126/><T32/><D124/><U61/><E5/><V4/><F128/><W17/><G132/><T125/><D125/><U48/><E103/><V99/><F28/><W18/><G40/><T54/><D42/><U41/><E89/><V86/><F95/><W27/><G80/><T55/><D110/><U59/><E133/><V117/><F117/><W120/><G120/><T62/><D85/><U123/><E123/><V8/><F108/><W67/><G102/><T50/><D6/><U134/><E134/><V3/><F3/><W90/><G90/><T82/><D82/><U29/><REACH who="1" step="1"/><E49/><REACH who="1" ten="308,240,170,272" step="2"/><V88/><REACH who="2" step="1"/><F74/><REACH who="2" ten="308,240,160,272" step="2"/><W115/><G115/><T91/><D107/><U13/><E13/><V22/><F22/><W58/><G20/><T7/><D32/><U111/><E111/><V76/><F76/><W47/><G14/><T44/><D1/><U94/><E94/><V79/><F79/><W33/><G15/><T127/><D127/><U34/><E34/><V101/><F101/><W106/><G33/><T109/><D91/><U12/><E12/><V78/><F78/><W37/><G106/><T57/><D109/><U129/><E129/><V135/><F135/><W46/><G23/><T16/><D16/><U10/><E10/><V24/><F24/><W105/><G27/><T131/><D131/><U84/><E84/><V36/><F36/><W93/><G37/><RYUUKYOKU ba="0,2" sc="308,-15,240,15,160,15,272,-15" hai1="21,25,29,41,48,52,53,59,61,65,72,77,81" hai2="2,4,8,39,43,63,64,69,83,86,88,97,99" /><INIT seed="2,1,2,2,2,88" ten="293,255,175,257" oya="2" hai0="32,1,8,78,10,73,124,128,120,19,49,113,65" hai1="31,46,68,97,76,18,33,14,101,45,89,130,54" hai2="25,121,71,36,135,57,103,0,23,112,63,81,24" hai3="37,2,117,5,122,6,21,92,17,34,100,69,77"/><V9/><F112/><W41/><G34/><T94/><D113/><U123/><E68/><V102/><F121/><W12/><G69/><T61/><D32/><U90/><E123/><V108/><F36/><W55/><G122/><T106/><D120/><U74/><E130/><V75/><F71/><W59/><G117/><T58/><D106/><U42/><E54/><V93/><F135/><W38/><G77/><T114/><D114/><U43/><E31/><V67/><F108/><W127/><G127/><T56/><D124/><U35/><E76/><V111/><F111/><W28/><G28/><T96/><D128/><U119/><E74/><V53/><F75/><W87/><G41/><T70/><D1/><U109/><E119/><V118/><F118/><W44/><G44/><N who="1" m="17002" /><E35/><V30/><F81/><W133/><G133/><T110/><D110/><U72/><E72/><V29/><F53/><W15/><G2/><T107/><D107/><U86/><E33/><V104/><F104/><W125/><G125/><T47/><D73/><U39/><E39/><V84/><F9/><W82/><G38/><T40/><D78/><U129/><E129/><V62/><F62/><W115/><G37/><T22/><D58/><U80/><E101/><V116/><F0/><W126/><G126/><T11/><D70/><U48/><E48/><V26/><F116/><W95/><G100/><N who="2" m="38441" /><F29/><W131/><G131/><T16/><D22/><N who="1" m="11607" /><E109/><V3/><F3/><W79/><G115/><T13/><D13/><U64/><E64/><V66/><F66/><W51/><G15/><T7/><D7/><AGARI ba="1,2" hai="5,6,7,12,17,21,51,55,59,79,82,87,92,95" machi="7" ten="40,5200,0" yaku="8,1,52,2" doraHai="88" who="3" fromWho="0" sc="293,-55,255,0,175,0,257,75" /><INIT seed="3,0,0,4,4,86" ten="238,255,175,332" oya="3" hai0="79,133,63,118,98,134,95,22,114,66,16,6,9" hai1="34,65,76,101,47,45,59,20,64,35,129,61,60" hai2="109,48,21,87,111,78,116,120,53,5,77,84,49" hai3="108,121,14,96,115,51,18,58,37,46,30,93,104"/><W2/><G2/><T52/><D118/><U123/><E123/><V42/><F5/><W15/><G104/><T88/><D79/><U71/><E129/><V106/><F106/><W26/><G115/><T17/><D114/><U85/><E101/><V135/><F42/><W13/><G37/><T8/><D134/><U50/><E20/><V97/><F97/><W132/><G121/><T100/><D133/><U1/><E1/><V36/><F135/><W69/><G69/><T103/><D66/><U38/><E38/><V99/><F36/><W44/><G132/><T68/><D68/><U25/><E25/><V73/><F120/><W28/><G108/><T11/><D6/><U32/><E50/><V82/><F116/><W81/><G81/><T67/><D67/><U92/><REACH who="1" step="1"/><E76/><REACH who="1" ten="238,245,175,332" step="2"/><V57/><F21/><N who="3" m="13623" /><G58/><N who="0" m="35271" /><D17/><U90/><AGARI ba="0,1" hai="32,34,35,45,47,59,60,61,64,65,71,85,90,92" machi="90" ten="40,8000,1" yaku="1,1,0,1,52,1,53,1" doraHai="86" doraHaiUra="55" who="1" fromWho="1" sc="238,-20,245,90,175,-20,332,-40" /><INIT seed="4,0,0,5,5,128" ten="218,335,155,292" oya="0" hai0="3,29,46,75,123,10,14,85,38,61,98,105,92" hai1="12,34,115,91,66,94,130,13,49,84,71,58,102" hai2="81,25,113,96,132,86,117,23,69,111,45,116,134" hai3="109,133,129,107,83,0,2,108,106,17,101,28,89"/><T125/><D123/><U88/><E130/><V6/><F111/><W99/><G129/><T36/><D75/><U47/><E34/><V95/><F69/><W27/><G107/><T37/><D3/><U67/><E71/><V124/><F6/><W20/><G17/><T16/><D105/><U114/><E102/><N who="2" m="60703" /><F45/><W76/><G89/><T80/><D125/><U126/><E91/><N who="2" m="51663" /><F124/><W21/><G21/><T110/><D110/><U90/><E90/><V9/><F9/><W63/><G109/><T33/><D61/><N who="1" m="38199" /><E67/><V7/><F7/><W82/><G82/><T51/><D29/><U15/><E126/><V73/><F73/><N who="3" m="43407" /><G108/><T53/><D33/><U122/><E122/><V68/><F68/><W11/><G63/><T1/><D1/><U55/><E12/><V54/><F54/><W135/><G11/><T18/><D18/><U131/><E131/><V64/><F64/><W35/><G20/><T57/><D92/><U32/><E32/><V97/><F97/><W72/><G72/><T70/><D70/><U93/><E94/><V112/><F23/><W41/><G41/><T65/><D98/><U118/><E15/><V79/><F79/><W62/><G62/><T19/><D19/><U5/><E13/><V30/><F30/><W60/><G60/><T39/><N who="0" m="9216" /><DORA hai="127" /><T26/><D26/><U44/><E5/><V78/><F78/><W22/><G35/><T87/><D65/><U31/><E31/><V8/><F25/><W50/><G50/><T74/><D57/><U100/><E47/><V24/><F24/><W52/><G52/><T56/><D46/><RYUUKYOKU ba="0,0" sc="218,15,335,-15,155,-15,292,15" hai0="10,14,16,51,53,56,74,80,85,87" hai3="0,2,22,27,28,99,101,106,133,135" /><INIT seed="4,1,0,2,0,34" ten="233,320,140,307" oya="0" hai0="1,3,121,28,105,80,81,134,13,11,111,50,48" hai1="72,52,113,76,29,7,119,42,12,126,45,93,68" hai2="59,115,110,135,6,40,84,112,43,5,66,17,114" hai3="75,97,96,94,108,123,36,103,107,116,21,85,14"/><T100/><D121/><U20/><E119/><V87/><F110/><W118/><G36/><T25/><D111/><U86/><E68/><V44/><F17/><W38/><G38/><T64/><D134/><U0/><E72/><V102/><F102/><W63/><G63/><T98/><D64/><U74/><E74/><V35/><F35/><W131/><G75/><T10/><D10/><U129/><E0/><V4/><F135/><W57/><G57/><T9/><D9/><U67/><E67/><V30/><F30/><W32/><G32/><T16/><D50/><U90/><E76/><V104/><F104/><W31/><G108/><T128/><D128/><U133/><E129/><V60/><REACH who="2" step="1"/><F44/><REACH who="2" ten="233,320,130,307" step="2"/><W82/><G131/><T49/><D49/><U109/><E109/><V71/><F71/><W132/><G132/><T2/><REACH who="0" step="1"/><D48/><REACH who="0" ten="223,320,130,307" step="2"/><U65/><E133/><V54/><F54/><W79/><G118/><T130/><D130/><U83/><E52/><V117/><F117/><W15/><G116/><T37/><D37/><U23/><E65/><V99/><F99/><W78/><G123/><T69/><D69/><U41/><E41/><AGARI ba="1,2" hai="4,5,6,40,41,43,59,60,66,84,87,112,114,115" machi="41" ten="50,3200,0" yaku="1,1,15,1,53,0" doraHai="34" doraHaiUra="47" who="2" fromWho="1" sc="223,0,320,-35,130,55,307,0" /><INIT seed="5,0,0,4,2,107" ten="223,285,185,307" oya="1" hai0="119,22,134,113,37,47,43,122,6,16,2,19,125" hai1="90,46,133,128,95,129,111,72,44,33,81,0,74" hai2="34,4,78,36,32,65,60,121,40,30,26,135,18" hai3="59,97,53,91,50,76,84,7,15,99,114,62,8"/><U77/><E111/><V88/><F121/><W57/><G114/><T94/><D119/><U110/><E110/><V102/><F135/><W127/><G76/><T29/><D113/><U52/><E33/><V92/><F32/><W64/><REACH who="3" step="1"/><G127/><REACH who="3" ten="223,285,185,297" step="2"/><T56/><D125/><U105/><E133/><V3/><F78/><W13/><G13/><T120/><D134/><U58/><E0/><V131/><F3/><W48/><G48/><T5/><D2/><U98/><E129/><V93/><F131/><W100/><G100/><T49/><D122/><U71/><E128/><V112/><F112/><W35/><G35/><T70/><D120/><U45/><E105/><V20/><F102/><W67/><G67/><T124/><D49/><U11/><E71/><V68/><F34/><W106/><G106/><T108/><D70/><U116/><E116/><V63/><F65/><W28/><G28/><T123/><D29/><U25/><E25/><V75/><F68/><W69/><G69/><T96/><D124/><U41/><E41/><V85/><F30/><W80/><AGARI ba="0,1" hai="7,8,15,50,53,57,59,62,64,80,84,91,97,99" machi="80" ten="20,5200,0" yaku="1,1,0,1,7,1,8,1,53,0" doraHai="107" doraHaiUra="109" who="3" fromWho="3" sc="223,-13,285,-26,185,-13,297,62" /><INIT seed="6,0,0,4,5,87" ten="210,259,172,359" oya="2" hai0="105,79,33,114,66,22,131,124,53,57,15,40,104" hai1="2,42,100,9,85,47,125,8,113,39,23,77,84" hai2="90,106,11,91,49,64,13,10,127,24,21,97,129" hai3="122,51,20,71,123,3,59,81,65,121,43,116,83"/><V102/><F127/><W45/><G116/><T132/><D33/><U38/><E113/><V96/><F129/><W69/><G3/><T126/><D131/><U120/><E125/><N who="0" m="48233" /><D79/><U98/><E120/><V61/><F49/><W0/><G0/><T58/><D114/><U62/><E38/><V76/><F76/><W111/><G20/><T4/><D132/><U80/><E2/><V128/><F128/><W6/><G6/><T7/><D40/><U86/><E62/><V92/><F13/><W88/><G83/><T63/><D22/><U133/><E133/><V25/><F91/><W54/><G111/><T82/><D82/><U118/><E118/><V56/><REACH who="2" step="1"/><F25/><REACH who="2" ten="210,259,162,359" step="2"/><W75/><G88/><T1/><D15/><U103/><E77/><V134/><F134/><W34/><G123/><T18/><D1/><U44/><E80/><V16/><AGARI ba="0,1" hai="10,11,16,21,24,56,61,64,90,92,96,97,102,106" machi="16" ten="20,18000,2" yaku="1,1,0,1,7,1,52,1,54,1,53,1" doraHai="87" doraHaiUra="99" who="2" fromWho="2" sc="210,-60,259,-60,162,190,359,-60" /><INIT seed="6,1,0,4,3,84" ten="150,199,352,299" oya="2" hai0="60,100,107,131,125,70,103,135,23,72,120,124,5" hai1="86,104,71,122,35,17,66,97,94,64,106,113,78" hai2="29,81,25,117,77,87,12,18,50,52,15,20,34" hai3="24,65,134,69,130,118,33,42,56,10,8,114,79"/><V53/><F117/><W9/><G118/><T121/><D70/><U109/><E109/><V91/><F12/><W116/><G116/><T58/><D5/><U111/><E111/><V3/><F3/><W16/><G69/><T0/><D0/><U96/><E35/><V119/><F119/><W26/><G42/><T112/><D72/><U126/><E71/><V2/><F2/><W62/><G79/><T110/><D110/><U39/><E39/><V41/><REACH who="2" step="1"/><F77/><REACH who="2" ten="150,199,342,299" step="2"/><W108/><G108/><T90/><D135/><U45/><E78/><V57/><F57/><W63/><G134/><T55/><D131/><U98/><E122/><V36/><F36/><W73/><G130/><T92/><D121/><U95/><E106/><V38/><F38/><W85/><G56/><T46/><D120/><U49/><E104/><V89/><F89/><W80/><G73/><T99/><D107/><U43/><E113/><V132/><F132/><W127/><G114/><T75/><D112/><U21/><E126/><V27/><F27/><W68/><G127/><T31/><D75/><U22/><E22/><V83/><F83/><W40/><G26/><N who="0" m="16863" /><D125/><U44/><E95/><V74/><F74/><W7/><G68/><T6/><D124/><U129/><E129/><V4/><F4/><W105/><G7/><T59/><D6/><U13/><E44/><AGARI ba="1,1" hai="15,18,20,25,29,34,41,44,50,52,53,81,87,91" machi="44" ten="40,12000,1" yaku="1,1,52,1,54,1,53,2" doraHai="84" doraHaiUra="51" who="2" fromWho="1" sc="150,0,199,-123,342,133,299,0" /><INIT seed="6,2,0,0,3,49" ten="150,76,475,299" oya="2" hai0="125,130,5,117,64,82,31,113,100,30,129,99,39" hai1="48,12,112,63,58,23,2,7,26,77,46,124,66" hai2="108,88,8,107,105,25,27,101,71,45,118,32,51" hai3="62,84,20,24,68,28,95,54,131,70,6,9,115"/><V65/><F118/><W19/><G131/><N who="0" m="50187" /><D39/><U106/><E106/><V133/><F133/><W56/><G115/><T14/><D64/><U18/><E112/><V16/><F108/><W98/><G84/><T75/><D113/><U121/><E124/><V74/><F74/><W59/><G28/><T94/><D125/><U78/><E2/><V103/><F105/><W43/><G43/><T132/><D132/><U96/><E121/><V102/><F32/><W36/><G59/><T116/><D82/><U87/><E96/><V89/><F107/><W86/><G86/><T35/><D75/><U41/><E87/><V85/><F65/><W57/><G57/><T15/><D5/><U44/><E7/><V61/><F61/><W21/><G21/><T3/><D3/><U1/><E1/><V50/><F71/><W53/><G36/><T11/><D35/><U81/><E81/><N who="2" m="49199" /><F89/><N who="3" m="55663" /><G70/><T97/><D99/><U92/><E92/><V67/><F102/><W79/><G79/><T120/><D120/><U127/><E127/><V52/><F103/><W104/><G68/><T0/><D0/><U119/><E119/><N who="0" m="45641" /><D11/><U42/><REACH who="1" step="1"/><E12/><AGARI ba="2,0" hai="12,14,15,30,31,94,97,100" m="45641,50187" machi="12" ten="30,2000,0" yaku="19,1,12,1" doraHai="49" who="0" fromWho="1" sc="150,26,76,-26,475,0,299,0" /><INIT seed="7,0,0,3,5,64" ten="176,50,475,299" oya="3" hai0="120,50,130,122,3,80,86,16,37,22,32,2,110" hai1="26,93,123,6,34,52,56,23,127,17,111,12,20" hai2="55,97,57,38,54,4,68,100,49,135,46,89,129" hai3="30,40,63,134,59,90,116,75,36,107,87,124,47"/><W78/><G116/><T51/><D37/><U105/><E111/><V42/><F129/><W99/><G124/><T19/><D110/><U85/><E105/><V29/><F135/><W58/><G134/><T65/><D65/><U48/><E127/><V94/><F68/><W112/><G112/><T21/><D86/><U18/><E123/><V77/><F77/><W109/><G109/><T73/><D32/><U81/><E34/><V13/><F29/><W1/><G30/><T70/><D80/><U35/><E35/><V72/><F72/><W33/><G33/><T39/><D39/><U7/><REACH who="1" step="1"/><E81/><REACH who="1" ten="176,40,475,299" step="2"/><V76/><F76/><W74/><G78/><T41/><D130/><U83/><E83/><V117/><F117/><W131/><G131/><T67/><D67/><U91/><AGARI ba="0,1" hai="6,7,12,17,18,20,23,26,48,52,56,85,91,93" machi="91" ten="30,12000,2" yaku="1,1,0,1,25,2,8,1,54,1,53,0" doraHai="64" doraHaiUra="104" who="1" fromWho="1" sc="176,-30,40,130,475,-30,299,-60" owari="146,-35.0,170,-23.0,445,54.0,239,4.0" /></mjloggm>