<mjloggm ver="2.3"><GO type="169" lobby="0"/><UN n0="%28%2A%C2%B4%33%EF%BD%80%2A%29" n1="%49%68%63%63%6F%74" n2="%E3%82%86%E3%81%BF%E2%98%86%E3%83%9F" n3="%E3%83%AD%E3%83%83%E3%83%86%E9%9B%80%EF%BC%84%E6%94%B9" dan="16,16,16,16" rate="2116.87,2098.12,2097.97,2152.16" sx="F,M,F,M"/><TAIKYOKU oya="0"/><INIT seed="0,0,0,5,1,116" ten="250,250,250,250" oya="0" hai0="45,80,114,108,16,104,96,79,121,94,98,67,62" hai1="31,123,28,8,22,46,74,71,52,127,89,19,5" hai2="37,49,88,90,115,95,11,106,87,132,20,40,111" hai3="72,78,102,26,24,33,53,39,54,44,48,135,117"/><T15/><D114/><U131/><E71/><V25/><F115/><W64/><G117/><T133/><D133/><U50/><E74/><V99/><F37/><W12/><G135/><T51/><D108/><U58/><E123/><V97/><F111/><W7/><G102/><T27/><D104/><U125/><E131/><V42/><F132/><W112/><G112/><T17/><D121/><U3/><E89/><V76/><F11/><W86/><G72/><T129/><D129/><U109/><E109/><V2/><F2/><W41/><G64/><T85/><D27/><N who="3" m="10281" /><G39/><T120/><D120/><U47/><E47/><V0/><F0/><W61/><G33/><T38/><D38/><U119/><E119/><V66/><F66/><W126/><G126/><N who="1" m="48138" /><E58/><V35/><F35/><W77/><G61/><T70/><D15/><AGARI ba="0,0" hai="3,5,8,15,19,22,28,31,46,50,52" m="48138" machi="15" ten="30,2000,0" yaku="18,1,54,1" doraHai="116" who="1" fromWho="0" sc="250,-20,250,20,250,0,250,0" /><INIT seed="1,0,0,3,2,66" ten="230,270,250,250" oya="1" hai0="50,86,6,112,93,39,57,101,38,70,107,33,26" hai1="100,85,55,23,78,118,91,37,131,133,49,8,43" hai2="31,106,27,45,62,40,76,127,48,35,56,115,75" hai3="97,120,109,123,67,36,90,15,117,72,68,88,46"/><U135/><E118/><V41/><F127/><W79/><G109/><T20/><D112/><U47/><E131/><V65/><F115/><W124/><G124/><T1/><D33/><U16/><E100/><V95/><F106/><W58/><G117/><T134/><D134/><N who="1" m="51211" /><E78/><V13/><F13/><W99/><G58/><T129/><D107/><U7/><E8/><V32/><F95/><W132/><G132/><T110/><D110/><U54/><E7/><V114/><F114/><W128/><G128/><T25/><D129/><U29/><E29/><V77/><F35/><W51/><G36/><T125/><D26/><N who="1" m="14695" /><E37/><V9/><F9/><W11/><G79/><T111/><D6/><U113/><E113/><V4/><F4/><W22/><G11/><T21/><D1/><U130/><E130/><V105/><F105/><W2/><G2/><T0/><D20/><U96/><E96/><V103/><F103/><W30/><G99/><T89/><D0/><U24/><E24/><V52/><F76/><W73/><G97/><T5/><D101/><U34/><E34/><V92/><F92/><AGARI ba="0,0" hai="43,47,49,54,55,85,91,92" m="14695,51211" machi="92" ten="30,2900,0" yaku="20,1,54,1" doraHai="66" who="1" fromWho="2" sc="230,0,270,29,250,-29,250,0" /><INIT seed="1,1,0,1,0,41" ten="230,299,221,250" oya="1" hai0="120,63,24,40,129,23,11,58,104,135,80,87,85" hai1="90,20,5,54,86,51,52,75,94,57,78,1,96" hai2="42,131,21,3,121,111,112,14,48,128,72,97,25" hai3="37,33,32,100,115,31,81,36,30,83,12,108,103"/><U35/><E35/><V47/><F72/><W66/><G66/><T4/><D104/><U101/><E1/><V88/><F121/><W44/><G12/><T106/><D106/><U15/><E75/><V45/><F3/><W61/><G61/><T55/><D120/><U89/><E54/><V117/><F117/><W56/><G56/><T65/><D135/><U62/><E62/><V16/><F111/><W125/><G125/><T22/><D129/><N who="2" m="49738" /><F112/><W93/><G93/><T123/><D123/><U7/><E78/><V46/><F25/><W82/><G82/><T29/><D40/><U73/><E73/><V27/><F27/><W50/><G50/><T9/><D87/><U0/><E0/><V74/><F74/><W77/><G77/><T39/><D39/><U132/><E132/><V49/><F42/><W119/><G108/><T17/><D65/><U19/><E90/><V53/><F49/><W38/><G38/><T122/><D4/><U67/><REACH who="1" step="1"/><E67/><REACH who="1" ten="230,289,221,250" step="2"/><V28/><F28/><W118/><G115/><T69/><D122/><U71/><E71/><V10/><F10/><W109/><G109/><T64/><D64/><U76/><E76/><V43/><F43/><W95/><G119/><T110/><D69/><U127/><E127/><V102/><F88/><W8/><G118/><T70/><D70/><U124/><E124/><V134/><F134/><W59/><G33/><T26/><D110/><U114/><E114/><V113/><F113/><W98/><G32/><T34/><D34/><U130/><E130/><V126/><F126/><W99/><G103/><T18/><D29/><RYUUKYOKU ba="1,1" sc="230,10,289,10,221,10,250,-30" hai0="9,11,17,18,22,23,24,26,55,58,63,80,85" hai1="5,7,15,19,20,51,52,57,86,89,94,96,101" hai2="14,16,21,45,46,47,48,53,97,102" /><INIT seed="1,2,1,3,1,111" ten="240,299,231,220" oya="1" hai0="72,86,3,87,59,48,132,17,102,50,116,104,32" hai1="80,9,99,126,6,94,74,133,69,135,108,67,12" hai2="52,115,38,54,61,90,13,124,83,76,82,57,73" hai3="66,58,123,2,19,79,20,91,30,33,42,125,98"/><U71/><E126/><V53/><F124/><W113/><G123/><T24/><D72/><U97/><E108/><V106/><F106/><W84/><G125/><T23/><D3/><U95/><E67/><V7/><F38/><W92/><G2/><T70/><D70/><U44/><E44/><V56/><F56/><W93/><G42/><T96/><D116/><U22/><E22/><V60/><F60/><W41/><G41/><T10/><D132/><N who="1" m="50763" /><E95/><V25/><F25/><W65/><G30/><T39/><D39/><U43/><E43/><V68/><F68/><N who="1" m="26185" /><E94/><V55/><F83/><W37/><G92/><T28/><D10/><U15/><E15/><V105/><F105/><W4/><G93/><T8/><D8/><U121/><E121/><V45/><F45/><W0/><G66/><T101/><D101/><U46/><E46/><V35/><F35/><W47/><G33/><T110/><D110/><U117/><E117/><V134/><F134/><W100/><G65/><T11/><D11/><U78/><AGARI ba="2,1" hai="6,9,12,74,78,80,97,99" m="26185,50763" machi="78" ten="40,2100,0" yaku="20,1" doraHai="111" who="1" fromWho="1" sc="240,-9,299,37,231,-9,220,-9" /><INIT seed="1,3,0,4,1,63" ten="231,336,222,211" oya="1" hai0="130,78,125,124,101,28,5,51,88,86,134,80,79" hai1="6,41,75,98,57,107,11,48,70,26,15,31,90" hai2="127,56,66,131,76,12,36,111,135,106,9,115,32" hai3="30,119,58,52,118,43,117,59,104,83,65,13,22"/><U55/><E70/><V68/><RYUUKYOKU type="yao9" ba="3,0" sc="231,0,336,0,222,0,211,0" hai2="9,12,32,36,56,66,68,76,106,111,115,127,131,135" /><INIT seed="1,4,0,1,4,0" ten="231,336,222,211" oya="1" hai0="27,135,84,41,6,123,64,17,54,61,15,76,124" hai1="40,129,81,21,69,131,11,44,53,82,14,29,49" hai2="73,119,127,51,120,117,23,39,92,33,38,52,111" hai3="34,30,89,47,13,19,16,103,31,70,75,107,87"/><U72/><E69/><V121/><F73/><W26/><G75/><T55/><D123/><N who="2" m="47178" /><F92/><W50/><G70/><T109/><D109/><U99/><E99/><V122/><F23/><W56/><G31/><T24/><D41/><U67/><E67/><V18/><F18/><W95/><G56/><T134/><D124/><U48/><E72/><V68/><F33/><W59/><G59/><T42/><D42/><U83/><E21/><V132/><F68/><W115/><G115/><T36/><D36/><N who="2" m="13866" /><F122/><W102/><G107/><T32/><D32/><U78/><E29/><V7/><F7/><W126/><G126/><T97/><D97/><U63/><E63/><V86/><F86/><W12/><G12/><T57/><D84/><N who="1" m="48183" /><E131/><V113/><F127/><W22/><REACH who="3" step="1"/><G19/><REACH who="3" ten="231,336,222,201" step="2"/><T71/><D17/><N who="1" m="8415" /><E129/><V130/><F130/><W100/><G100/><T46/><D15/><U60/><E60/><V20/><F113/><W3/><G3/><T28/><D71/><U77/><E77/><V35/><F111/><W101/><G101/><T74/><D76/><U37/><E37/><V90/><F90/><W110/><G110/><T98/><D74/><U4/><E4/><V128/><F128/><W58/><G58/><AGARI ba="4,1" hai="40,44,48,49,53,58,82,83" m="8415,48183" machi="58" ten="30,1500,0" yaku="8,1" doraHai="0" who="1" fromWho="3" sc="231,0,336,37,222,0,201,-27" /><INIT seed="1,5,0,1,0,23" ten="231,373,222,174" oya="1" hai0="37,127,33,13,100,115,44,45,77,21,68,30,118" hai1="3,111,11,94,85,134,50,95,19,25,116,106,9" hai2="14,56,91,18,99,58,2,41,83,51,36,0,10" hai3="61,123,54,1,79,5,67,125,96,49,38,40,124"/><U22/><E106/><V92/><F36/><W62/><G79/><T35/><D118/><U52/><E116/><V20/><F0/><W17/><G1/><T109/><D68/><U78/><E134/><V63/><F83/><W57/><G5/><T12/><D115/><U107/><E107/><V110/><F110/><W7/><G7/><T132/><D77/><U47/><E111/><V108/><F108/><W113/><G96/><T82/><D82/><N who="1" m="47319" /><E3/><V128/><F128/><W88/><G17/><T26/><D100/><U135/><E135/><V32/><F32/><W80/><G113/><T87/><D87/><U29/><E29/><V16/><F2/><W66/><G88/><T70/><D70/><U97/><E95/><V43/><F51/><W103/><G103/><AGARI ba="5,0" hai="9,11,19,22,25,47,50,52,94,97,103" m="47319" machi="103" ten="30,5800,0" yaku="8,1,52,1,54,1" doraHai="23" who="1" fromWho="3" sc="231,0,373,73,222,0,174,-73" /><INIT seed="1,6,0,4,1,106" ten="231,446,222,101" oya="1" hai0="74,48,113,1,100,119,102,3,127,39,30,77,17" hai1="36,103,134,11,107,2,111,40,92,26,115,131,8" hai2="71,94,120,97,75,72,14,23,57,88,68,73,101" hai3="31,112,19,62,126,124,85,6,28,44,118,132,38"/><U12/><E107/><V135/><F120/><W7/><G112/><T22/><D113/><U110/><E115/><V83/><F135/><W21/><G132/><T9/><D39/><U61/><E134/><V35/><F35/><W122/><G122/><T84/><D30/><N who="3" m="11305" /><G62/><T86/><D119/><U91/><E103/><V64/><F14/><W29/><N who="3" m="11313" /><W24/><DORA hai="58" /><G85/><T13/><D127/><N who="3" m="48681" /><G44/><T69/><D69/><U15/><E2/><V25/><F57/><W66/><G38/><T37/><D37/><U108/><E26/><V125/><F125/><W89/><G89/><T133/><D133/><U43/><E131/><V65/><F71/><W27/><G66/><T93/><D86/><N who="1" m="52343" /><E61/><V33/><F33/><W128/><G128/><T49/><D48/><U130/><E130/><V51/><F51/><W105/><G105/><T99/><D49/><U114/><E114/><V80/><F101/><W42/><G42/><N who="1" m="15914" /><E36/><V78/><F68/><W45/><G45/><T117/><D102/><U121/><E121/><V32/><F32/><W50/><G50/><T109/><D100/><U34/><E34/><V116/><F116/><W90/><G90/><T4/><D117/><U47/><E47/><V123/><F123/><W56/><G118/><T79/><D84/><U18/><E15/><V55/><F55/><W104/><G104/><T82/><D13/><U98/><E8/><V5/><F65/><W59/><G27/><T16/><D3/><U95/><E95/><V63/><F25/><W53/><G53/><T76/><D93/><U10/><E10/><V0/><F94/><RYUUKYOKU ba="6,0" sc="231,-15,446,15,222,-15,101,15" hai1="11,12,18,98,108,110,111" hai3="6,7,19,21,24,56,59" /><INIT seed="1,7,0,1,3,71" ten="216,461,207,116" oya="1" hai0="59,36,75,19,125,100,83,89,30,119,52,8,87" hai1="111,48,35,107,86,98,54,84,105,29,34,99,1" hai2="9,128,65,63,6,64,74,51,24,116,56,66,22" hai3="102,70,21,61,109,122,11,25,37,94,27,38,49"/><U40/><E1/><V92/><F74/><W108/><G122/><T69/><D69/><U126/><E40/><V135/><F116/><W113/><G113/><T4/><D119/><U117/><E117/><V43/><F135/><W101/><G11/><T7/><D36/><N who="3" m="13929" /><G49/><N who="0" m="31119" /><D125/><U20/><E126/><V81/><F81/><W50/><G50/><T112/><D112/><U129/><E129/><V60/><F128/><W42/><G42/><T80/><D75/><U16/><E111/><N who="3" m="42570" /><G94/><N who="0" m="54591" /><D100/><N who="3" m="38505" /><G21/><T17/><D30/><U47/><E107/><V15/><F92/><W104/><G104/><T78/><D8/><U45/><E105/><V18/><F43/><W134/><G134/><T118/><D118/><U26/><E35/><V110/><F110/><W130/><G130/><T85/><D83/><U13/><E47/><V106/><F106/><W115/><G115/><T121/><D121/><U23/><E34/><V14/><F14/><W133/><G133/><T91/><D78/><U103/><E103/><V39/><F39/><W124/><G124/><T127/><D127/><U77/><E77/><V72/><F72/><W5/><G5/><AGARI ba="7,0" hai="4,5,7,17,19,80,85,91" m="54591,31119" machi="5" ten="30,2000,0" yaku="8,1,54,1" doraHai="71" who="0" fromWho="3" sc="216,41,461,0,207,0,116,-41" /><INIT seed="2,0,0,0,1,86" ten="257,461,207,75" oya="2" hai0="45,118,127,68,123,42,126,54,109,71,31,40,73" hai1="16,88,34,67,48,104,6,18,79,29,10,27,93" hai2="25,64,2,114,100,117,3,89,94,44,50,5,103" hai3="33,132,9,116,135,83,120,128,81,58,0,49,13"/><V124/><F117/><W11/><G116/><T98/><D73/><U26/><E104/><V84/><F114/><W129/><G120/><T82/><D118/><U63/><E79/><V60/><F124/><N who="0" m="47658" /><D31/><U70/><E48/><V36/><F36/><W111/><G58/><T41/><D123/><U1/><E27/><V38/><F38/><W51/><G13/><T113/><D82/><N who="3" m="31241" /><G33/><T65/><D98/><AGARI ba="0,0" hai="1,6,10,16,18,26,29,34,63,67,70,88,93,98" machi="98" ten="30,7700,0" yaku="7,1,52,1,54,2" doraHai="86" who="1" fromWho="0" sc="257,-77,461,77,207,0,75,0" /><INIT seed="3,0,0,0,1,26" ten="180,538,207,75" oya="3" hai0="107,1,70,7,135,80,29,125,84,73,62,114,69" hai1="115,49,3,77,46,11,65,41,128,81,118,132,122" hai2="21,34,121,108,133,20,68,119,19,130,31,5,63" hai3="95,112,96,101,32,50,37,17,30,76,47,60,23"/><W13/><G112/><T87/><D107/><U100/><E115/><V90/><F119/><W88/><G37/><T129/><D114/><U91/><E118/><V56/><F121/><W42/><G76/><T55/><D73/><U25/><E122/><V39/><F39/><W123/><G123/><T105/><D105/><U16/><E128/><V67/><F130/><W35/><G30/><T24/><D125/><U99/><E132/><V85/><F133/><W57/><REACH who="3" step="1"/><G101/><REACH who="3" ten="180,538,207,65" step="2"/><T54/><D135/><U10/><E91/><V92/><F34/><W12/><G12/><T86/><D129/><U0/><E3/><V79/><F79/><W103/><G103/><T97/><D1/><U98/><E0/><V59/><F31/><W78/><G78/><T4/><D29/><U27/><E100/><V127/><F127/><W22/><G22/><T113/><D113/><U93/><E10/><V75/><F21/><W15/><G15/><T111/><D111/><U53/><E27/><V82/><F108/><W36/><G36/><T48/><D24/><U8/><E25/><V40/><F5/><W94/><G94/><T89/><D4/><U14/><E8/><V43/><F92/><W44/><G44/><T18/><D7/><U126/><E93/><V33/><F33/><W106/><G106/><T131/><D89/><U104/><E104/><V66/><F75/><W52/><AGARI ba="0,1" hai="13,17,23,32,35,42,47,50,52,57,60,88,95,96" machi="52" ten="20,12000,1" yaku="1,1,0,1,7,1,54,2,53,0" doraHai="26" doraHaiUra="120" who="3" fromWho="3" sc="180,-40,538,-40,207,-40,65,130" /><INIT seed="3,1,0,5,5,4" ten="140,498,167,195" oya="3" hai0="117,24,76,63,34,51,100,0,89,59,107,77,68" hai1="69,115,81,124,101,29,10,110,55,27,73,85,58" hai2="105,125,13,66,114,119,40,12,17,127,71,120,6" hai3="35,98,32,45,118,93,19,94,53,30,7,41,60"/><W74/><G118/><T91/><D117/><U102/><E73/><V103/><F119/><W135/><G135/><T38/><D0/><U57/><E69/><V31/><F40/><W129/><G129/><T64/><D38/><U70/><E70/><V25/><F114/><W47/><G74/><T95/><D89/><U67/><E115/><V128/><F128/><W50/><G30/><T109/><D109/><U126/><E110/><V87/><F87/><W22/><G7/><T104/><D104/><U92/><E67/><V21/><F6/><W96/><G96/><T1/><D1/><U54/><E58/><V88/><F88/><W97/><G97/><T39/><D39/><U113/><E113/><V14/><F103/><W90/><G94/><T11/><D11/><U99/><E101/><V78/><F78/><W82/><G82/><T37/><D37/><U72/><E72/><V33/><F105/><W62/><G62/><T16/><D16/><U8/><E55/><V79/><F79/><W83/><G83/><T80/><D100/><U20/><E124/><N who="2" m="47691" /><F66/><W106/><G106/><T112/><D107/><U46/><E46/><V23/><F71/><W56/><REACH who="3" step="1"/><G47/><REACH who="3" ten="140,498,167,185" step="2"/><T133/><D112/><U116/><E126/><V9/><F120/><W61/><G61/><T75/><D133/><U26/><E116/><V18/><F33/><W52/><G52/><N who="0" m="32159" /><D80/><U44/><E44/><V111/><F111/><W43/><G43/><T49/><D75/><U122/><E81/><V65/><F65/><W86/><G86/><N who="0" m="52727" /><D63/><N who="1" m="36279" /><E85/><V2/><F2/><W84/><G84/><T3/><D64/><RYUUKYOKU ba="1,1" sc="140,-15,498,-15,167,15,185,15" hai2="9,12,13,14,17,18,21,23,25,31" hai3="19,22,32,35,41,45,50,53,56,60,90,93,98" /><INIT seed="3,2,1,1,0,121" ten="125,483,182,200" oya="3" hai0="73,115,75,80,5,55,16,98,135,120,33,89,12" hai1="68,60,130,72,82,66,49,67,83,74,43,107,77" hai2="29,0,2,15,111,36,129,106,119,102,40,30,88" hai3="58,6,132,25,127,103,63,56,118,131,124,18,113"/><W86/><G118/><T96/><D120/><U23/><E107/><V95/><F119/><W69/><G113/><T85/><D33/><U28/><E130/><V65/><F129/><W50/><G131/><T62/><D5/><U46/><E67/><V112/><F112/><W104/><G132/><T59/><D135/><U126/><E126/><N who="3" m="48170" /><G6/><T32/><D32/><U52/><E28/><V61/><F0/><W100/><G104/><T10/><REACH who="0" step="1"/><D115/><REACH who="0" ten="115,483,182,200" step="2"/><U84/><E23/><V45/><F2/><W125/><G125/><T42/><D42/><U41/><E74/><AGARI ba="2,2" hai="10,12,16,55,59,62,73,74,75,80,85,89,96,98" machi="74" ten="40,2600,0" yaku="1,1,54,1,53,0" doraHai="121" doraHaiUra="20" who="0" fromWho="1" sc="115,52,483,-32,182,0,200,0" /><INIT seed="4,0,0,4,4,69" ten="167,451,182,200" oya="0" hai0="134,100,5,84,6,49,97,27,33,92,68,96,4" hai1="128,90,79,8,127,35,74,119,17,130,133,43,80" hai2="30,72,111,82,63,112,131,83,71,53,32,15,38" hai3="19,61,76,20,7,118,13,10,101,22,58,106,87"/><T0/><D68/><U132/><E35/><V121/><F121/><W34/><G34/><T40/><D134/><N who="1" m="51819" /><E119/><V103/><F111/><W66/><G118/><T102/><D84/><U78/><E43/><V114/><F15/><W52/><G106/><T64/><D64/><U60/><E60/><V115/><F131/><N who="1" m="50217" /><E90/><V95/><F72/><W62/><G101/><T70/><D70/><U117/><E117/><V31/><F71/><W1/><G22/><T51/><D0/><U75/><E8/><V73/><F73/><N who="1" m="27657" /><E17/><V18/><F63/><W29/><G29/><T46/><D33/><U124/><E80/><V2/><F18/><W93/><G61/><T109/><D109/><U56/><E56/><V50/><F31/><W120/><G62/><T107/><REACH who="0" step="1"/><D27/><REACH who="0" ten="157,451,182,200" step="2"/><U110/><E110/><V44/><F2/><W14/><G1/><T48/><AGARI ba="0,1" hai="4,5,6,40,46,48,49,51,92,96,97,100,102,107" machi="48" ten="30,11700,0" yaku="1,1,2,1,0,1,53,1" doraHai="69" doraHaiUra="89" who="0" fromWho="0" sc="157,127,451,-39,182,-39,200,-39" /><INIT seed="4,1,0,5,4,134" ten="284,412,143,161" oya="0" hai0="86,30,112,53,50,128,97,77,68,6,92,127,18" hai1="42,101,122,48,47,74,64,73,106,98,80,23,130" hai2="62,85,67,109,35,117,56,82,60,10,126,78,125" hai3="114,12,76,115,43,55,2,41,20,44,29,52,107"/><T94/><D68/><U37/><E122/><V105/><F35/><W8/><G107/><T26/><D6/><U118/><E118/><V22/><F109/><W71/><G71/><T129/><D112/><N who="3" m="43049" /><G76/><T57/><D18/><U45/><E130/><V32/><F105/><W70/><G70/><T31/><D94/><U75/><E64/><V24/><F32/><W40/><G44/><T28/><D86/><U38/><E23/><V7/><F62/><W135/><G135/><T19/><D77/><U100/><E100/><V3/><REACH who="2" step="1"/><F117/><REACH who="2" ten="284,412,133,161" step="2"/><W5/><G12/><T124/><D26/><AGARI ba="1,1" hai="2,5,8,20,26,29,40,41,43,52,55" m="43049" machi="26" ten="30,2000,0" yaku="15,1,54,1" doraHai="134" who="3" fromWho="0" sc="284,-23,412,0,133,0,161,33" /><INIT seed="5,0,0,4,1,79" ten="261,412,133,194" oya="1" hai0="36,87,66,22,13,56,50,14,105,92,106,47,19" hai1="29,35,61,128,121,112,70,55,91,103,133,46,26" hai2="25,20,52,118,94,108,86,30,4,135,116,48,24" hai3="74,31,34,134,65,130,59,11,0,68,115,75,32"/><U18/><E121/><V107/><F108/><W129/><G59/><T104/><D36/><U119/><E119/><V90/><F107/><W72/><G115/><T83/><D92/><U127/><E112/><V12/><F135/><W15/><G134/><T6/><D66/><U101/><E133/><V49/><F49/><W82/><G31/><T100/><D56/><U10/><E128/><N who="3" m="49258" /><G0/><T111/><D111/><U120/><E120/><V43/><F43/><W96/><G96/><T124/><D124/><U38/><E127/><V88/><F90/><W44/><G44/><T71/><D71/><U33/><E33/><V99/><F25/><W102/><G102/><T45/><D45/><U41/><E91/><V98/><F118/><W122/><G122/><T23/><D100/><U132/><E132/><V69/><F69/><W125/><G125/><T21/><D6/><U53/><E53/><V95/><F116/><W80/><G65/><T89/><REACH who="0" step="1"/><D14/><REACH who="0" ten="251,412,133,194" step="2"/><N who="1" m="7511" /><E70/><V17/><F95/><W7/><G68/><T85/><D85/><U123/><E123/><V64/><F64/><W28/><G74/><T3/><D3/><U40/><E38/><V51/><F4/><W8/><G75/><T57/><D57/><N who="1" m="35007" /><E46/><N who="2" m="27671" /><F51/><W67/><G72/><T37/><D37/><U131/><E131/><V76/><F76/><W62/><G7/><T110/><D110/><U93/><E93/><V2/><F2/><W73/><G73/><T78/><D78/><U39/><E39/><V9/><AGARI ba="0,1" hai="9,12,17,20,24,30,86,88,94,98,99" m="27671" machi="9" ten="30,4000,0" yaku="8,1,54,2" doraHai="79" who="2" fromWho="2" sc="251,-10,412,-20,133,50,194,-10" /><INIT seed="6,0,0,1,2,123" ten="241,392,183,184" oya="2" hai0="57,83,99,18,87,47,5,98,33,109,86,90,108" hai1="40,41,21,76,118,75,38,126,104,68,29,105,73" hai2="26,10,100,56,91,19,14,52,1,81,34,61,50" hai3="71,22,107,35,39,44,11,85,67,134,120,49,130"/><V53/><F1/><W112/><G35/><T48/><D33/><U121/><E68/><V17/><F100/><W43/><G120/><T65/><D5/><U45/><E121/><V97/><F34/><W28/><G107/><T60/><D18/><U64/><E118/><V114/><F114/><W88/><G112/><T94/><D86/><U133/><E126/><V37/><F37/><W125/><G125/><T7/><D7/><U122/><E122/><V25/><F19/><W24/><G130/><T128/><D128/><U59/><E133/><V3/><F3/><W27/><G134/><T66/><D65/><U78/><E41/><V23/><F23/><W124/><G124/><T8/><D8/><U89/><E89/><V117/><F117/><W82/><G27/><T101/><D99/><U62/><E76/><V79/><F97/><W2/><G39/><T115/><D115/><U4/><E4/><V32/><F32/><W102/><G102/><T0/><D0/><U129/><E129/><V77/><F77/><W127/><G127/><T74/><D74/><U51/><E38/><V6/><F6/><N who="3" m="1495" /><G67/><T15/><D15/><U92/><E92/><V96/><F79/><W93/><G71/><T54/><AGARI ba="0,0" hai="47,48,54,57,60,66,83,87,90,94,98,101,108,109" machi="54" ten="20,5200,0" yaku="0,1,7,1,52,2" doraHai="123" who="0" fromWho="0" sc="241,52,392,-13,183,-26,184,-13" /><INIT seed="7,0,0,1,2,94" ten="293,379,157,171" oya="3" hai0="109,101,41,117,100,81,45,12,67,56,80,61,34" hai1="7,82,77,93,66,23,124,130,135,84,75,44,35" hai2="19,39,55,121,96,111,98,59,50,106,13,114,37" hai3="120,0,42,91,113,112,52,11,133,127,10,102,89"/><W105/><G120/><T99/><D34/><U119/><E35/><V2/><F2/><W118/><G118/><T40/><D109/><U21/><E119/><V116/><F111/><W79/><G42/><T4/><D117/><U108/><E108/><V17/><F116/><W62/><G127/><T9/><D101/><U48/><E124/><V86/><F106/><W90/><G133/><T6/><D4/><U88/><E135/><V64/><F64/><W24/><G79/><T8/><D9/><U123/><E123/><V28/><F28/><W16/><G0/><T27/><D27/><U126/><E126/><V65/><F65/><W1/><G1/><T107/><REACH who="0" step="1"/><D41/><REACH who="0" ten="283,379,157,171" step="2"/><U15/><E130/><V58/><F121/><W53/><G102/><T85/><D85/><N who="1" m="52367" /><E75/><V134/><F86/><W69/><G105/><T104/><D104/><U95/><E95/><V125/><F134/><W63/><G113/><T57/><D57/><U49/><E66/><V29/><F125/><W68/><G112/><T20/><D20/><N who="1" m="7755" /><E44/><V22/><F114/><W5/><G69/><T38/><AGARI ba="0,1" hai="6,8,12,38,40,45,56,61,67,80,81,99,100,107" machi="38" ten="20,5200,0" yaku="1,1,0,1,7,1,52,1,53,0" doraHai="94" doraHaiUra="122" who="0" fromWho="0" sc="283,62,379,-13,157,-13,171,-26" owari="345,15.0,366,46.0,144,-36.0,145,-25.0" /></mjloggm>