<mjloggm ver="2.3"><GO type="169" lobby="0"/><UN n0="%4B%E3%80%82" n1="%EF%BD%9E%E9%9A%BC%EF%BD%9E" n2="%73%65%69%79%61%6A%70%35" n3="%E3%81%BE%E3%81%AA%E3%81%84%E3%81%9F%E3%82%88%E3%81%86%E3%81%98%E3%82%87" dan="17,17,16,16" rate="2130.87,2196.69,2136.41,2129.81" sx="M,M,M,M"/><TAIKYOKU oya="0"/><INIT seed="0,0,0,0,4,43" ten="250,250,250,250" oya="0" hai0="55,81,20,44,2,9,100,80,102,77,10,74,31" hai1="66,59,19,117,5,82,0,69,75,17,33,106,39" hai2="29,111,7,78,128,37,30,38,135,22,25,28,46" hai3="132,124,121,32,61,35,68,14,91,15,101,115,72"/><T23/><D80/><U48/><E117/><V71/><F71/><W41/><G101/><T76/><D76/><U42/><E106/><V107/><F107/><W87/><G87/><T79/><D79/><N who="1" m="44415" /><E33/><V93/><F78/><W84/><G84/><T11/><D2/><U63/><E48/><V27/><F7/><W96/><G96/><T58/><D23/><U126/><E59/><V114/><F93/><W26/><G26/><T94/><D94/><U36/><E36/><V104/><F104/><W119/><G91/><T125/><D44/><N who="1" m="23647" /><E126/><V40/><F114/><W86/><G124/><T113/><D125/><U127/><E127/><V56/><F135/><W109/><G86/><T99/><D113/><U12/><E12/><V103/><F103/><W4/><G14/><T47/><D47/><U65/><E65/><V89/><F89/><W85/><G15/><T1/><D1/><U98/><E98/><V6/><F38/><W122/><G85/><T13/><D99/><U92/><E92/><V67/><F67/><W105/><G105/><T24/><REACH who="0" step="1"/><D13/><REACH who="0" ten="240,250,250,250" step="2"/><U83/><E83/><V130/><F22/><W70/><G115/><T16/><D16/><U116/><E0/><V118/><F6/><W60/><G4/><T8/><N who="0" m="2048" /><DORA hai="3" /><T120/><D120/><U57/><E5/><V62/><F46/><W49/><G122/><T108/><D108/><U134/><E17/><V50/><F111/><W133/><G121/><T54/><D54/><U110/><E19/><V18/><F18/><W112/><G109/><T90/><D90/><U21/><E110/><V123/><F123/><RYUUKYOKU ba="0,1" sc="240,30,250,-10,250,-10,250,-10" hai0="20,24,31,55,58,74,77,81,100,102" /><INIT seed="0,1,1,5,2,34" ten="270,240,240,240" oya="0" hai0="21,0,100,98,71,60,14,110,31,24,116,47,3" hai1="70,94,40,54,28,84,81,51,133,25,2,86,125" hai2="132,135,105,89,91,32,62,33,73,97,13,102,29" hai3="129,22,85,90,124,95,10,12,72,106,53,99,76"/><T38/><D116/><U6/><E70/><V23/><F73/><W41/><G41/><T27/><D110/><U55/><E125/><V92/><F62/><W118/><G118/><T17/><D27/><U120/><E120/><V111/><F111/><W11/><G124/><T87/><D87/><U30/><E133/><N who="2" m="51275" /><F91/><W56/><G129/><T18/><D47/><U130/><E130/><V114/><F114/><W4/><G22/><T39/><D39/><U15/><E15/><V65/><F65/><W45/><G45/><T26/><D38/><U16/><E94/><V49/><F49/><W37/><G37/><T127/><D24/><U50/><E40/><V104/><F104/><W109/><G109/><T112/><D112/><U131/><E81/><V88/><F89/><W1/><G72/><T36/><D36/><U115/><E25/><N who="2" m="16575" /><F13/><W101/><G76/><T63/><D63/><U67/><E131/><V77/><F77/><W68/><G68/><T35/><D127/><U126/><E126/><V61/><F61/><W128/><G128/><T19/><D71/><U96/><E115/><V74/><F74/><W78/><G78/><T42/><D60/><U7/><E67/><V44/><F44/><W123/><G123/><T107/><REACH who="0" step="1"/><D42/><REACH who="0" ten="260,240,240,240" step="2"/><U9/><E84/><AGARI ba="1,2" hai="32,33,84,88,92,97,102,105" m="16575,51275" machi="84" ten="30,2000,0" yaku="20,1,54,1" doraHai="34" who="2" fromWho="1" sc="260,0,240,-23,240,43,240,0" /><INIT seed="1,0,0,3,5,28" ten="260,217,283,240" oya="1" hai0="125,48,119,13,92,5,63,106,127,35,26,97,118" hai1="110,17,72,91,114,84,120,82,103,25,10,135,130" hai2="55,15,58,128,53,22,32,115,102,2,46,88,76" hai3="21,57,40,111,33,29,66,19,96,129,27,122,95"/><U78/><E114/><V24/><F2/><W23/><G122/><T11/><D106/><U108/><E120/><V64/><F76/><W51/><G111/><N who="1" m="42538" /><E135/><V37/><F115/><W75/><G75/><T104/><D48/><U126/><E126/><N who="0" m="48137" /><D104/><U67/><E130/><V59/><F102/><W94/><G129/><T42/><D42/><U81/><E103/><V121/><F121/><W134/><G134/><T69/><D63/><U54/><E67/><V74/><F74/><W87/><G87/><T1/><D69/><U79/><E54/><V107/><F64/><W124/><G124/><T99/><D99/><U20/><E10/><V89/><F55/><W117/><G117/><T116/><D97/><U62/><E62/><V16/><F53/><W80/><G40/><T85/><D85/><U4/><E4/><V113/><F113/><W73/><G96/><T86/><D86/><U7/><E7/><V30/><F107/><W90/><G66/><T38/><D38/><U71/><E71/><V77/><F128/><W8/><G51/><T12/><D92/><U18/><E18/><V43/><REACH who="2" step="1"/><F77/><AGARI ba="0,0" hai="17,20,25,72,77,78,79,81,82,84,91" m="42538" machi="77" ten="30,2900,0" yaku="14,1,10,1" doraHai="28" who="1" fromWho="2" sc="260,0,217,29,283,-29,240,0" /><INIT seed="1,1,0,1,1,111" ten="260,246,254,240" oya="1" hai0="35,108,81,46,40,48,86,14,99,73,72,47,62" hai1="102,97,90,134,42,36,15,112,105,107,28,55,8" hai2="114,123,69,2,110,11,120,76,128,50,68,23,124" hai3="129,91,70,84,96,9,38,121,131,89,26,104,56"/><U66/><E134/><V74/><F23/><W34/><G121/><T22/><D108/><U93/><E112/><V133/><F76/><W87/><G70/><T3/><D35/><U88/><E28/><V60/><F11/><W126/><G38/><T109/><D3/><U132/><E132/><V43/><F50/><W130/><G9/><T64/><D109/><U67/><E55/><V31/><F31/><W78/><G56/><T17/><D99/><U51/><E36/><V49/><F49/><W27/><G34/><T83/><D47/><N who="1" m="26103" /><E107/><V37/><F60/><W1/><G1/><T94/><D94/><N who="1" m="58679" /><E90/><V0/><F43/><W7/><G104/><T125/><D125/><U10/><E105/><V106/><F69/><W101/><G126/><T116/><D116/><U41/><E41/><V57/><F57/><W77/><G96/><T12/><D12/><U13/><E8/><V75/><F75/><W63/><G101/><T58/><REACH who="0" step="1"/><D83/><REACH who="0" ten="250,246,254,240" step="2"/><U65/><E10/><V135/><F0/><W80/><G80/><T118/><D118/><U100/><E100/><V79/><F133/><W52/><G130/><T21/><D21/><U117/><E117/><V53/><F123/><W18/><G131/><T82/><D82/><U6/><E6/><V25/><F135/><W122/><G7/><T4/><D4/><U16/><E16/><V24/><F120/><W19/><G122/><T119/><D119/><U61/><E13/><V59/><F110/><W39/><G129/><T29/><D29/><U98/><E15/><V92/><F124/><W30/><G30/><T44/><D44/><RYUUKYOKU ba="1,1" sc="250,15,246,15,254,-15,240,-15" hai0="14,17,22,40,46,48,58,62,64,72,73,81,86" hai1="61,65,66,67,88,93,98" /><INIT seed="1,2,1,3,5,71" ten="265,261,239,225" oya="1" hai0="108,56,132,121,23,116,25,45,100,133,135,88,111" hai1="4,17,103,68,33,113,65,26,70,81,36,128,62" hai2="72,18,3,35,28,112,93,61,52,6,106,119,129" hai3="102,97,115,42,32,63,90,69,1,2,21,59,96"/><U51/><E113/><V16/><F106/><W55/><G32/><T95/><D116/><U82/><E128/><V114/><F119/><W46/><G69/><T0/><D0/><U66/><E36/><V30/><F72/><W15/><G115/><N who="2" m="44073" /><F129/><W87/><G15/><T74/><D74/><U13/><E103/><V41/><F41/><W57/><G57/><T76/><D76/><U49/><E4/><V91/><F6/><W27/><G87/><T80/><D121/><U78/><E26/><N who="2" m="18839" /><F30/><W86/><G86/><T43/><D56/><U22/><E33/><V130/><F3/><W109/><G109/><N who="0" m="42059" /><D80/><U126/><E126/><V131/><F131/><W19/><G97/><N who="0" m="57575" /><D100/><U92/><E92/><V89/><F89/><W50/><REACH who="3" step="1"/><G90/><REACH who="3" ten="265,261,239,215" step="2"/><T14/><D14/><U64/><E70/><V47/><F130/><W34/><G34/><T67/><D67/><U9/><E68/><V29/><F47/><W94/><AGARI ba="2,2" hai="1,2,19,21,27,42,46,50,55,59,63,94,96,102" machi="94" ten="20,5200,0" yaku="1,1,0,1,7,1,53,1" doraHai="71" doraHaiUra="38" who="3" fromWho="3" sc="265,-15,261,-28,239,-15,215,78" /><INIT seed="2,0,0,0,4,94" ten="250,233,224,293" oya="2" hai0="31,113,90,134,51,27,107,75,5,48,65,13,98" hai1="69,1,106,67,34,42,40,89,92,131,11,54,4" hai2="85,77,96,91,101,122,21,29,133,3,23,57,12" hai3="35,60,115,17,82,55,56,125,19,32,105,79,111"/><V109/><F122/><W30/><G111/><T66/><D75/><U52/><E106/><V39/><F39/><W88/><G125/><T45/><D113/><U78/><E34/><V38/><F38/><W47/><G30/><T64/><D134/><U68/><E131/><V112/><F3/><W120/><G120/><T36/><D36/><U70/><E67/><V37/><F37/><W8/><G115/><T126/><D126/><U117/><E78/><V72/><F112/><W63/><G105/><T16/><D5/><U86/><REACH who="1" step="1"/><E117/><REACH who="1" ten="250,223,224,293" step="2"/><V53/><F77/><W33/><G79/><T116/><D116/><U100/><E100/><V14/><F133/><W121/><G33/><T119/><D119/><U84/><E84/><V6/><F109/><W26/><G35/><T73/><D73/><U135/><E135/><V24/><F72/><W22/><G32/><T124/><D124/><U74/><E74/><V128/><F128/><W83/><G121/><T10/><D107/><U20/><E20/><V43/><F23/><W9/><G22/><N who="0" m="15863" /><D45/><U87/><E87/><V123/><F123/><W18/><G47/><T102/><D102/><U25/><E25/><V108/><F108/><W81/><G26/><T50/><D90/><U95/><E95/><V76/><F76/><W129/><G88/><T99/><AGARI ba="0,1" hai="10,13,16,48,50,51,64,65,66,98,99" m="15863" machi="99" ten="40,8000,1" yaku="8,1,52,2,54,1" doraHai="94" who="0" fromWho="0" sc="250,90,223,-20,224,-40,293,-20" /><INIT seed="3,0,0,3,5,19" ten="340,203,184,273" oya="3" hai0="59,84,28,119,55,125,29,86,37,116,3,2,122" hai1="48,58,5,124,20,33,4,42,76,121,31,90,89" hai2="26,91,135,107,120,10,111,114,97,35,67,110,61" hai3="8,49,40,129,98,66,45,106,92,1,85,56,51"/><W46/><G129/><T96/><D37/><U68/><E121/><V52/><F114/><W102/><G85/><T60/><D96/><U14/><E68/><V38/><F38/><W117/><G117/><T53/><D60/><U71/><E71/><V16/><F120/><W80/><G80/><T44/><D59/><U109/><E76/><V133/><F35/><W57/><G106/><T115/><D44/><N who="1" m="25623" /><E33/><V27/><F67/><W118/><G118/><T87/><D87/><U36/><E36/><V6/><F6/><W22/><G66/><T78/><D122/><U15/><E109/><N who="2" m="41483" /><F27/><W25/><G8/><T95/><D95/><U93/><E124/><V7/><F7/><N who="1" m="2633" /><E58/><N who="2" m="35015" /><F107/><W62/><G62/><T126/><D78/><U83/><E83/><V30/><F30/><N who="3" m="17719" /><G1/><T112/><AGARI ba="0,0" hai="2,3,28,29,53,55,84,86,112,115,116,119,125,126" machi="112" ten="25,3200,0" yaku="0,1,22,2" doraHai="19" who="0" fromWho="0" sc="340,32,203,-8,184,-8,273,-16" /><INIT seed="4,0,0,4,2,78" ten="372,195,176,257" oya="0" hai0="43,111,100,109,34,93,94,0,72,40,62,119,90" hai1="11,81,59,76,64,73,104,89,44,124,75,32,66" hai2="29,60,129,10,114,110,123,7,91,14,23,132,80" hai3="83,69,112,12,20,131,71,15,53,22,30,5,87"/><T126/><D119/><U57/><E124/><V86/><F123/><W38/><G38/><T27/><D0/><U41/><E73/><V88/><F110/><N who="0" m="41994" /><D72/><U127/><E127/><V108/><F108/><W42/><G42/><T98/><D62/><U68/><E32/><V85/><F132/><W99/><G112/><T58/><D58/><U135/><E135/><V63/><F114/><W31/><G99/><N who="0" m="57783" /><D126/><U49/><E68/><V16/><F29/><AGARI ba="0,0" hai="27,29,34,40,43,94,98,100" m="57783,41994" machi="29" ten="30,1500,0" yaku="10,1" doraHai="78" who="0" fromWho="2" sc="372,15,195,0,176,-15,257,0" /><INIT seed="4,1,0,5,3,7" ten="387,195,161,257" oya="0" hai0="30,86,54,6,24,112,128,94,33,17,106,19,87" hai1="93,43,67,96,60,1,27,26,55,95,23,40,68" hai2="20,47,32,65,51,3,34,74,53,103,124,36,71" hai3="50,8,31,131,91,45,57,69,123,25,72,59,83"/><T101/><D106/><U114/><E114/><V78/><F3/><W129/><G69/><T127/><D112/><U70/><E70/><V48/><F124/><W63/><G123/><T100/><D127/><U39/><E1/><V109/><F109/><W118/><G118/><T29/><D128/><N who="3" m="49225" /><G63/><T15/><D6/><U37/><E93/><V79/><F103/><W42/><G8/><T73/><D73/><U64/><E64/><V133/><F133/><W89/><G72/><T35/><D54/><U110/><E110/><V102/><F102/><W76/><G76/><T108/><D94/><U2/><E2/><V56/><F36/><W104/><G104/><T52/><D15/><U98/><E98/><V66/><F74/><W115/><G115/><T80/><D24/><U61/><E27/><V107/><F107/><W120/><G120/><T125/><D125/><U62/><E39/><V116/><F116/><W121/><G121/><T85/><D80/><U9/><E9/><V38/><F38/><W11/><G11/><T0/><D108/><U18/><E37/><V81/><F71/><W119/><G119/><T132/><D132/><U21/><E21/><V135/><F79/><W117/><G117/><T113/><D113/><U130/><E130/><V77/><F78/><W134/><G134/><T5/><D35/><N who="2" m="13354" /><F20/><N who="3" m="15783" /><G83/><T105/><D105/><U84/><E67/><V82/><F135/><W75/><G75/><T41/><D33/><U28/><E68/><V88/><F77/><W14/><G14/><T126/><D126/><U122/><E122/><V12/><F82/><W58/><AGARI ba="1,0" hai="42,45,50,57,58,59,89,91" m="15783,49225" machi="58" ten="30,2000,0" yaku="5,1,19,1" doraHai="7" who="3" fromWho="3" sc="387,-11,195,-6,161,-6,257,23" /><INIT seed="5,0,0,0,4,95" ten="376,189,155,280" oya="1" hai0="49,3,134,101,107,59,69,5,90,14,79,102,63" hai1="11,103,66,106,92,91,135,57,125,61,97,93,94" hai2="37,10,129,34,89,109,116,110,51,68,31,72,80" hai3="25,123,2,121,60,67,74,115,7,22,76,114,75"/><U4/><E125/><V29/><F37/><W26/><G7/><T73/><D3/><U130/><E130/><V30/><F34/><W6/><G6/><T54/><D73/><N who="3" m="27657" /><G76/><T52/><D79/><U19/><E19/><V33/><F33/><W131/><G2/><T111/><D134/><U0/><REACH who="1" step="1"/><E135/><REACH who="1" ten="376,179,155,280" step="2"/><V8/><F129/><W32/><G131/><T62/><D111/><U112/><E112/><V77/><F110/><W44/><G115/><T39/><D5/><U88/><AGARI ba="0,1" hai="0,4,11,57,61,66,88,91,92,93,94,97,103,106" machi="88" ten="30,11700,0" yaku="1,1,0,1,52,1,54,1,53,0" doraHai="95" doraHaiUra="65" who="1" fromWho="1" sc="376,-39,179,127,155,-39,280,-39" /><INIT seed="5,1,0,3,4,122" ten="337,306,116,241" oya="1" hai0="68,86,89,91,129,88,21,42,65,35,81,19,48" hai1="125,105,23,78,96,34,3,126,112,25,58,70,94" hai2="56,110,93,30,128,4,98,38,101,115,64,28,102" hai3="57,103,26,46,10,52,31,87,117,63,104,109,114"/><U5/><E34/><V90/><F115/><W131/><G114/><T106/><D35/><U84/><E70/><V2/><F38/><W0/><G131/><T29/><D29/><U39/><E39/><V22/><F128/><W66/><G117/><T61/><D106/><U12/><E3/><V15/><F2/><W123/><G123/><T8/><D129/><U71/><E71/><V100/><F110/><W44/><G0/><T135/><D135/><U37/><E37/><V119/><F119/><W107/><G10/><T79/><D8/><N who="1" m="4111" /><E105/><V20/><F4/><W95/><G104/><T134/><D134/><U9/><E9/><V53/><F64/><W33/><G107/><T51/><REACH who="0" step="1"/><D42/><REACH who="0" ten="327,306,116,241" step="2"/><U43/><E43/><V16/><REACH who="2" step="1"/><F22/><REACH who="2" ten="327,306,106,241" step="2"/><W49/><G33/><T116/><D116/><U13/><E23/><V45/><F45/><W40/><G44/><T133/><D133/><U54/><E112/><V1/><F1/><W127/><G46/><T41/><D41/><U121/><E121/><V17/><F17/><W50/><G40/><T76/><D76/><U7/><E78/><V11/><F11/><W92/><G31/><T36/><D36/><U75/><E7/><V72/><F72/><W6/><G6/><T59/><D59/><U80/><E58/><V85/><F85/><W27/><G87/><T69/><D69/><U18/><E75/><V108/><F108/><W77/><G109/><T24/><AGARI ba="1,2" hai="19,21,24,48,51,61,65,68,79,81,86,88,89,91" machi="24" ten="30,4000,0" yaku="1,1,0,1,54,1,53,0" doraHai="122" doraHaiUra="99" who="0" fromWho="0" sc="327,63,306,-21,106,-11,241,-11" /><INIT seed="6,0,0,1,2,2" ten="390,285,95,230" oya="2" hai0="36,8,29,95,112,129,79,16,52,56,4,17,88" hai1="103,71,41,59,43,51,40,15,20,6,23,25,81" hai2="61,39,134,107,113,22,5,127,77,108,32,64,31" hai3="35,99,70,135,12,24,50,125,53,18,33,14,54"/><V101/><F39/><W120/><G120/><T98/><D36/><U105/><E71/><N who="2" m="42383" /><F77/><W86/><G70/><T30/><D79/><U104/><E81/><V68/><F22/><W37/><G37/><T9/><D129/><U118/><E118/><V80/><F80/><W45/><G14/><N who="0" m="5383" /><D112/><U10/><E23/><V13/><F113/><W72/><G72/><T27/><D9/><U121/><E121/><V0/><F68/><W114/><G114/><T65/><D65/><U48/><E48/><V92/><F13/><W19/><G99/><T100/><D100/><U42/><E103/><V34/><F134/><W124/><G54/><T47/><D47/><U1/><E15/><V7/><F127/><N who="3" m="48715" /><G135/><T78/><D78/><U74/><E74/><V115/><F115/><W58/><G24/><T87/><D87/><U3/><E3/><V60/><F60/><N who="3" m="35919" /><G86/><T76/><D76/><U110/><E104/><V85/><F108/><W75/><G75/><T66/><D66/><U128/><E110/><V133/><F133/><W123/><G123/><T44/><D44/><U38/><E38/><V28/><F0/><W21/><G19/><N who="0" m="7243" /><D27/><U131/><E131/><V57/><F31/><W130/><G130/><T90/><D90/><U116/><E128/><V106/><F106/><W11/><G21/><T82/><D82/><U89/><E105/><V69/><F69/><W93/><G93/><T83/><D83/><U111/><E111/><V67/><F67/><W109/><G109/><T97/><D97/><U96/><E20/><V102/><F107/><W122/><G122/><T91/><D91/><RYUUKYOKU ba="0,0" sc="390,15,285,-15,95,-15,230,15" hai0="29,30,52,56,88,95,98" hai3="11,12,18,33,35,45,50" /><INIT seed="7,1,0,4,3,67" ten="405,270,80,245" oya="3" hai0="72,92,50,62,27,93,41,94,79,134,123,65,90" hai1="88,6,57,42,16,60,8,91,126,63,108,71,121" hai2="55,1,22,99,84,51,110,86,85,73,116,21,23" hai3="115,32,43,77,103,54,74,19,39,124,59,56,81"/><W5/><G32/><T29/><D123/><U114/><E108/><V68/><F73/><W97/><G115/><T64/><D134/><U34/><E121/><V30/><F110/><W82/><G124/><T104/><D104/><U49/><E114/><V36/><F36/><W3/><G82/><T28/><D72/><U9/><E126/><V106/><F1/><W15/><G15/><T78/><D90/><N who="1" m="34347" /><E71/><V95/><F106/><W133/><G19/><T107/><D92/><U26/><E34/><V117/><F30/><W83/><G83/><T87/><D64/><N who="1" m="38927" /><E63/><V70/><F95/><N who="3" m="58815" /><G54/><T53/><D28/><U112/><E112/><V17/><F17/><W40/><G40/><T113/><D27/><U47/><E6/><V119/><REACH who="2" step="1"/><F99/><REACH who="2" ten="405,270,70,245" step="2"/><W132/><G132/><T48/><D93/><U98/><E98/><V45/><AGARI ba="1,1" hai="21,22,23,45,51,55,68,70,84,85,86,116,117,119" machi="45" ten="40,12000,2" yaku="1,1,2,1,0,1,29,2,52,2,53,0" doraHai="67" doraHaiUra="33" who="2" fromWho="2" sc="405,-31,270,-31,70,133,245,-61" owari="374,48.0,239,4.0,203,-20.0,184,-32.0" /></mjloggm>