<mjloggm ver="2.3"><GO type="169" lobby="0"/><UN n0="%74%61%63%6F%73" n1="%EF%BC%BC%28%EF%BC%BE%6F%EF%BC%BE%29%EF%BC%8F%E2%98%85" n2="%E3%83%9D%E3%83%B3%E5%8A%A9" n3="%E3%81%B2%E3%81%BE%E5%A8%98" dan="16,19,18,16" rate="2096.62,2255.86,2174.12,2048.08" sx="M,M,M,M"/><TAIKYOKU oya="0"/><INIT seed="0,0,0,2,4,25" ten="250,250,250,250" oya="0" hai0="110,36,47,99,68,74,113,15,123,52,62,89,3" hai1="33,53,18,76,30,14,9,55,13,92,22,124,70" hai2="11,8,17,81,26,126,37,46,56,6,104,48,91" hai3="112,83,133,86,105,31,27,128,82,67,103,78,44"/><T107/><D113/><U42/><E70/><V97/><F126/><W134/><G112/><T43/><D3/><U35/><E124/><V93/><F93/><W95/><G128/><T98/><D123/><U28/><E35/><V121/><F121/><W34/><G95/><T96/><D74/><U69/><E69/><V106/><F37/><W118/><G118/><T116/><D116/><U54/><E33/><V5/><F56/><W10/><G67/><T100/><D110/><U12/><E76/><V130/><F130/><W40/><G10/><T57/><D68/><U115/><E115/><V119/><F97/><W102/><G83/><T64/><D64/><U132/><E132/><N who="3" m="50794" /><G105/><T75/><D75/><U129/><E129/><V109/><F11/><W58/><G58/><T125/><D125/><U39/><E92/><V32/><F81/><W87/><G87/><T7/><REACH who="0" step="1"/><D89/><REACH who="0" ten="240,250,250,250" step="2"/><U94/><E9/><AGARI ba="0,1" hai="7,9,15,36,43,47,52,57,62,96,98,99,100,107" machi="9" ten="40,12000,1" yaku="1,1,2,1,54,1,53,1" doraHai="25" doraHaiUra="41" who="0" fromWho="1" sc="240,130,250,-120,250,0,250,0" /><INIT seed="0,1,0,4,2,102" ten="370,130,250,250" oya="0" hai0="57,101,105,58,12,88,119,33,10,122,48,100,64" hai1="131,120,41,69,30,90,111,108,49,80,15,37,46" hai2="31,17,28,124,40,117,11,116,44,66,113,85,35" hai3="97,84,59,115,112,107,125,20,109,91,83,24,70"/><T27/><D122/><U21/><E120/><V135/><F113/><W68/><G109/><T133/><D119/><N who="2" m="45642" /><F135/><W36/><G36/><T6/><D133/><U16/><E131/><V5/><F124/><W98/><G125/><T47/><D105/><U23/><E69/><V81/><F17/><W53/><G70/><T123/><D123/><U73/><E37/><N who="2" m="21519" /><F66/><W45/><G68/><T32/><D58/><U7/><E7/><V121/><F35/><W2/><G2/><T126/><D126/><U62/><E62/><V92/><F92/><W95/><G45/><T110/><D110/><N who="1" m="42027" /><E90/><N who="2" m="51503" /><F121/><W129/><G129/><T56/><D33/><U61/><E61/><V78/><F78/><W86/><G107/><T104/><D88/><U55/><E41/><V94/><F94/><W118/><G118/><T67/><D104/><U13/><E30/><V132/><F132/><W1/><G115/><T114/><D114/><U3/><E80/><V71/><F71/><W77/><G112/><T75/><D64/><U18/><E73/><V76/><F76/><W50/><G1/><AGARI ba="1,0" hai="1,3,13,15,16,18,21,23,46,49,55" m="42027" machi="1" ten="30,2000,0" yaku="14,1,54,1" doraHai="102" who="1" fromWho="3" sc="370,0,130,23,250,0,250,-23" /><AGARI ba="1,0" hai="1,5,11,28,31" m="51503,21519,45642" machi="1" ten="30,1000,0" yaku="12,1" doraHai="102" who="2" fromWho="3" sc="370,0,153,0,250,10,227,-10" /><INIT seed="1,0,0,2,2,91" ten="370,153,260,217" oya="1" hai0="3,115,27,92,132,79,112,114,75,40,55,63,6" hai1="26,101,84,102,42,21,133,49,98,85,109,36,30" hai2="88,22,4,56,82,117,95,135,113,44,2,89,28" hai3="48,51,61,81,37,74,29,129,68,32,19,0,118"/><U126/><E36/><V71/><F71/><W90/><G118/><T58/><D132/><U9/><E133/><V122/><F135/><W16/><G129/><T39/><D27/><U34/><E126/><V70/><F70/><W76/><G37/><T116/><D116/><U111/><E34/><V45/><F117/><W60/><G0/><T8/><D92/><N who="1" m="58567" /><E102/><V94/><F122/><W124/><G124/><T1/><D1/><U33/><E33/><V86/><F2/><W67/><G61/><T53/><D53/><U78/><E78/><V50/><F4/><W77/><G77/><T128/><D128/><U105/><E105/><V65/><F113/><W110/><G110/><N who="1" m="41994" /><E9/><V43/><F45/><AGARI ba="0,0" hai="21,26,30,42,45,49,84,85" m="41994,58567" machi="45" ten="30,5800,0" yaku="14,1,10,1,52,1" doraHai="91" who="1" fromWho="2" sc="370,0,153,58,260,-58,217,0" /><INIT seed="1,1,0,4,4,33" ten="370,211,202,217" oya="1" hai0="35,98,20,110,106,12,66,6,64,27,8,3,69" hai1="93,47,121,124,61,37,25,107,128,43,86,113,29" hai2="1,7,5,55,16,79,92,105,134,103,111,126,24" hai3="18,114,125,76,94,0,60,72,96,54,21,32,67"/><U2/><E107/><V123/><F105/><W133/><G32/><T83/><D110/><U89/><E113/><V9/><F7/><W26/><G114/><T42/><D42/><U63/><E121/><V19/><F123/><W122/><G122/><T4/><D4/><U109/><E109/><V53/><F111/><W38/><G38/><T100/><D69/><U81/><E124/><V115/><F126/><W11/><G125/><T70/><D70/><U80/><E2/><V68/><F68/><W130/><G133/><T31/><D83/><U129/><E81/><V120/><F120/><W52/><G130/><N who="1" m="50282" /><E80/><V17/><F79/><W87/><G72/><T41/><D41/><U30/><E30/><V15/><F115/><W39/><G39/><T62/><D62/><U91/><E89/><V40/><F134/><W95/><G76/><T99/><D99/><U28/><E28/><V88/><F103/><W48/><G87/><T73/><D73/><U51/><E37/><V102/><F102/><W45/><G54/><N who="2" m="20489" /><F1/><W14/><G0/><T46/><D46/><U112/><E112/><V22/><F40/><W13/><G96/><AGARI ba="1,0" hai="5,9,15,16,17,19,22,24,88,92,96" m="20489" machi="96" ten="30,3900,0" yaku="8,1,54,2" doraHai="33" who="2" fromWho="3" sc="370,0,211,0,202,42,217,-42" /><INIT seed="2,0,0,2,0,42" ten="370,211,244,175" oya="2" hai0="11,107,77,65,20,100,62,88,40,1,50,118,36" hai1="89,14,3,87,102,71,109,21,58,80,104,72,64" hai2="4,25,122,85,32,18,121,47,98,73,35,30,94" hai3="81,6,33,96,111,45,123,79,125,74,83,19,24"/><V110/><F73/><W48/><G123/><T119/><D36/><U105/><E3/><V76/><F35/><W8/><G111/><T9/><D77/><U29/><E71/><V27/><F110/><W13/><G125/><T51/><D20/><U17/><E109/><V23/><F4/><W117/><G117/><N who="0" m="44555" /><D88/><U113/><E113/><V16/><F18/><W41/><G96/><N who="0" m="61831" /><D1/><U106/><E72/><V46/><F76/><W99/><G99/><T78/><D78/><U22/><E102/><V0/><F85/><W15/><G83/><T103/><D103/><U57/><E64/><V63/><F0/><W26/><REACH who="3" step="1"/><G33/><REACH who="3" ten="370,211,244,165" step="2"/><T116/><D116/><U60/><E80/><V5/><F122/><W28/><G28/><T129/><D129/><U66/><E29/><V75/><F121/><W133/><G133/><T97/><D97/><U82/><E82/><V114/><F114/><W54/><G54/><T12/><D40/><U56/><E87/><V84/><F84/><W67/><G67/><T7/><D11/><AGARI ba="0,1" hai="6,8,11,13,15,19,24,26,41,45,48,74,79,81" machi="11" ten="30,7700,0" yaku="1,1,7,1,52,1,53,1" doraHai="42" doraHaiUra="43" who="3" fromWho="0" sc="370,-77,211,0,244,0,165,87" /><INIT seed="3,0,0,0,1,70" ten="293,211,244,252" oya="3" hai0="38,2,13,14,33,105,85,82,93,15,131,129,9" hai1="56,115,76,107,133,106,125,134,103,24,47,40,0" hai2="68,128,26,123,80,83,111,90,10,57,94,45,84" hai3="17,127,69,43,64,5,132,39,79,63,4,7,59"/><W120/><G120/><T124/><D105/><U116/><E115/><V20/><F68/><W77/><G132/><N who="1" m="50794" /><E0/><V48/><F123/><W96/><G127/><T8/><D33/><U12/><E125/><V130/><F57/><W30/><G30/><T74/><D74/><U66/><E116/><V100/><F10/><W31/><G31/><T118/><D118/><U119/><E119/><V41/><F111/><W65/><G65/><T6/><D124/><U21/><E12/><V52/><F41/><W36/><G43/><T91/><D38/><N who="1" m="21911" /><E76/><V16/><REACH who="2" step="1"/><F100/><REACH who="2" ten="293,211,234,252" step="2"/><W101/><G69/><T22/><D9/><U44/><E103/><V60/><F60/><W53/><G64/><T122/><D122/><U54/><E66/><V18/><F18/><W49/><G17/><T62/><D62/><N who="1" m="36119" /><E44/><V71/><F71/><W25/><G101/><T117/><D117/><U135/><E135/><V86/><F86/><W46/><G46/><T108/><D108/><U67/><E67/><V19/><F19/><AGARI ba="0,1" hai="19,21,24,106,107" m="36119,21911,50794" machi="19" ten="30,2000,0" yaku="20,1,52,1" doraHai="70" who="1" fromWho="2" sc="293,0,211,30,234,-20,252,0" /><INIT seed="4,0,0,4,0,17" ten="293,241,214,252" oya="0" hai0="119,26,97,41,125,61,89,127,53,115,9,13,74" hai1="40,80,60,78,105,109,114,20,62,15,38,18,124" hai2="66,64,85,71,57,47,59,94,37,112,87,8,45" hai3="70,121,88,39,31,82,133,23,56,134,10,135,96"/><T3/><D119/><U44/><E109/><V83/><F71/><W123/><G70/><T22/><D74/><U19/><E124/><N who="0" m="47689" /><D3/><U14/><E105/><V12/><F37/><W48/><G39/><T0/><D0/><U117/><E114/><V98/><F112/><W92/><G10/><T73/><D73/><U120/><E120/><N who="3" m="46154" /><G82/><T103/><D41/><U111/><E111/><V25/><F25/><N who="3" m="16831" /><G56/><N who="2" m="21577" /><F45/><W16/><G16/><N who="0" m="12615" /><D89/><U21/><E117/><V116/><F47/><W79/><G79/><T50/><D61/><U7/><E7/><N who="2" m="3103" /><F116/><W86/><G48/><T11/><D115/><U51/><E38/><V107/><F107/><W77/><G77/><T54/><D50/><U99/><E99/><AGARI ba="0,0" hai="86,88,92,96,99,133,134,135" m="16831,46154" machi="99" ten="40,8000,1" yaku="20,1,13,1,52,1,54,1" doraHai="17" who="3" fromWho="1" sc="293,0,241,-80,214,0,252,80" /><INIT seed="5,0,0,0,0,115" ten="293,161,214,332" oya="1" hai0="84,68,25,106,9,114,111,20,42,125,71,57,53" hai1="105,77,110,1,117,24,66,72,30,69,19,120,108" hai2="14,87,5,96,47,64,13,31,61,79,36,78,37" hai3="129,101,92,70,60,73,48,134,127,46,29,58,121"/><U128/><E120/><V107/><F5/><W40/><G73/><T51/><D111/><N who="1" m="42539" /><E128/><V83/><F78/><W88/><G121/><T133/><D106/><U49/><E105/><V4/><F31/><W112/><G112/><T44/><D114/><U95/><E1/><V35/><F35/><W81/><G129/><T6/><D125/><U22/><E117/><V32/><F32/><W82/><G127/><T65/><D133/><U38/><E38/><V28/><F28/><W90/><G134/><T8/><D84/><U62/><E49/><V15/><F4/><W74/><G70/><T45/><D65/><U123/><E123/><V55/><F55/><W130/><G130/><T0/><D8/><U52/><E95/><V97/><F107/><W85/><G29/><T56/><D68/><U118/><E118/><V7/><F7/><W124/><G124/><T63/><D71/><U27/><E52/><V34/><F34/><W17/><G74/><T89/><D63/><U131/><E131/><V54/><F37/><W50/><G50/><T41/><D41/><U67/><E66/><V94/><F94/><W102/><G82/><T113/><D113/><U135/><E135/><V103/><F103/><W126/><G126/><T91/><D44/><U76/><E72/><V98/><F36/><W3/><G3/><T122/><D122/><U33/><AGARI ba="0,0" hai="19,22,24,27,30,33,62,67,69,76,77" m="42539" machi="33" ten="30,1500,0" yaku="10,1" doraHai="115" who="1" fromWho="1" sc="293,-5,161,15,214,-5,332,-5" /><INIT seed="5,1,0,5,5,96" ten="288,176,209,327" oya="1" hai0="63,65,11,108,121,47,8,12,61,117,115,57,109" hai1="120,32,116,23,49,30,69,89,45,55,131,123,5" hai2="129,20,53,58,110,114,64,72,94,35,107,78,0" hai3="86,41,62,10,40,128,48,22,71,73,125,113,135"/><U133/><E116/><V21/><F35/><W67/><G73/><T60/><D117/><U99/><E32/><V26/><F107/><W13/><G113/><T56/><D115/><U42/><E131/><V124/><F114/><W24/><G128/><T80/><D121/><U75/><E75/><V17/><F129/><W100/><G135/><T34/><D34/><U134/><E69/><V51/><F0/><W50/><G125/><T85/><D47/><U36/><E5/><V126/><F64/><W95/><G41/><T76/><D8/><U88/><E120/><V66/><F66/><W118/><G118/><T97/><D97/><U1/><E1/><V102/><F21/><W52/><G40/><T38/><D38/><U27/><E123/><V132/><F132/><N who="1" m="50793" /><E99/><N who="2" m="59767" /><F72/><W90/><G100/><T130/><D130/><U9/><E9/><V6/><F6/><W122/><G122/><T79/><D79/><U68/><E68/><V18/><F78/><W37/><G37/><T2/><D2/><U7/><E7/><V19/><F110/><W28/><G52/><T31/><D108/><U59/><AGARI ba="1,0" hai="23,27,30,36,42,45,49,55,59,88,89" m="50793" machi="59" ten="30,3000,0" yaku="20,1,54,1" doraHai="96" who="1" fromWho="1" sc="288,-11,176,33,209,-11,327,-11" /><INIT seed="5,2,0,0,0,81" ten="277,209,198,316" oya="1" hai0="21,120,119,95,34,3,11,129,82,49,118,65,16" hai1="53,75,58,102,17,33,51,105,69,131,89,35,114" hai2="80,60,37,112,86,52,45,44,25,24,132,121,125" hai3="4,77,0,71,64,85,54,104,48,124,130,115,83"/><U67/><E75/><V103/><F121/><W41/><G104/><T94/><D34/><U76/><E76/><V14/><F37/><W29/><G29/><T133/><D120/><U9/><E114/><V43/><F112/><W111/><G111/><T10/><D129/><U101/><E131/><V1/><F1/><W70/><G130/><T96/><D133/><U78/><E78/><V46/><F132/><W134/><G41/><T6/><D65/><U63/><E105/><V36/><F125/><W84/><G124/><T113/><D113/><U126/><E126/><V110/><F110/><W12/><G0/><T7/><D82/><U92/><E35/><V66/><F103/><W27/><G27/><N who="2" m="10313" /><F36/><W99/><G85/><T28/><D28/><U20/><E9/><V98/><F98/><W55/><G99/><T93/><D49/><U97/><REACH who="1" step="1"/><E33/><REACH who="1" ten="277,199,198,316" step="2"/><V30/><F43/><W109/><G115/><T15/><REACH who="0" step="1"/><D96/><REACH who="0" ten="267,199,198,316" step="2"/><U117/><E117/><V5/><F30/><W23/><G134/><T22/><D22/><U61/><E61/><V18/><F60/><W57/><G23/><T106/><D106/><U42/><E42/><V72/><F72/><W87/><G109/><T88/><D88/><U32/><E32/><V26/><F66/><W108/><G64/><T2/><AGARI ba="2,2" hai="2,3,6,7,10,11,15,16,21,93,94,95,118,119" machi="2" ten="30,7900,0" yaku="1,1,0,1,9,1,54,1,53,0" doraHai="81" doraHaiUra="73" who="0" fromWho="0" sc="267,105,199,-41,198,-22,316,-22" /><INIT seed="6,0,0,1,4,134" ten="372,158,176,294" oya="2" hai0="90,100,87,30,42,60,101,127,58,22,79,14,133" hai1="126,40,7,5,20,17,48,25,83,129,53,44,75" hai2="56,33,93,114,68,63,16,119,116,72,81,31,105" hai3="11,41,49,115,122,54,135,70,109,84,91,3,26"/><V125/><F105/><W65/><G109/><T92/><D127/><U95/><E129/><V96/><F68/><W10/><G122/><T38/><D133/><U113/><E113/><V29/><F114/><W50/><G115/><T9/><D38/><U6/><E126/><V131/><F125/><W66/><G135/><T51/><D79/><U80/><E75/><V12/><F131/><W118/><G118/><T24/><D51/><U21/><E95/><V47/><F47/><N who="3" m="25839" /><G3/><T94/><D94/><U112/><E112/><V15/><F15/><W34/><G34/><T78/><D78/><U102/><E102/><V111/><F81/><N who="3" m="49551" /><G26/><T67/><REACH who="0" step="1"/><D42/><REACH who="0" ten="362,158,176,294" step="2"/><U36/><REACH who="1" step="1"/><E21/><REACH who="1" ten="362,148,176,294" step="2"/><V28/><F119/><W85/><G50/><T77/><D77/><U71/><E71/><V8/><F116/><W104/><G70/><T57/><D57/><AGARI ba="0,2" hai="5,6,7,17,20,25,36,40,44,48,53,57,80,83" machi="57" ten="40,1300,0" yaku="1,1,53,0" doraHai="134" doraHaiUra="86" who="1" fromWho="0" sc="362,-13,148,33,176,0,294,0" /><INIT seed="7,0,0,4,1,54" ten="349,181,176,294" oya="3" hai0="22,90,127,11,70,71,103,132,105,16,9,82,104" hai1="135,31,116,91,26,122,84,106,101,79,33,6,39" hai2="128,47,24,52,30,19,134,56,45,53,87,14,94" hai3="108,97,5,76,28,4,111,48,34,121,18,7,118"/><W25/><G121/><T23/><D132/><U15/><E122/><V12/><F134/><W59/><G76/><T41/><D127/><U98/><E135/><V0/><F0/><W129/><G118/><T51/><D70/><U29/><E39/><V75/><F75/><W92/><G129/><T112/><D71/><U114/><E116/><V115/><F128/><W126/><G126/><T89/><D112/><U86/><E114/><V100/><F115/><W85/><G85/><N who="0" m="50359" /><D104/><U20/><E79/><V107/><F107/><W95/><G18/><T2/><D2/><U50/><E31/><V27/><F12/><W38/><G38/><T80/><D103/><U113/><E113/><V131/><F131/><W119/><G119/><T37/><D37/><U130/><E130/><V66/><F66/><W36/><G36/><T73/><D73/><U62/><E50/><N who="2" m="28767" /><F45/><W49/><G92/><T109/><D105/><U123/><E123/><V77/><F30/><W42/><G42/><T3/><D3/><U78/><E78/><V120/><F120/><W35/><G35/><T32/><D32/><U21/><E62/><N who="2" m="36111" /><F77/><W64/><G49/><T110/><D109/><N who="3" m="42057" /><G48/><T93/><D110/><U72/><E72/><V40/><F40/><W69/><G69/><T61/><D51/><U83/><E86/><V96/><F87/><W57/><G64/><T1/><D41/><U46/><E46/><V63/><F63/><W88/><AGARI ba="0,0" hai="4,5,7,25,28,34,57,59,88,95,97" m="42057" machi="88" ten="30,11700,0" yaku="10,1,52,2,54,1" doraHai="54" who="3" fromWho="3" sc="349,-39,181,-39,176,-39,294,117" owari="310,11.0,142,-26.0,137,-36.0,411,51.0" /></mjloggm>