<mjloggm ver="2.3"><GO type="169" lobby="0"/><UN n0="%E3%83%A9%E3%83%A0%E3%83%80%E3%81%95%E3%82%93" n1="%E5%9F%BA%E7%A4%8E%E8%AB%96" n2="%62%75%74%69%74%61%6D%61" n3="%E3%82%81%E3%82%8D%E3%82%93%E3%81%9D%E3%83%BC%E3%81%A0" dan="16,18,17,16" rate="2104.80,2139.93,2117.15,2063.53" sx="M,M,M,F"/><TAIKYOKU oya="0"/><INIT seed="0,0,0,3,1,34" ten="250,250,250,250" oya="0" hai0="74,109,25,124,131,85,113,111,15,130,11,112,14" hai1="36,86,123,64,46,33,76,73,47,70,3,10,82" hai2="41,0,37,121,52,67,103,8,58,38,88,87,120" hai3="27,26,19,132,61,134,60,81,68,23,7,20,127"/><T91/><D74/><U78/><E123/><V77/><F67/><W133/><G127/><T116/><D85/><U122/><E122/><V13/><F103/><W79/><G7/><T100/><D100/><U106/><E46/><V54/><F77/><W21/><G68/><T129/><D91/><U128/><E78/><V65/><F65/><W17/><REACH who="3" step="1"/><G23/><REACH who="3" ten="250,250,250,240" step="2"/><T97/><D124/><U16/><E70/><V75/><F121/><W66/><G66/><T18/><D116/><U29/><E64/><V32/><F120/><W28/><G28/><T57/><D97/><U104/><E29/><V125/><F125/><W35/><G35/><T80/><D57/><U110/><E33/><V119/><F32/><W40/><G40/><T93/><D80/><U6/><E82/><V48/><F58/><W83/><G83/><T56/><D56/><U102/><E6/><V92/><F41/><W43/><G43/><T101/><D131/><U89/><E128/><V84/><F54/><W4/><G4/><T63/><D130/><U1/><E47/><V105/><F52/><W107/><G107/><T98/><D129/><U50/><E104/><V53/><F105/><W108/><G108/><T62/><D111/><U71/><E110/><V31/><F53/><W24/><G24/><T117/><D109/><U95/><E106/><V69/><F31/><W49/><G49/><T42/><D42/><U118/><E50/><V94/><F48/><W96/><G96/><T39/><D117/><U30/><E30/><V126/><F69/><W99/><G99/><T114/><D98/><U51/><E118/><RYUUKYOKU ba="0,1" sc="250,-10,250,-10,250,-10,240,30" hai3="17,19,20,21,26,27,60,61,79,81,132,133,134" /><INIT seed="1,1,1,2,5,42" ten="240,240,240,270" oya="1" hai0="85,98,125,23,127,6,84,120,71,108,111,131,11" hai1="47,58,55,128,94,112,78,130,45,52,107,122,77" hai2="10,123,129,86,132,89,109,18,1,70,135,24,119" hai3="95,134,65,5,103,50,63,16,12,36,92,17,91"/><U3/><E107/><V66/><F123/><W126/><G36/><T39/><D39/><U60/><E3/><V73/><F73/><W83/><G134/><N who="2" m="51241" /><F119/><W56/><G126/><N who="0" m="48139" /><D71/><U54/><E122/><V38/><F38/><W26/><G50/><T106/><D120/><U19/><E112/><V48/><F109/><N who="0" m="42058" /><D23/><U8/><E94/><N who="3" m="35882" /><G26/><T104/><D131/><N who="1" m="50219" /><E19/><N who="3" m="7242" /><G103/><N who="0" m="62583" /><D106/><U51/><E8/><V117/><F10/><N who="3" m="4175" /><G83/><T32/><D32/><U2/><E2/><AGARI ba="1,1" hai="2,6,11,84,85" m="62583,42058,48139" machi="2" ten="30,2000,0" yaku="18,1,14,1" doraHai="42" who="0" fromWho="1" sc="240,33,240,-23,240,0,270,0" /><INIT seed="2,0,0,5,3,111" ten="273,217,240,270" oya="2" hai0="41,92,14,37,61,4,66,75,96,27,21,9,123" hai1="87,106,70,33,34,44,119,102,45,48,54,40,115" hai2="118,59,35,120,20,100,52,67,39,7,43,122,68" hai3="93,6,105,2,12,134,133,25,24,86,50,114,1"/><V108/><F35/><W56/><G105/><T128/><D123/><N who="2" m="47146" /><F20/><W71/><G71/><T60/><D75/><U76/><E119/><V83/><F7/><W15/><G56/><T107/><D107/><U72/><E34/><V88/><F100/><W103/><G50/><T10/><D128/><U97/><E33/><V89/><F83/><W77/><G77/><T124/><D124/><U58/><E72/><V22/><F22/><W5/><G86/><T112/><D112/><U11/><E115/><V55/><F118/><W28/><G103/><T94/><D37/><U113/><E113/><V81/><F81/><W16/><G93/><T36/><D36/><U130/><E11/><V26/><F26/><N who="3" m="10347" /><G28/><T0/><D41/><U91/><E76/><V38/><F108/><W82/><G82/><T131/><D131/><U69/><E130/><V90/><F38/><W30/><G30/><T47/><D27/><U64/><E91/><V117/><F117/><W8/><G114/><T85/><D85/><U116/><E87/><V49/><F55/><W51/><G51/><T42/><D94/><U63/><E116/><V17/><F90/><W62/><G62/><T132/><D92/><U13/><E70/><V109/><F89/><W98/><G98/><T3/><D96/><U79/><E79/><V135/><F88/><W104/><G104/><T32/><D32/><U101/><E101/><V78/><F78/><W84/><G84/><T18/><D61/><U53/><E53/><V29/><F68/><W73/><G73/><T74/><D74/><U127/><E69/><V46/><F39/><RYUUKYOKU ba="0,0" sc="273,0,217,0,240,0,270,0" /><INIT seed="3,1,0,0,4,7" ten="273,217,240,270" oya="3" hai0="42,123,96,74,15,57,5,125,98,85,31,71,81" hai1="58,19,50,26,94,122,76,75,39,17,51,22,8" hai2="20,127,36,134,45,124,35,105,4,101,129,116,93" hai3="120,6,92,67,115,102,73,130,114,60,80,103,126"/><W72/><G120/><T70/><D123/><U83/><E39/><V132/><F35/><W13/><G130/><T95/><D74/><U66/><E122/><V0/><F116/><W88/><G126/><N who="2" m="48169" /><F105/><W62/><G80/><T25/><D125/><U3/><E94/><V30/><F101/><W113/><G102/><T100/><D98/><U90/><E90/><V37/><F93/><W121/><G103/><T53/><D42/><U97/><E97/><V27/><F45/><W56/><G62/><T79/><D15/><U68/><E68/><V14/><F0/><W48/><G48/><T106/><D5/><U55/><E66/><V46/><F46/><W16/><G6/><T86/><D86/><U65/><E65/><V59/><F59/><W84/><REACH who="3" step="1"/><G121/><REACH who="3" ten="273,217,240,260" step="2"/><T47/><D106/><U131/><E131/><V44/><F129/><W1/><G1/><T10/><D100/><U9/><E3/><V133/><F37/><W23/><AGARI ba="1,1" hai="13,16,23,56,60,67,72,73,84,88,92,113,114,115" machi="23" ten="30,18000,2" yaku="1,1,0,1,54,2,53,3" doraHai="7" doraHaiUra="110" who="3" fromWho="3" sc="273,-61,217,-61,240,-61,260,193" /><INIT seed="3,2,0,3,5,69" ten="212,156,179,453" oya="3" hai0="50,23,80,62,9,100,112,89,118,130,123,114,3" hai1="103,45,84,34,46,54,12,28,15,10,134,94,59" hai2="81,70,0,65,120,131,19,73,92,57,96,24,74" hai3="79,66,17,87,16,72,88,121,82,71,95,39,99"/><W2/><G121/><T32/><D123/><U93/><E134/><V109/><F120/><W78/><G2/><T38/><D118/><U129/><E129/><V106/><F131/><W133/><G133/><T27/><D32/><U26/><E15/><V52/><F106/><W18/><G39/><T61/><D130/><U53/><E53/><V33/><F109/><W30/><G30/><T51/><D100/><U113/><E113/><N who="0" m="43625" /><D38/><U22/><E34/><V85/><F0/><W77/><REACH who="3" step="1"/><G72/><REACH who="3" ten="212,156,179,443" step="2"/><T14/><D3/><U25/><E28/><V1/><F1/><W107/><G107/><T128/><D128/><U7/><E103/><V20/><F74/><W108/><G108/><T68/><D68/><U91/><E94/><V41/><F73/><W31/><G31/><T111/><D111/><U35/><E35/><V6/><F33/><W102/><G102/><T29/><D29/><U47/><REACH who="1" step="1"/><E22/><REACH who="1" ten="212,146,179,443" step="2"/><V60/><F20/><W48/><G48/><AGARI ba="2,2" hai="7,10,12,25,26,45,46,47,48,54,59,84,91,93" machi="48" ten="40,5200,0" yaku="1,1,2,1,8,1,53,0" doraHai="69" doraHaiUra="110" who="1" fromWho="3" sc="212,0,146,78,179,0,443,-58" /><INIT seed="4,0,0,4,2,45" ten="212,224,179,385" oya="0" hai0="64,135,95,133,32,29,55,62,16,81,111,48,79" hai1="82,54,96,124,33,123,3,128,6,99,11,4,70" hai2="92,27,127,76,1,8,17,102,19,61,115,93,132" hai3="44,59,113,74,91,80,104,108,63,10,47,5,51"/><T35/><D111/><U72/><E123/><V15/><F115/><W77/><G108/><T71/><D95/><N who="2" m="36426" /><F1/><W31/><G104/><T21/><D29/><U106/><E70/><V20/><F132/><N who="0" m="50762" /><D81/><U117/><E33/><V53/><F127/><W119/><G119/><T57/><D79/><U131/><E117/><V65/><F76/><W116/><G113/><T105/><D105/><U0/><E124/><V118/><F118/><W42/><G116/><T46/><D71/><U9/><E54/><V13/><F102/><W34/><G91/><T114/><D114/><U134/><E134/><V121/><F121/><W38/><G31/><T49/><D49/><U97/><E106/><V2/><F2/><W89/><G89/><T43/><D64/><U87/><REACH who="1" step="1"/><E72/><REACH who="1" ten="212,214,179,385" step="2"/><V120/><F120/><W84/><G74/><T25/><AGARI ba="0,1" hai="16,21,25,32,35,43,46,48,55,57,62" m="50762" machi="25" ten="30,6000,0" yaku="20,1,52,1,54,1" doraHai="45" who="0" fromWho="0" sc="212,70,214,-20,179,-20,385,-20" /><INIT seed="4,1,0,4,4,92" ten="282,194,159,365" oya="0" hai0="39,31,118,111,2,51,83,20,55,84,54,120,37" hai1="108,46,15,96,22,64,70,135,33,121,115,132,42" hai2="34,8,23,86,17,98,47,58,97,131,11,126,40" hai3="38,81,24,48,99,129,18,14,103,107,60,85,134"/><T7/><D120/><U88/><E33/><V12/><F34/><W116/><G38/><T62/><D118/><U53/><E121/><V9/><F131/><W30/><G116/><T32/><D32/><U100/><E70/><V10/><F126/><W61/><G134/><T1/><D111/><U128/><E64/><V104/><F104/><W6/><G6/><T130/><D130/><U71/><E71/><V124/><F124/><W94/><G107/><T114/><D114/><U4/><E128/><V65/><N who="2" m="2048" /><DORA hai="87" /><V43/><F86/><W13/><G129/><T56/><D7/><U57/><E108/><V125/><F125/><W80/><G80/><T75/><D75/><U109/><E109/><V89/><F89/><N who="3" m="51375" /><G30/><T77/><D37/><U122/><E100/><V91/><F91/><W28/><G28/><T44/><REACH who="0" step="1"/><D39/><REACH who="0" ten="272,194,159,365" step="2"/><U0/><E122/><V26/><F26/><AGARI ba="1,1" hai="1,2,20,26,31,44,51,54,55,56,62,77,83,84" machi="26" ten="40,3900,0" yaku="1,1,2,1,53,0" doraHai="92,87" doraHaiUra="110,68" who="0" fromWho="2" sc="272,52,194,0,159,-42,365,0" /><INIT seed="4,2,0,2,3,25" ten="324,194,117,365" oya="0" hai0="83,58,118,6,116,40,77,11,126,97,93,51,129" hai1="112,47,114,69,62,131,113,14,86,105,0,41,52" hai2="22,2,80,60,87,49,132,95,13,1,70,91,56" hai3="94,90,68,8,35,9,12,43,92,4,20,71,64"/><T37/><D129/><U130/><E105/><V28/><F132/><W18/><G35/><T19/><D126/><U10/><E0/><V67/><F70/><W76/><G76/><T99/><D19/><U96/><E96/><V44/><F95/><W57/><G43/><T73/><D99/><U103/><E103/><V124/><F124/><W81/><G81/><T7/><D7/><U50/><E86/><V46/><F46/><W65/><G92/><T115/><D115/><U108/><E108/><V135/><F135/><W42/><G42/><T23/><D23/><U78/><E78/><V59/><F59/><W104/><G104/><T61/><D51/><N who="1" m="27119" /><E14/><V34/><F34/><W72/><G72/><T102/><D40/><U24/><E24/><V111/><F111/><W27/><G9/><T36/><D36/><U63/><E10/><V15/><F1/><W84/><G65/><T120/><D120/><U31/><E31/><V128/><F2/><W133/><G133/><T17/><D17/><U98/><E98/><V88/><F91/><W54/><G64/><T106/><D37/><U29/><E29/><V55/><F128/><N who="1" m="49193" /><E69/><V82/><F82/><W121/><G121/><T3/><REACH who="0" step="1"/><D106/><REACH who="0" ten="314,194,117,365" step="2"/><U16/><E16/><V117/><F117/><W39/><G39/><T85/><D85/><U74/><E74/><V48/><F48/><AGARI ba="2,1" hai="4,8,12,18,20,27,48,54,57,68,71,84,90,94" machi="48" ten="30,1000,0" yaku="7,1" doraHai="25" who="3" fromWho="2" sc="314,0,194,0,117,-16,365,26" /><INIT seed="5,0,0,4,1,71" ten="314,194,101,391" oya="1" hai0="9,48,1,45,54,51,21,31,44,112,106,23,95" hai1="81,64,118,41,85,124,102,53,120,37,135,63,40" hai2="128,134,129,104,96,111,105,73,121,87,65,119,30" hai3="47,90,75,12,91,11,55,58,68,114,77,89,29"/><U33/><E118/><V82/><F65/><W130/><G68/><T132/><D106/><N who="2" m="41066" /><F30/><W26/><G114/><T86/><D112/><U79/><E33/><V14/><F14/><W100/><G130/><N who="2" m="50281" /><F119/><W74/><G100/><T60/><D132/><U46/><E135/><V103/><F134/><W123/><G47/><T98/><D86/><U122/><E41/><V28/><F28/><W3/><G3/><T57/><D31/><U36/><E36/><V116/><F116/><W67/><G67/><T113/><D113/><U32/><E32/><V108/><F73/><W125/><G75/><T127/><D127/><U42/><E124/><V131/><N who="2" m="50289" /><V52/><DORA hai="126" /><F52/><W76/><G74/><T16/><D1/><U19/><E42/><V69/><F69/><W49/><G125/><T83/><D54/><U13/><E53/><V22/><F22/><W20/><G12/><T109/><D23/><U25/><E25/><V50/><F50/><W15/><G15/><T24/><D51/><U115/><E115/><V10/><F10/><W92/><G11/><T88/><D48/><U56/><E13/><V66/><F66/><W5/><G49/><T117/><D117/><U80/><E19/><V34/><F34/><W107/><G55/><N who="0" m="33855" /><D9/><U38/><E38/><V17/><F17/><W59/><G29/><T35/><D35/><U0/><E0/><V8/><F8/><W4/><G20/><T61/><D21/><U70/><E70/><V84/><F121/><W72/><G123/><T133/><D133/><U101/><E81/><V94/><F82/><W62/><G72/><RYUUKYOKU ba="0,0" sc="314,-15,194,15,101,15,391,-15" hai1="37,40,46,56,63,64,79,80,85,101,102,120,122" hai2="84,87,94,96,103,108,111" /><INIT seed="5,1,0,4,3,8" ten="299,209,116,376" oya="1" hai0="80,97,35,91,105,134,59,27,40,113,9,15,83" hai1="66,3,86,71,11,45,94,50,93,16,33,23,82" hai2="58,2,131,37,133,128,89,114,52,98,109,75,7" hai3="96,28,123,47,111,100,121,65,78,48,13,39,126"/><U84/><E33/><V67/><F109/><W135/><G111/><T72/><D113/><U62/><E84/><V26/><F114/><W77/><G39/><T92/><D134/><U24/><E3/><V6/><F133/><W25/><G135/><T57/><D105/><U14/><E50/><V90/><F75/><W73/><G126/><T36/><D36/><U112/><E45/><V118/><F118/><W55/><G65/><T34/><D40/><U38/><E38/><V68/><F37/><W64/><G64/><T0/><D0/><U1/><E1/><V95/><F26/><W29/><G29/><T32/><D27/><U69/><E69/><V63/><F89/><W124/><G124/><T22/><D22/><U107/><E107/><V20/><F20/><W130/><G130/><N who="2" m="49705" /><F2/><W106/><G73/><T116/><D116/><U85/><E85/><V70/><F70/><W46/><G106/><T19/><REACH who="0" step="1"/><D80/><REACH who="0" ten="289,209,116,376" step="2"/><U120/><E112/><V74/><F74/><W129/><G129/><T104/><D104/><U49/><E120/><V76/><F76/><AGARI ba="1,1" hai="9,15,19,32,34,35,57,59,72,76,83,91,92,97" machi="76" ten="40,2600,0" yaku="1,1,52,1,53,0" doraHai="8" doraHaiUra="51" who="0" fromWho="2" sc="289,39,209,0,116,-29,376,0" /><INIT seed="6,0,0,2,4,83" ten="328,209,87,376" oya="2" hai0="82,122,51,70,12,10,85,103,81,38,21,128,2" hai1="16,110,43,131,61,31,22,52,36,88,78,76,14" hai2="54,9,40,135,68,95,121,6,8,71,84,97,119" hai3="58,35,100,92,99,15,127,75,72,102,113,101,25"/><V87/><F121/><W120/><G120/><T26/><D122/><U64/><E110/><V98/><F119/><W93/><G127/><T7/><D38/><U11/><E131/><V77/><F135/><W65/><G113/><T79/><D70/><U1/><E36/><V28/><F40/><W133/><G133/><T115/><D115/><U118/><E43/><V105/><F28/><W3/><G3/><T27/><D128/><U47/><E118/><V42/><F42/><W130/><G130/><T106/><D106/><U44/><E1/><V73/><F73/><W132/><G132/><T5/><D103/><U123/><E123/><V117/><F117/><W37/><G37/><T33/><D33/><U126/><E64/><V18/><F77/><W89/><G93/><T53/><D82/><U55/><E76/><V19/><F54/><N who="1" m="20521" /><E61/><V49/><F95/><W129/><G92/><T116/><D116/><U24/><E78/><V41/><F41/><W114/><G114/><T90/><D79/><U86/><E126/><V57/><F57/><W13/><G58/><T39/><D39/><U124/><E124/><V80/><F80/><AGARI ba="0,0" hai="11,14,16,22,24,31,44,47,80,86,88" m="20521" machi="80" ten="30,8000,1" yaku="8,1,52,1,54,3" doraHai="83" who="1" fromWho="2" sc="328,0,209,80,87,-80,376,0" /><INIT seed="7,0,0,2,4,63" ten="328,289,7,376" oya="3" hai0="3,84,88,119,79,62,38,87,10,106,58,127,49" hai1="100,35,53,75,25,112,94,5,78,56,110,19,55" hai2="107,39,97,23,66,52,7,9,83,86,57,121,80" hai3="74,81,65,18,85,92,41,60,123,108,33,26,12"/><W34/><G123/><T54/><D119/><U126/><E110/><V68/><F121/><W64/><G108/><T28/><D106/><U131/><E131/><V98/><F39/><W8/><G41/><T31/><D38/><U14/><E126/><V36/><F36/><W48/><G48/><T70/><D127/><U113/><E75/><V37/><F37/><W50/><G50/><T6/><D84/><U47/><E78/><V2/><F107/><W132/><G132/><T61/><D79/><U69/><E69/><V11/><F11/><W17/><G74/><T44/><D70/><U128/><E128/><V91/><F80/><W122/><G92/><T45/><D62/><U0/><E47/><V27/><F68/><W93/><G93/><T118/><D118/><U115/><E56/><V135/><F135/><W30/><G34/><T125/><D125/><U104/><E104/><V22/><F22/><W95/><G95/><T72/><D72/><U71/><E71/><V67/><F97/><W117/><G117/><T76/><D76/><U24/><E0/><V116/><F98/><W109/><G109/><T20/><D20/><U43/><E43/><V90/><F90/><W105/><G122/><T59/><D59/><U42/><E42/><V130/><F130/><W101/><G105/><T103/><D103/><U111/><E5/><V32/><F32/><W120/><G33/><T134/><D134/><U89/><E100/><V96/><F96/><W99/><G99/><T129/><D129/><U114/><E114/><V82/><F116/><W133/><G133/><T15/><D44/><RYUUKYOKU ba="0,0" sc="328,0,289,0,7,0,376,0" owari="328,13.0,289,-11.0,7,-49.0,376,47.0" /></mjloggm>