<mjloggm ver="2.3"><GO type="169" lobby="0"/><UN n0="%E3%82%84%E3%81%B6%E3%81%84%E3%81%97" n1="%49%53%53%4F%4E%34" n2="%E3%83%99%E3%83%AB%E3%81%A0%E3%81%91%E8%A8%AD%E5%AE%9A%EF%BC%96" n3="%41%6B%61%2D%75%72%61" dan="16,16,17,16" rate="2141.97,2092.03,2154.77,2079.06" sx="M,M,M,F"/><TAIKYOKU oya="0"/><INIT seed="0,0,0,3,2,31" ten="250,250,250,250" oya="0" hai0="27,123,48,83,32,130,92,107,16,72,112,85,84" hai1="57,90,69,10,8,71,12,87,34,59,75,104,24" hai2="93,94,49,95,43,5,70,81,108,41,80,14,125" hai3="40,134,109,74,56,77,30,79,117,129,96,9,89"/><T66/><D123/><U106/><E75/><V114/><F70/><W61/><G117/><T135/><D112/><U1/><E1/><V55/><F114/><W101/><G129/><T102/><D130/><U103/><E103/><V64/><F108/><W118/><G109/><T132/><D107/><U133/><E133/><N who="0" m="51273" /><D66/><U46/><E46/><V86/><F64/><W105/><G134/><T127/><D127/><U29/><E71/><V18/><F5/><W124/><G124/><T13/><D48/><U131/><E69/><V68/><F68/><W50/><G118/><T120/><D120/><U73/><E73/><V51/><F125/><W23/><G9/><N who="0" m="6191" /><D102/><U6/><E131/><V122/><F51/><W42/><G89/><T36/><D36/><U15/><E106/><V7/><F7/><W111/><G111/><T2/><D2/><U28/><E104/><V98/><F122/><W52/><G50/><T37/><D37/><U44/><E6/><V62/><F62/><W113/><G113/><T17/><D92/><U116/><E116/><V76/><F98/><W33/><G77/><N who="0" m="44455" /><D17/><U54/><E90/><V78/><F78/><W67/><G67/><T53/><D53/><U0/><E54/><V97/><F97/><W38/><G38/><T39/><D39/><U65/><E0/><V91/><F76/><W63/><G79/><T20/><D20/><U128/><E65/><V126/><F126/><W25/><G74/><T82/><D82/><U19/><E128/><V88/><F81/><W100/><G100/><T22/><D22/><U99/><E99/><V110/><F110/><RYUUKYOKU ba="0,0" sc="250,30,250,-10,250,-10,250,-10" hai0="27,32,84,85" /><INIT seed="0,1,0,0,4,54" ten="280,240,240,240" oya="0" hai0="1,39,88,30,94,79,115,117,27,89,95,26,113" hai1="49,114,53,96,130,5,73,3,2,87,46,106,104" hai2="41,28,124,128,50,48,35,44,109,9,61,40,105" hai3="123,103,14,63,121,57,42,72,23,59,98,25,84"/><T129/><D39/><U111/><E73/><V45/><F105/><W64/><G72/><T86/><D1/><U122/><E122/><N who="3" m="46602" /><G42/><T108/><D117/><U75/><E75/><V55/><F35/><W71/><G14/><T77/><D129/><U112/><E130/><V62/><F28/><N who="3" m="17471" /><G84/><T65/><D65/><U107/><E96/><V99/><F99/><W20/><G20/><T68/><D68/><U83/><E111/><V76/><F76/><W12/><G12/><T18/><D18/><U34/><E34/><V16/><F128/><W66/><G64/><T36/><D36/><U91/><REACH who="1" step="1"/><E5/><REACH who="1" ten="280,230,240,240" step="2"/><V22/><F109/><W38/><G38/><T47/><D108/><U69/><E69/><V132/><F132/><W118/><G118/><T82/><D115/><AGARI ba="1,1" hai="2,3,46,49,53,83,87,91,104,106,107,112,114,115" machi="115" ten="50,3200,0" yaku="1,1,11,1,53,0" doraHai="54" doraHaiUra="97" who="1" fromWho="0" sc="280,-35,230,45,240,0,240,0" /><INIT seed="1,0,0,5,5,110" ten="245,275,240,240" oya="1" hai0="45,61,118,64,65,79,111,26,73,40,5,89,55" hai1="14,57,66,48,11,24,16,3,2,90,100,75,130" hai2="81,82,69,67,134,123,34,103,41,127,83,43,116" hai3="30,119,106,99,125,8,32,78,129,38,37,107,120"/><U0/><E75/><V92/><F116/><W72/><G120/><T133/><D118/><U131/><E100/><V1/><F123/><W25/><G119/><T94/><D111/><U98/><E66/><V13/><F1/><W59/><G125/><T58/><D133/><U10/><E57/><V113/><F34/><W20/><G59/><T22/><D5/><U46/><E98/><V29/><F29/><W88/><G129/><N who="1" m="49162" /><E90/><V68/><F134/><W49/><G49/><T95/><D79/><U42/><E24/><V60/><F127/><W84/><G8/><AGARI ba="0,0" hai="0,2,3,8,10,11,14,16,42,46,48" m="49162" machi="8" ten="40,3900,0" yaku="19,1,54,1" doraHai="110" who="1" fromWho="3" sc="245,0,275,39,240,0,240,-39" /><INIT seed="1,1,0,4,1,132" ten="245,314,240,201" oya="1" hai0="15,105,116,129,1,0,23,82,135,95,45,4,133" hai1="13,70,59,11,113,109,42,101,35,33,98,106,22" hai2="47,128,24,40,124,21,12,17,89,64,7,55,61" hai3="92,74,28,9,52,103,81,51,25,49,19,112,3"/><U80/><E70/><V36/><F128/><W102/><G112/><T37/><D105/><U107/><E113/><V99/><F7/><W65/><G65/><T67/><D116/><U41/><E107/><V14/><F124/><W32/><G49/><T27/><D129/><U108/><E22/><V84/><F99/><W90/><G81/><T71/><D82/><U87/><E59/><V31/><F55/><W48/><G48/><T94/><D67/><U122/><E122/><V58/><REACH who="2" step="1"/><F31/><REACH who="2" ten="245,314,230,201" step="2"/><W77/><G3/><T18/><D4/><N who="1" m="3303" /><E42/><V96/><F96/><W114/><G114/><T10/><D0/><U39/><E41/><V68/><F68/><W134/><G134/><T6/><D71/><U78/><E39/><V83/><AGARI ba="1,1" hai="12,14,17,21,24,36,40,47,58,61,64,83,84,89" machi="83" ten="20,5200,0" yaku="1,1,0,1,7,1,53,1" doraHai="132" doraHaiUra="38" who="2" fromWho="2" sc="245,-14,314,-27,230,65,201,-14" /><INIT seed="2,0,0,5,0,36" ten="231,287,295,187" oya="2" hai0="12,98,13,23,3,130,133,112,65,95,118,93,63" hai1="42,111,127,14,110,124,90,122,128,75,55,50,54" hai2="58,96,25,101,38,27,123,16,4,62,51,83,41" hai3="44,0,9,68,104,20,37,71,67,17,73,2,92"/><V82/><F123/><W56/><G104/><T18/><D130/><U72/><E128/><V11/><F38/><W88/><G73/><T132/><D118/><U8/><E90/><V115/><F115/><W113/><G113/><T59/><D112/><U5/><E122/><V52/><F4/><W121/><G121/><T30/><D3/><U34/><E34/><V97/><F27/><W1/><G9/><T40/><D30/><U103/><E103/><V19/><F25/><W114/><G114/><T21/><D40/><U49/><E49/><V102/><F97/><W79/><G79/><T31/><D31/><U26/><E26/><V43/><F96/><W134/><G134/><N who="0" m="51819" /><D98/><U131/><E131/><V33/><F33/><W89/><G56/><T109/><D109/><N who="1" m="41483" /><E55/><N who="2" m="34143" /><F83/><W100/><G100/><N who="2" m="38505" /><F82/><W78/><G78/><T135/><D135/><U28/><E28/><V64/><F64/><W107/><G107/><T29/><D29/><U74/><E42/><N who="2" m="15883" /><F11/><W91/><G0/><T116/><D116/><U129/><E129/><V24/><F24/><N who="3" m="14351" /><G67/><T48/><D65/><U69/><E69/><N who="3" m="26698" /><G1/><T76/><D76/><U57/><AGARI ba="0,0" hai="5,8,14,50,54,57,72,74,75,124,127" m="41483" machi="57" ten="40,1500,0" yaku="14,1" doraHai="36" who="1" fromWho="1" sc="231,-4,287,15,295,-7,187,-4" /><INIT seed="3,0,0,3,2,94" ten="227,302,288,183" oya="3" hai0="82,108,12,112,103,2,49,116,71,52,61,7,81" hai1="55,122,74,53,50,13,9,88,101,36,27,132,65" hai2="129,86,35,18,109,14,75,57,19,114,51,5,0" hai3="118,125,135,133,85,10,111,66,26,22,63,67,47"/><W44/><G118/><T45/><D108/><U123/><E74/><V117/><F75/><W28/><G111/><T128/><D2/><U16/><E36/><V72/><F72/><W99/><G125/><T24/><D116/><U89/><E101/><V84/><F109/><W131/><G131/><T107/><D128/><U64/><E123/><V1/><F117/><W25/><G85/><T15/><D112/><U126/><E122/><V113/><F35/><W124/><G124/><T3/><D3/><U104/><E104/><V6/><F129/><W121/><G121/><T77/><D24/><U105/><E105/><V79/><F79/><W68/><G10/><T20/><D7/><U69/><E69/><V98/><F51/><W127/><G127/><T95/><D107/><U78/><E78/><V87/><F57/><W76/><G76/><T90/><D103/><U83/><E132/><N who="3" m="50762" /><G67/><N who="1" m="25674" /><E126/><V41/><F86/><W34/><G99/><N who="0" m="57847" /><D71/><U91/><E27/><V38/><F14/><N who="0" m="5162" /><D77/><U29/><E29/><AGARI ba="0,0" hai="22,25,26,28,29,34,44,47,63,66,68" m="50762" machi="29" ten="30,1500,0" yaku="20,1" doraHai="94" who="3" fromWho="1" sc="227,0,302,-15,288,0,183,15" /><INIT seed="3,1,0,0,1,66" ten="227,287,288,198" oya="3" hai0="36,74,5,29,34,20,103,59,8,107,131,68,51" hai1="49,23,55,106,18,82,104,65,115,81,32,57,2" hai2="13,50,97,64,1,6,119,44,15,135,79,63,77" hai3="86,88,96,134,48,58,132,89,78,87,28,102,75"/><W25/><G58/><T42/><D59/><U53/><E32/><V90/><F119/><W24/><G48/><T40/><D51/><U70/><E2/><V93/><F135/><N who="3" m="51755" /><G24/><T83/><D20/><U112/><E55/><V10/><F1/><W69/><G69/><T109/><D131/><U110/><E110/><V11/><F63/><W62/><G62/><T73/><D109/><U35/><E35/><V85/><F64/><W41/><G41/><T0/><D83/><U52/><E57/><V38/><F38/><W30/><G30/><T95/><D95/><U117/><E65/><V26/><F26/><W56/><G56/><T118/><D118/><U43/><E117/><V71/><F71/><W121/><G121/><T84/><D84/><N who="3" m="32297" /><G75/><T31/><D31/><U120/><E120/><V98/><F50/><W4/><G4/><T37/><D42/><U133/><E49/><V7/><F44/><W46/><G46/><N who="0" m="23815" /><D37/><U47/><E43/><V91/><F6/><W114/><G114/><T111/><D111/><U12/><E133/><V14/><F7/><W16/><G16/><T80/><D68/><U60/><E70/><V105/><F10/><W127/><G78/><N who="0" m="44111" /><D74/><U22/><E47/><V116/><F116/><W108/><G108/><T45/><D45/><U125/><E60/><V61/><F61/><W76/><G76/><T17/><D17/><U67/><E67/><V113/><F113/><W101/><G127/><T92/><D29/><U126/><E18/><N who="2" m="8511" /><F79/><W124/><G124/><T100/><D34/><U54/><E54/><V94/><F77/><W3/><G3/><RYUUKYOKU ba="1,0" sc="227,-15,287,15,288,15,198,-15" hai1="12,22,23,52,53,81,82,104,106,112,115,125,126" hai2="14,15,85,90,91,93,94,97,98,105" /><INIT seed="4,2,0,5,0,42" ten="212,302,303,183" oya="0" hai0="55,118,67,17,90,129,134,23,108,106,77,81,39" hai1="82,2,15,115,123,96,16,133,73,18,92,104,56" hai2="28,121,63,64,35,59,120,124,51,57,125,88,107" hai3="62,6,10,13,75,54,49,127,111,103,132,126,119"/><T25/><D118/><U3/><E104/><V8/><F107/><W20/><G119/><T91/><D106/><U100/><E123/><V94/><F35/><W135/><G75/><T99/><D39/><U70/><E70/><V24/><F8/><W74/><G74/><T71/><D134/><N who="3" m="51241" /><G111/><T9/><D108/><U36/><E133/><V14/><F14/><W89/><G62/><T116/><D116/><U7/><E7/><V69/><F24/><W65/><G65/><T98/><D129/><U30/><E30/><V0/><F28/><W112/><G112/><T44/><D71/><U76/><E18/><V66/><F0/><W102/><G89/><N who="0" m="33803" /><D67/><U33/><E33/><V109/><F109/><W1/><G1/><T131/><D131/><U43/><E56/><N who="2" m="21579" /><F51/><W84/><G84/><N who="0" m="48175" /><D9/><U80/><E80/><V114/><F66/><W85/><G85/><T130/><D130/><U47/><E115/><V122/><F114/><W68/><G68/><T40/><D40/><U31/><E31/><V79/><F79/><W32/><G32/><T11/><D11/><AGARI ba="2,0" hai="2,3,11,15,16,36,43,47,73,76,82,92,96,100" machi="11" ten="30,3900,0" yaku="7,1,52,1,54,1" doraHai="42" who="1" fromWho="0" sc="212,-45,302,45,303,0,183,0" /><INIT seed="5,0,0,3,3,123" ten="167,347,303,183" oya="1" hai0="128,43,61,103,116,21,27,22,106,101,31,33,51" hai1="35,104,14,38,131,28,66,36,107,7,41,90,113" hai2="108,6,68,50,95,75,18,47,40,87,8,26,44" hai3="97,62,69,54,82,1,25,4,115,3,42,0,5"/><U78/><E78/><V91/><F108/><W11/><G115/><T133/><D116/><U114/><E66/><V17/><F75/><W45/><G25/><T58/><D133/><U13/><E28/><V64/><F68/><W15/><G82/><T20/><D128/><U56/><E35/><V67/><F47/><W65/><G54/><T134/><D134/><U57/><E7/><V49/><F49/><W85/><G85/><T32/><D32/><U124/><E124/><V79/><F79/><W94/><G4/><T118/><D118/><U74/><E74/><V76/><F76/><W119/><G119/><T71/><D71/><U89/><REACH who="1" step="1"/><E41/><REACH who="1" ten="167,337,303,183" step="2"/><V16/><REACH who="2" step="1"/><F26/><REACH who="2" ten="167,337,293,183" step="2"/><W34/><G34/><T86/><D33/><U112/><E112/><V127/><F127/><W111/><G69/><T63/><D27/><U77/><E77/><V83/><F83/><W135/><G135/><T19/><D31/><U120/><E120/><V10/><F10/><W102/><G11/><T53/><D21/><U81/><E81/><V117/><F117/><W110/><G110/><T39/><D22/><U129/><AGARI ba="0,2" hai="13,14,36,38,56,57,89,90,104,107,113,114,129,131" machi="129" ten="25,9600,0" yaku="1,1,0,1,22,2,53,0" doraHai="123" doraHaiUra="93" who="1" fromWho="1" sc="167,-32,337,116,293,-32,183,-32" /><INIT seed="5,1,0,2,3,110" ten="135,453,261,151" oya="1" hai0="78,16,0,123,52,75,1,131,61,99,87,25,100" hai1="74,77,29,67,98,54,62,63,66,92,93,56,70" hai2="86,108,13,88,9,125,28,47,120,6,40,12,96" hai3="11,24,30,53,103,10,35,105,4,48,34,104,18"/><U65/><E74/><V76/><F108/><W21/><G103/><T14/><D75/><U94/><E77/><V89/><F120/><W71/><G71/><T27/><D123/><U7/><E98/><V80/><F125/><W129/><G129/><T2/><D131/><U46/><E7/><V19/><F28/><W64/><G64/><T20/><D78/><U97/><E97/><V127/><F127/><W26/><G34/><T111/><D87/><U69/><E29/><V42/><F96/><W49/><G49/><T126/><D126/><U114/><E65/><V130/><F130/><W109/><G109/><T133/><D133/><U101/><E101/><V22/><REACH who="2" step="1"/><F42/><REACH who="2" ten="135,453,251,151" step="2"/><W45/><REACH who="3" step="1"/><G10/><REACH who="3" ten="135,453,251,141" step="2"/><T112/><D111/><U51/><E70/><V102/><F102/><W41/><G41/><T44/><D100/><U60/><E69/><V116/><F116/><W106/><G106/><T128/><D128/><U84/><E67/><V113/><F113/><W95/><G95/><T5/><D52/><U73/><E114/><V57/><F57/><W107/><G107/><T135/><D112/><U32/><E66/><V79/><F79/><W82/><G82/><T72/><D135/><U23/><E56/><V68/><F68/><W121/><G121/><T43/><D43/><U39/><E46/><V38/><AGARI ba="1,2" hai="6,9,12,13,19,22,38,40,47,76,80,86,88,89" machi="38" ten="20,8000,1" yaku="1,1,0,1,7,1,54,1,53,1" doraHai="110" doraHaiUra="15" who="2" fromWho="2" sc="135,-21,453,-41,251,103,141,-21" /><INIT seed="6,0,0,2,5,60" ten="114,412,354,120" oya="2" hai0="36,82,26,130,5,95,132,123,7,47,43,92,3" hai1="62,116,81,99,34,71,111,112,53,110,38,20,17" hai2="93,118,28,114,129,57,25,65,24,12,52,66,19" hai3="22,33,127,9,31,106,50,55,101,32,49,59,120"/><V79/><F118/><W73/><G73/><T2/><D123/><U18/><E34/><V98/><F114/><W64/><G120/><T11/><D132/><U44/><E116/><V126/><F129/><W67/><G127/><T88/><D130/><U4/><E4/><V77/><F126/><W97/><G9/><T46/><D26/><N who="2" m="10346" /><F28/><W96/><G22/><T109/><D109/><U121/><E121/><V27/><F27/><W15/><G15/><T63/><D63/><U128/><E128/><V74/><F74/><W125/><G125/><T135/><D135/><U102/><E112/><V76/><F93/><W75/><G75/><T14/><D82/><U85/><E71/><V108/><F98/><W119/><G119/><T40/><D14/><U13/><E17/><V30/><F30/><W6/><G6/><T133/><D133/><U21/><E21/><N who="2" m="11495" /><F108/><W45/><G97/><T23/><D23/><U91/><E38/><V107/><F107/><W69/><G31/><T89/><D11/><U54/><E111/><V72/><F72/><W105/><G105/><T122/><D122/><U100/><E110/><V90/><F90/><W8/><G8/><T35/><REACH who="0" step="1"/><D36/><REACH who="0" ten="104,412,354,120" step="2"/><U87/><E13/><V134/><F134/><W29/><G29/><T42/><D42/><U51/><E20/><V58/><F58/><W0/><G69/><T56/><D56/><U113/><E113/><V131/><F131/><W104/><G33/><AGARI ba="0,1" hai="2,3,5,7,33,35,40,43,46,47,88,89,92,95" machi="33" ten="25,6400,0" yaku="1,1,22,2,54,1,53,0" doraHai="60" doraHaiUra="124" who="0" fromWho="3" sc="104,74,412,0,354,0,120,-64" /><INIT seed="7,0,0,4,0,71" ten="178,412,354,56" oya="3" hai0="53,88,8,5,26,93,72,0,73,122,104,115,116" hai1="6,64,17,74,46,60,128,32,66,52,133,1,63" hai2="105,123,99,82,98,91,121,67,20,16,109,9,87" hai3="117,130,114,28,97,131,11,103,34,65,54,113,42"/><W100/><G65/><T24/><D104/><U3/><E74/><V127/><F109/><W69/><G69/><T129/><D116/><U89/><E32/><V4/><F127/><W13/><G117/><T55/><D122/><U21/><E64/><V83/><F67/><W96/><G54/><T134/><D134/><U110/><E110/><V86/><F105/><W120/><G120/><T126/><D126/><U48/><E133/><V94/><F123/><W10/><G28/><T18/><D129/><N who="3" m="49161" /><G42/><T47/><D47/><U106/><E128/><V118/><F118/><W50/><G50/><T51/><D55/><U78/><E78/><V36/><F36/><W22/><G22/><T80/><D72/><U108/><E108/><V23/><F121/><W124/><G34/><T29/><D18/><U56/><E63/><V81/><F23/><W33/><G33/><T12/><D0/><U15/><E106/><V101/><F9/><N who="3" m="3083" /><G124/><T7/><D29/><U102/><E6/><V43/><F43/><W62/><G62/><T38/><D5/><U107/><E89/><V37/><F37/><W75/><G75/><T27/><D53/><U95/><E107/><V84/><F4/><W39/><G39/><T70/><D51/><U90/><E102/><N who="3" m="38954" /><G13/><T112/><D70/><U61/><E61/><V31/><F31/><W41/><G41/><T30/><D38/><U25/><E15/><V85/><REACH who="2" step="1"/><F101/><REACH who="2" ten="178,412,344,56" step="2"/><W68/><G68/><T57/><D57/><U79/><E66/><V132/><F132/><W135/><G135/><T45/><D30/><U19/><E21/><V49/><F49/><RYUUKYOKU ba="0,1" sc="178,-15,412,-15,344,15,56,15" hai2="16,20,81,82,83,84,85,86,87,91,94,98,99" hai3="96,97,113,114" /><INIT seed="7,1,1,0,0,67" ten="163,397,359,71" oya="3" hai0="73,18,47,13,37,111,4,134,2,131,98,56,87" hai1="32,78,45,64,27,43,58,20,16,110,118,85,93" hai2="120,19,88,109,34,26,40,89,135,39,12,66,132" hai3="63,25,119,108,124,84,52,114,65,81,82,104,8"/><W95/><G119/><T68/><D111/><U21/><E32/><V107/><F109/><W70/><G104/><T123/><D73/><U36/><E110/><V5/><F107/><W75/><G108/><T23/><D123/><U115/><E118/><V102/><F102/><W55/><G114/><T60/><D68/><U33/><E33/><V130/><F5/><W7/><G124/><T14/><D2/><U72/><E72/><V61/><F40/><W1/><G25/><T17/><D134/><N who="2" m="51242" /><F39/><W94/><G75/><T86/><D131/><U44/><E115/><V29/><F120/><W76/><G82/><T28/><D4/><U90/><E43/><V54/><F54/><W121/><G121/><T35/><D37/><U11/><E36/><V103/><F103/><W53/><AGARI ba="1,1" hai="1,7,8,52,53,55,63,65,70,76,81,84,94,95" machi="53" ten="30,6000,0" yaku="0,1,52,1,54,1" doraHai="67" who="3" fromWho="3" sc="163,-21,397,-21,359,-21,71,73" /><INIT seed="7,2,0,1,1,123" ten="142,376,338,144" oya="3" hai0="134,89,132,6,17,24,86,87,44,94,0,46,93" hai1="42,63,106,82,112,28,34,43,88,54,19,122,119" hai2="128,16,124,7,72,118,20,59,35,26,11,64,4" hai3="104,69,58,100,130,48,115,51,120,5,10,53,49"/><W37/><G120/><T114/><D114/><U47/><E122/><V1/><F72/><W30/><G69/><T105/><D105/><U25/><E106/><V135/><F64/><W101/><G37/><T99/><D0/><U33/><E33/><V60/><F60/><W31/><G115/><T66/><D6/><U9/><E112/><V23/><F59/><W95/><G104/><T84/><D66/><U108/><E119/><V74/><F74/><W77/><G77/><T110/><D110/><U85/><E108/><V76/><F76/><W127/><G127/><T97/><D17/><U67/><E67/><V38/><F38/><W81/><G81/><T75/><D24/><U111/><E111/><V117/><F128/><W32/><G130/><T79/><D79/><U107/><E63/><V91/><F91/><W55/><G32/><T65/><D65/><U27/><E27/><N who="2" m="14823" /><F135/><N who="0" m="51754" /><D75/><U80/><E80/><V73/><F73/><W57/><G49/><T12/><D12/><N who="1" m="7567" /><E107/><V125/><F7/><W14/><G95/><T45/><D97/><U92/><E92/><AGARI ba="2,0" hai="44,45,46,84,86,87,89,92,93,94,99" m="51754" machi="92" ten="40,1300,0" yaku="20,1" doraHai="123" who="0" fromWho="1" sc="142,19,376,-19,338,0,144,0" owari="161,-24.0,357,46.0,338,14.0,144,-36.0" /></mjloggm>