<mjloggm ver="2.3"><GO type="169" lobby="0"/><UN n0="%E3%82%AB%E3%83%A9%E3%82%B9%E3%81%AE%E5%AD%90" n1="%E3%81%BB%E3%81%BC%E9%AB%98%E7%9F%A5" n2="%6E%69%6A%69" n3="%E6%80%96%E3%81%8F%E3%81%AA%E3%81%84%E3%81%8A" dan="16,16,17,18" rate="2089.00,2041.64,2192.57,2146.06" sx="M,F,M,M"/><TAIKYOKU oya="0"/><INIT seed="0,0,0,5,5,11" ten="250,250,250,250" oya="0" hai0="81,99,53,121,134,33,71,68,129,104,63,22,78" hai1="30,54,82,67,18,117,13,1,9,32,74,44,49" hai2="60,84,38,83,56,61,46,87,64,80,77,108,51" hai3="89,65,29,25,132,126,27,93,88,28,50,36,123"/><T125/><D121/><U8/><E117/><V23/><F38/><W20/><G36/><T41/><D129/><U31/><E67/><V133/><F108/><W4/><G132/><T55/><D33/><U5/><E32/><V112/><F133/><W72/><G72/><T107/><D125/><U40/><E40/><V6/><F6/><W26/><G126/><T59/><D134/><U101/><E101/><V37/><F37/><W73/><G73/><T127/><D127/><U14/><E1/><V66/><F112/><W97/><G65/><T15/><D41/><U130/><E130/><V42/><F23/><W19/><G4/><T17/><D55/><U114/><E114/><V69/><F80/><W102/><G123/><T118/><D118/><U7/><E18/><V58/><REACH who="2" step="1"/><F87/><REACH who="2" ten="250,250,240,250" step="2"/><W62/><G29/><T47/><D47/><U91/><E74/><V16/><F16/><W52/><G28/><T122/><D122/><U57/><E44/><V0/><F0/><W35/><G35/><T120/><D120/><U94/><E82/><V105/><F105/><W70/><G19/><T98/><D107/><U76/><E76/><V106/><F106/><W86/><G20/><T85/><REACH who="0" step="1"/><D104/><REACH who="0" ten="240,250,240,250" step="2"/><U109/><E109/><V21/><F21/><W24/><G86/><AGARI ba="0,2" hai="5,7,8,9,13,14,30,31,49,54,57,86,91,94" machi="86" ten="30,8000,1" yaku="7,1,9,1,8,1,52,2" doraHai="11" who="1" fromWho="3" sc="240,0,250,100,240,0,250,-80" /><INIT seed="1,0,0,0,5,120" ten="240,350,240,170" oya="1" hai0="28,56,79,123,53,86,51,95,72,39,75,5,61" hai1="12,43,104,108,89,41,57,127,77,60,81,87,38" hai2="130,6,11,4,62,21,132,30,105,17,73,34,50" hai3="23,18,117,19,126,32,82,96,113,42,47,133,107"/><U129/><E104/><V66/><F73/><W90/><G32/><T63/><D123/><U24/><E129/><V3/><F105/><W48/><G113/><T8/><D39/><U112/><E112/><V58/><F6/><W46/><G126/><T68/><D28/><U76/><E127/><V67/><F130/><W52/><G133/><T88/><D79/><U125/><E125/><V100/><F100/><W40/><G117/><T110/><D110/><U55/><E108/><V98/><F98/><W71/><G71/><T25/><D25/><U111/><E111/><V99/><F99/><W114/><G114/><T115/><D115/><U134/><E134/><V44/><F132/><W15/><G107/><T10/><D10/><U64/><E24/><V124/><F124/><W70/><G70/><T93/><D95/><U78/><E38/><V20/><F66/><W16/><G40/><N who="1" m="15434" /><E12/><V49/><F34/><W1/><G1/><T116/><D116/><U106/><E106/><V36/><F36/><W80/><G80/><T92/><D92/><U109/><E109/><V29/><F29/><W33/><G33/><T97/><D68/><U35/><E35/><V14/><F44/><W94/><REACH who="3" step="1"/><G82/><REACH who="3" ten="240,350,240,160" step="2"/><T13/><D75/><U59/><E81/><V31/><F3/><W85/><G85/><T37/><D72/><U102/><E87/><V128/><F128/><W26/><G26/><T7/><D86/><U0/><E0/><V84/><F84/><W65/><G65/><T118/><D118/><U54/><E64/><V131/><F131/><W121/><G121/><T103/><D97/><RYUUKYOKU ba="0,1" sc="240,-10,350,-10,240,-10,160,30" hai3="15,16,18,19,23,42,46,47,48,52,90,94,96" /><INIT seed="2,1,1,5,2,34" ten="230,340,230,190" oya="2" hai0="72,120,67,103,3,21,47,107,14,73,88,42,126" hai1="95,58,132,33,20,19,70,59,0,86,106,48,105" hai2="10,44,112,54,27,114,57,7,134,52,131,6,80" hai3="133,81,111,35,36,16,39,64,46,38,26,77,50"/><V124/><F131/><W104/><G104/><T100/><D120/><U84/><E33/><V85/><F124/><W101/><G101/><T102/><D107/><U45/><E70/><V62/><F134/><W118/><G118/><T89/><D126/><U1/><E106/><V119/><F119/><W76/><G64/><T15/><D67/><U63/><E105/><V8/><F27/><W115/><G35/><T108/><D108/><U2/><E132/><V12/><F44/><W65/><G65/><T96/><D3/><U55/><E95/><V32/><F54/><W93/><G111/><T30/><D14/><U113/><E59/><V130/><F130/><W127/><G93/><T17/><D30/><U69/><E69/><V121/><F32/><W128/><G128/><T125/><D125/><U116/><E113/><V56/><F56/><W90/><G115/><T117/><D117/><U75/><E75/><V40/><F40/><W5/><G5/><T109/><D109/><U37/><E37/><V53/><F53/><N who="3" m="29911" /><G133/><T13/><D13/><U61/><E61/><V71/><F71/><W18/><G26/><T98/><D73/><U82/><E116/><V78/><F121/><W24/><G24/><T92/><D72/><U68/><E68/><V122/><F122/><W135/><G135/><T91/><REACH who="0" step="1"/><D92/><REACH who="0" ten="220,340,230,190" step="2"/><U4/><E82/><V110/><F110/><W9/><G127/><T29/><D29/><U79/><E79/><V123/><F123/><W83/><G83/><T25/><D25/><U99/><E63/><V31/><F31/><W43/><G77/><T11/><D11/><RYUUKYOKU ba="1,2" sc="220,15,340,-15,230,15,190,-15" hai0="15,17,21,42,47,88,89,91,96,98,100,102,103" hai2="6,7,8,10,12,52,57,62,78,80,85,112,114" /><INIT seed="2,2,2,4,2,110" ten="235,325,245,175" oya="2" hai0="19,103,7,61,4,46,35,47,60,55,90,52,33" hai1="40,117,14,133,101,45,78,64,22,24,69,102,92" hai2="9,41,59,0,38,34,49,82,135,58,88,87,120" hai3="132,75,17,28,66,1,11,36,16,105,43,107,15"/><V71/><F34/><N who="0" m="12810" /><D19/><U48/><E117/><V39/><F71/><W62/><G75/><T91/><D103/><U74/><E133/><V37/><F120/><W79/><G132/><T42/><D42/><U57/><E69/><V115/><F135/><W29/><G79/><T100/><D100/><U113/><E14/><V23/><F23/><W13/><G1/><T81/><D81/><U50/><E78/><V106/><F106/><W131/><G131/><T8/><D8/><U94/><E94/><V10/><F10/><W83/><G83/><T89/><D61/><N who="1" m="37935" /><E101/><V96/><F96/><W97/><G97/><T80/><D60/><U104/><E104/><V67/><F67/><W84/><G84/><T95/><D95/><U129/><E129/><V68/><F68/><W108/><G108/><T114/><D80/><U116/><E116/><V2/><F2/><W27/><G43/><T72/><D114/><U111/><E113/><V3/><F3/><W130/><G130/><T85/><D85/><U5/><E74/><V93/><F82/><W54/><G105/><T30/><D30/><N who="1" m="17687" /><E111/><V122/><F115/><W6/><G107/><T12/><D12/><U56/><E56/><V112/><F112/><W32/><G28/><T77/><D77/><U127/><E92/><V53/><F122/><W123/><G123/><T109/><D72/><U76/><E76/><V86/><F86/><W121/><G121/><T21/><D21/><U51/><E102/><V124/><F124/><W119/><G15/><T128/><D128/><U63/><E127/><V18/><F93/><W99/><G32/><RYUUKYOKU ba="2,2" sc="235,0,325,0,245,0,175,0" /><INIT seed="3,3,2,3,3,81" ten="235,325,245,175" oya="3" hai0="88,58,45,44,20,102,27,60,41,52,72,10,96" hai1="54,38,32,26,93,23,70,42,109,114,91,36,50" hai2="116,43,57,86,98,12,115,9,100,90,13,105,35" hai3="22,17,71,66,48,135,46,133,39,121,51,33,34"/><W78/><G121/><T75/><D72/><U0/><E114/><V67/><F35/><W8/><G78/><T120/><D75/><U31/><E0/><V74/><F74/><W63/><G8/><T7/><D120/><U11/><E70/><V76/><F76/><W84/><G39/><T101/><D41/><U95/><E95/><V128/><F115/><W25/><G51/><T30/><D102/><U124/><E109/><V15/><F116/><W62/><G62/><T69/><D69/><U126/><E11/><V117/><F117/><W99/><G99/><T82/><D101/><U6/><E6/><V49/><F128/><W112/><G112/><T37/><D37/><U108/><E108/><V77/><F77/><W56/><G84/><N who="0" m="50199" /><D96/><U21/><E38/><V59/><F67/><W127/><G71/><T103/><D103/><U16/><E42/><V80/><F9/><W3/><G3/><T123/><D123/><U132/><E36/><V79/><F79/><W18/><G18/><T4/><D4/><U28/><E16/><V2/><F2/><W1/><G1/><T113/><D113/><U14/><E28/><V55/><F43/><N who="3" m="24671" /><G127/><T97/><D97/><U87/><E14/><AGARI ba="3,2" hai="7,10,14,20,27,30,44,45,52,58,60" m="50199" machi="14" ten="30,7700,0" yaku="8,1,52,1,54,2" doraHai="81" who="0" fromWho="1" sc="235,106,325,-86,245,0,175,0" /><INIT seed="4,0,0,0,4,101" ten="341,239,245,175" oya="0" hai0="70,38,50,18,12,111,124,33,92,73,9,14,75" hai1="16,63,100,60,17,132,126,19,29,83,118,113,22" hai2="62,7,90,135,115,122,109,69,120,107,97,121,48" hai3="93,77,130,44,8,41,10,80,51,112,65,36,105"/><T98/><D38/><U6/><E118/><V26/><F109/><W34/><G34/><T0/><D111/><U79/><E126/><V47/><F115/><W82/><G112/><T99/><D124/><U40/><E132/><V102/><F135/><W5/><G130/><T3/><D70/><U71/><E6/><V114/><F114/><W88/><G65/><T52/><D33/><U127/><E127/><V56/><F7/><W86/><G105/><T39/><D39/><U81/><E71/><V76/><F76/><W58/><G8/><T61/><D61/><U125/><E125/><V106/><F90/><W91/><G58/><T57/><D99/><U85/><E40/><V31/><F69/><W21/><G21/><T134/><D134/><U20/><E100/><V108/><F108/><W4/><G36/><T1/><REACH who="0" step="1"/><D14/><REACH who="0" ten="331,239,245,175" step="2"/><U103/><E63/><V35/><F97/><W104/><G80/><T30/><D30/><U133/><E83/><V64/><REACH who="2" step="1"/><F102/><AGARI ba="0,1" hai="0,1,3,9,12,18,50,52,57,73,75,92,98,102" machi="102" ten="40,3900,0" yaku="1,1,54,1,53,0" doraHai="101" doraHaiUra="110" who="0" fromWho="2" sc="331,49,239,0,245,-39,175,0" /><INIT seed="4,1,0,5,1,45" ten="380,239,206,175" oya="0" hai0="123,89,32,18,28,62,91,83,1,92,125,34,22" hai1="53,128,10,15,108,74,5,2,8,4,106,67,126" hai2="80,54,95,110,33,27,43,81,66,16,14,46,133" hai3="40,25,84,120,57,7,23,31,39,59,93,6,96"/><T88/><D123/><U114/><E108/><V68/><F110/><W52/><G120/><T11/><D125/><U47/><E106/><V50/><F133/><W99/><G39/><T86/><D28/><U119/><E119/><V71/><F33/><W0/><G40/><T60/><D34/><U76/><E126/><V64/><F27/><W44/><G0/><T37/><D32/><U85/><E74/><V112/><F112/><W121/><G84/><T111/><D37/><U82/><E128/><V132/><F132/><W105/><G99/><N who="0" m="57735" /><D1/><U100/><E100/><V41/><F95/><W73/><G73/><T134/><D134/><U12/><E67/><N who="2" m="25643" /><F71/><W55/><G121/><T38/><D38/><U90/><E114/><V35/><F35/><W116/><G44/><T78/><D111/><U118/><E118/><V97/><F97/><W117/><G117/><T130/><D11/><U109/><E109/><V127/><F68/><W70/><G70/><T24/><D130/><U124/><E124/><V9/><F127/><W75/><G75/><T87/><D78/><U115/><E115/><V36/><F36/><W20/><G105/><T29/><D29/><U98/><E2/><V19/><F19/><W21/><G116/><T51/><D87/><U79/><E98/><V30/><F30/><W3/><G3/><T102/><D102/><U131/><E131/><V113/><F113/><W101/><G6/><T122/><D122/><U65/><E65/><V104/><F104/><W49/><G7/><T135/><D135/><U26/><E26/><V58/><F41/><W42/><G42/><RYUUKYOKU ba="1,0" sc="380,-30,239,10,206,10,175,10" hai1="4,5,8,10,12,15,47,53,76,79,82,85,90" hai2="9,14,16,43,46,50,54,58,80,81" hai3="20,21,23,25,31,49,52,55,57,59,93,96,101" /><INIT seed="5,2,0,2,5,101" ten="350,249,216,185" oya="1" hai0="83,59,11,134,48,89,12,109,25,6,20,76,133" hai1="100,77,72,3,16,60,26,35,102,39,57,61,66" hai2="119,21,94,90,54,50,47,96,78,33,24,80,2" hai3="114,116,106,8,128,97,23,56,118,69,28,0,68"/><U70/><E3/><V107/><F2/><W85/><G114/><T44/><D109/><U74/><E39/><V27/><F33/><W63/><G85/><N who="0" m="50367" /><D76/><U131/><E131/><V127/><F119/><N who="3" m="45611" /><G128/><T120/><D120/><U71/><E71/><V123/><F123/><W52/><G28/><N who="0" m="17447" /><D59/><U93/><E35/><V36/><F127/><W113/><G23/><T105/><D105/><U5/><E5/><V14/><F36/><W7/><G113/><T95/><D95/><U42/><E102/><AGARI ba="2,0" hai="0,7,8,52,56,63,68,69,97,102,106" m="45611" machi="102" ten="30,3900,0" yaku="12,1,52,1,54,1" doraHai="101" who="3" fromWho="1" sc="350,0,249,-45,216,0,185,45" /><INIT seed="6,0,0,0,3,64" ten="350,204,216,230" oya="2" hai0="66,120,84,79,92,69,121,27,6,107,51,135,67" hai1="109,104,45,33,128,76,127,103,87,48,88,19,0" hai2="2,134,31,106,57,116,73,55,118,12,20,101,15" hai3="56,68,86,38,78,58,54,129,82,60,74,102,124"/><V43/><F2/><W34/><G34/><T77/><D107/><U123/><E109/><V94/><F73/><W17/><G38/><T3/><D135/><U133/><E0/><V98/><F134/><W42/><G42/><T25/><D51/><U9/><E33/><V13/><F43/><W21/><G124/><T24/><D3/><U126/><E133/><V28/><F106/><W91/><G102/><T99/><D6/><U35/><E35/><V26/><REACH who="2" step="1"/><F31/><REACH who="2" ten="350,204,206,230" step="2"/><W131/><G131/><T32/><D121/><U49/><E128/><V89/><F89/><W93/><G129/><T41/><D120/><U97/><E123/><V112/><F112/><W85/><G74/><T100/><D41/><U117/><E76/><V75/><F75/><W61/><G78/><T37/><D79/><U36/><E126/><V108/><F108/><W71/><G93/><T44/><D92/><U130/><E130/><V119/><F119/><W8/><G85/><T47/><D84/><U90/><E117/><V11/><F11/><W14/><G8/><T52/><D77/><U83/><E90/><V39/><F39/><W18/><G17/><T72/><D37/><U125/><E127/><V105/><F105/><W63/><REACH who="3" step="1"/><G58/><REACH who="3" ten="350,204,206,220" step="2"/><T5/><D72/><U111/><E125/><V114/><F114/><W16/><G16/><T23/><D100/><U62/><E111/><V29/><F29/><W65/><G65/><T46/><D67/><U50/><E19/><V4/><F4/><W1/><G1/><T59/><D66/><U7/><E9/><V95/><F95/><W110/><G110/><RYUUKYOKU ba="0,2" sc="350,-15,204,-15,206,15,220,15" hai2="12,13,15,20,26,28,55,57,94,98,101,116,118" hai3="14,18,21,54,56,60,61,63,68,71,82,86,91" /><INIT seed="6,1,2,5,2,8" ten="335,189,221,235" oya="2" hai0="10,91,74,33,38,63,79,43,94,23,14,5,60" hai1="15,130,108,115,7,100,134,53,39,88,109,101,28" hai2="2,13,102,118,86,47,119,65,131,20,114,116,9" hai3="84,1,67,12,133,49,64,93,113,24,73,135,58"/><V104/><F2/><W6/><G73/><T75/><D33/><U98/><E39/><V127/><F114/><W34/><G1/><T89/><D75/><U0/><E115/><V36/><F127/><W128/><G113/><T55/><D74/><U56/><E0/><V97/><F65/><W22/><G34/><T25/><D38/><U69/><E69/><V44/><F131/><W82/><G93/><T27/><D43/><U103/><E28/><V46/><F20/><W48/><G128/><T87/><D79/><U62/><E130/><V35/><F35/><W110/><G110/><T54/><D91/><U123/><E123/><V126/><F126/><W120/><G120/><T72/><D72/><U29/><E29/><V77/><F36/><W81/><G81/><T68/><D68/><U85/><E98/><V17/><F86/><W78/><G6/><T30/><D27/><U80/><REACH who="1" step="1"/><E134/><REACH who="1" ten="335,179,221,235" step="2"/><V99/><F97/><W52/><G133/><T50/><D30/><U57/><E57/><V41/><F41/><W19/><G135/><T61/><D63/><U92/><E92/><V3/><F3/><W71/><G71/><T83/><D61/><U32/><E32/><V59/><F59/><W95/><G95/><T40/><D60/><U121/><E121/><V105/><F104/><W125/><G125/><T111/><D94/><U76/><E76/><V16/><F77/><W18/><G49/><T70/><D70/><U117/><E117/><V112/><F112/><W124/><G124/><T37/><D37/><U45/><E45/><V4/><AGARI ba="1,3" hai="4,9,13,16,17,44,46,47,99,102,105,116,118,119" machi="4" ten="40,7800,0" yaku="0,1,52,1,54,1" doraHai="8" who="2" fromWho="2" sc="335,-27,179,-27,221,111,235,-27" /><INIT seed="6,2,0,3,1,46" ten="308,152,332,208" oya="2" hai0="29,110,17,7,122,20,86,108,38,41,71,0,79" hai1="6,102,115,109,53,34,134,54,128,31,87,98,121" hai2="8,45,73,111,70,83,90,12,61,120,131,25,96" hai3="112,132,81,74,11,103,33,126,56,113,77,3,4"/><V135/><F120/><W97/><G33/><T67/><D122/><U15/><E109/><V42/><F111/><W130/><G56/><T127/><D110/><U75/><E75/><V89/><F131/><W35/><G130/><T36/><D127/><U27/><E128/><V32/><F135/><W104/><G35/><T116/><D108/><U58/><E134/><V80/><F32/><W123/><G132/><T28/><D116/><U66/><E115/><N who="3" m="44106" /><G123/><T91/><D79/><U68/><E68/><V62/><F25/><W50/><G50/><T92/><D38/><U65/><E87/><V69/><F73/><W117/><G126/><T76/><D76/><U94/><E54/><V13/><F96/><W37/><G37/><T10/><D67/><U26/><E27/><V105/><F45/><W88/><G88/><T114/><D71/><U30/><E31/><V106/><F42/><W39/><G39/><T1/><D1/><U44/><E44/><V5/><F8/><W14/><G14/><N who="0" m="9271" /><D114/><U57/><E57/><V23/><F23/><W124/><G124/><T49/><D36/><U60/><E121/><V52/><F5/><W59/><G59/><T118/><D118/><AGARI ba="2,0" hai="3,4,11,74,77,81,97,103,104,117,118" m="44106" machi="118" ten="30,3900,0" yaku="15,1,11,1,23,1" doraHai="46" who="3" fromWho="0" sc="308,-45,152,0,332,0,208,45" /><INIT seed="7,0,0,5,0,58" ten="263,152,332,253" oya="3" hai0="10,9,8,95,109,72,20,102,122,90,123,126,67" hai1="94,86,83,17,45,132,7,127,18,70,34,0,4" hai2="106,59,64,63,81,38,56,37,84,77,50,125,55" hai3="53,80,87,16,124,118,13,110,30,14,24,111,131"/><W78/><G118/><T93/><D109/><N who="3" m="41481" /><G124/><T1/><D126/><U46/><E127/><V121/><F125/><W97/><G131/><T41/><D1/><U57/><E70/><V98/><F121/><W103/><G53/><T2/><D2/><U85/><E34/><V82/><F82/><W29/><G24/><T12/><D72/><U36/><E36/><V128/><F128/><W5/><G5/><T96/><D41/><U25/><E0/><V32/><F32/><W42/><G13/><T47/><D47/><U116/><E116/><V99/><F106/><N who="3" m="63855" /><G42/><T71/><D71/><U79/><E132/><V75/><F75/><W39/><G39/><T33/><D33/><U28/><E25/><V23/><F37/><W117/><G117/><T48/><D67/><U76/><E83/><V51/><F38/><W135/><G135/><T68/><D68/><U114/><E114/><V92/><F50/><W40/><G40/><T108/><D108/><U107/><E107/><V88/><F23/><AGARI ba="0,0" hai="14,16,23,29,30,78,80,87" m="63855,41481" machi="23" ten="30,2900,0" yaku="10,1,54,1" doraHai="58" who="3" fromWho="2" sc="263,0,152,0,332,-29,253,29" /><INIT seed="7,1,0,3,3,101" ten="263,152,303,282" oya="3" hai0="33,91,61,89,29,18,84,53,106,41,87,22,14" hai1="1,78,123,108,82,5,105,126,59,13,60,134,26" hai2="44,129,38,34,45,74,102,11,114,77,90,3,103" hai3="72,73,15,83,23,130,135,16,21,52,19,85,65"/><W17/><G135/><T75/><D75/><U68/><E108/><V28/><F114/><W50/><G130/><T88/><D106/><U56/><E123/><V120/><F129/><W86/><G65/><T113/><D113/><U0/><E134/><V2/><F90/><W57/><G85/><N who="0" m="32843" /><D33/><U94/><E105/><V70/><F70/><W4/><G4/><T27/><D41/><U128/><E128/><V96/><F44/><W42/><G17/><T95/><D61/><U115/><E115/><V35/><F103/><W24/><G42/><T93/><D53/><U116/><E126/><V62/><F62/><W43/><G43/><T10/><AGARI ba="1,0" hai="10,14,18,22,27,29,88,89,91,93,95" m="32843" machi="10" ten="30,2000,0" yaku="8,1,54,1" doraHai="101" who="0" fromWho="0" sc="263,23,152,-6,303,-6,282,-11" /><INIT seed="8,0,0,0,4,102" ten="286,146,297,271" oya="0" hai0="71,64,135,115,47,32,81,120,121,65,123,38,93" hai1="9,83,113,68,87,89,76,53,86,13,57,25,16" hai2="98,7,3,84,51,62,88,129,78,54,17,75,107" hai3="63,126,18,12,20,117,2,40,11,33,59,5,29"/><T39/><D32/><U31/><E68/><V19/><F129/><W132/><G40/><T43/><D81/><U10/><E113/><V24/><F62/><W45/><G45/><T119/><D93/><U37/><E37/><N who="0" m="13833" /><D115/><U109/><E109/><V14/><F24/><N who="3" m="18599" /><G117/><T42/><D135/><U35/><E9/><V134/><F134/><W110/><G110/><T82/><D82/><U101/><E101/><N who="2" m="62903" /><F3/><W60/><G132/><T8/><D8/><U103/><E103/><V94/><F7/><W97/><G126/><T66/><D119/><U100/><E100/><V112/><F14/><W85/><G97/><T50/><D42/><U49/><REACH who="1" step="1"/><E89/><REACH who="1" ten="286,136,297,271" step="2"/><V79/><F112/><W30/><G11/><T105/><D105/><U44/><E44/><N who="2" m="28007" /><F79/><W46/><G46/><T124/><D124/><U106/><E106/><V127/><F127/><W61/><G59/><T28/><D28/><U95/><E95/><V70/><F70/><AGARI ba="0,1" hai="43,47,50,64,65,66,70,71,120,121,123" m="13833" machi="70" ten="40,3900,0" yaku="34,2" doraHai="102" who="0" fromWho="2" sc="286,49,136,0,297,-39,271,0" owari="335,43.0,136,-36.0,258,-14.0,271,7.0" /></mjloggm>