<mjloggm ver="2.3"><GO type="169" lobby="0"/><UN n0="%EF%BF%A1%E3%81%BA%E3%82%93%E3%81%BA%E3%82%93%EF%BF%A1" n1="%E3%83%90%E3%82%A4%E3%82%A2%E3%83%A9%E3%83%B3" n2="%33%33%62%6C%61%63%6B" n3="%73%61%77%6C%79" dan="16,16,16,17" rate="2072.98,2118.68,2067.25,2209.75" sx="M,M,M,M"/><TAIKYOKU oya="0"/><INIT seed="0,0,0,0,3,131" ten="250,250,250,250" oya="0" hai0="66,129,4,111,102,34,100,92,16,101,52,119,78" hai1="105,44,1,55,47,13,50,41,96,31,89,85,64" hai2="53,110,63,115,29,32,88,58,37,91,84,46,19" hai3="121,74,59,11,93,94,126,42,40,7,17,118,135"/><T81/><D119/><U90/><E1/><V60/><F115/><W49/><G118/><T67/><D129/><U43/><E64/><N who="0" m="24617" /><D34/><U14/><E31/><V57/><F110/><W15/><G74/><T123/><D123/><U25/><E25/><V70/><F70/><W133/><G121/><T30/><D4/><U8/><E105/><V127/><F37/><W104/><G104/><T48/><D30/><U61/><E61/><V36/><F36/><W80/><G126/><T71/><D71/><U23/><E44/><V83/><F46/><N who="3" m="25799" /><G42/><T113/><D113/><U2/><E2/><V132/><F32/><W62/><G80/><T99/><D111/><U68/><E68/><V20/><F29/><W21/><G59/><N who="0" m="33159" /><D81/><U98/><E41/><V51/><F58/><W6/><G62/><T79/><D16/><N who="1" m="10647" /><E43/><V65/><F63/><W125/><G125/><T69/><D69/><U22/><E22/><V3/><F127/><W82/><G82/><T56/><D56/><U5/><E5/><N who="3" m="1546" /><G11/><T109/><D109/><U106/><E8/><V24/><F3/><W116/><G116/><T27/><D27/><U72/><E13/><V107/><F107/><W35/><G35/><T28/><D28/><U130/><E106/><V54/><F60/><W128/><G128/><T75/><D75/><U114/><E72/><V122/><F122/><W45/><G45/><T103/><AGARI ba="0,0" hai="78,79,92,99,100,101,102,103" m="33159,24617" machi="103" ten="30,3000,0" yaku="8,1,54,1" doraHai="131" who="0" fromWho="0" sc="250,30,250,-10,250,-10,250,-10" /><INIT seed="0,1,0,4,0,27" ten="280,240,240,240" oya="0" hai0="92,57,73,53,123,111,37,50,65,127,124,41,110" hai1="9,64,46,86,87,29,55,121,49,47,62,106,30" hai2="79,100,67,32,101,114,119,52,69,125,68,48,34" hai3="75,88,66,0,60,128,31,130,18,94,96,133,97"/><T58/><D73/><U72/><E72/><V16/><F114/><W33/><G0/><T22/><D92/><U103/><E121/><V95/><F79/><W109/><G75/><T105/><D105/><U36/><E106/><V38/><F38/><W59/><G109/><N who="0" m="41483" /><D22/><U21/><E103/><V24/><F125/><N who="0" m="48202" /><D123/><U56/><E21/><V54/><F67/><W7/><G133/><T3/><D3/><U19/><E36/><V118/><F95/><W71/><G7/><T15/><D15/><N who="1" m="7663" /><E46/><V42/><F48/><W4/><G4/><T83/><D83/><U10/><E10/><V108/><F108/><W102/><G18/><T107/><D107/><U61/><E87/><V2/><F24/><W23/><G33/><T122/><D122/><U116/><E86/><V117/><F117/><W132/><G71/><T126/><D126/><U70/><E116/><V134/><F2/><W51/><G51/><T115/><D115/><U14/><E14/><V93/><F93/><N who="3" m="56359" /><G132/><T81/><D81/><U8/><E8/><V40/><REACH who="2" step="1"/><F16/><REACH who="2" ten="280,240,230,240" step="2"/><W20/><G20/><T12/><D12/><U13/><E13/><V63/><F63/><N who="1" m="24073" /><E70/><V77/><F77/><W82/><G23/><T1/><D1/><U44/><E49/><V91/><F91/><W89/><G89/><T104/><D104/><U5/><E5/><V11/><F11/><W35/><G82/><T84/><D65/><U98/><E64/><V135/><AGARI ba="1,1" hai="32,34,40,42,52,54,68,69,100,101,118,119,134,135" machi="135" ten="25,8000,1" yaku="1,1,0,1,22,2,54,1,53,0" doraHai="27" doraHaiUra="80" who="2" fromWho="2" sc="280,-41,240,-21,230,93,240,-21" /><INIT seed="1,0,0,2,1,81" ten="239,219,323,219" oya="1" hai0="60,73,21,127,70,89,5,41,9,114,117,23,14" hai1="125,65,27,30,119,20,10,86,88,101,71,11,103" hai2="25,4,26,129,31,83,87,91,2,22,130,63,110" hai3="124,93,98,17,24,62,6,94,78,84,79,29,90"/><U15/><E119/><V92/><F110/><W135/><G124/><T56/><D117/><U122/><E122/><V48/><F63/><W16/><G135/><T82/><D70/><U108/><E125/><V109/><F109/><W100/><G6/><T121/><D127/><U7/><E108/><V59/><F25/><W95/><G62/><T64/><D114/><U132/><E132/><V46/><F59/><W49/><G49/><T37/><D121/><U104/><E104/><V33/><F4/><W12/><G93/><T34/><D34/><U45/><E45/><V54/><F2/><W123/><G123/><T126/><D126/><U32/><E32/><V66/><F66/><W1/><G1/><T77/><REACH who="0" step="1"/><D89/><REACH who="0" ten="229,219,323,219" step="2"/><U35/><E35/><V67/><F33/><W133/><G133/><T58/><D58/><U38/><E38/><V43/><F67/><W102/><G102/><N who="1" m="38922" /><E65/><V3/><F3/><W72/><G72/><T120/><D120/><U69/><E69/><V44/><F44/><AGARI ba="0,1" hai="5,9,14,21,23,37,41,44,56,60,64,73,77,82" machi="44" ten="40,1300,0" yaku="1,1,53,0" doraHai="81" doraHaiUra="80" who="0" fromWho="2" sc="229,23,219,0,323,-13,219,0" /><INIT seed="2,0,0,4,5,132" ten="252,219,310,219" oya="2" hai0="72,6,117,120,3,116,37,130,49,113,60,118,92" hai1="12,64,65,109,23,47,97,121,57,45,129,19,104" hai2="73,44,67,48,54,77,25,38,29,1,56,26,35" hai3="81,18,50,95,36,79,43,125,58,96,133,8,17"/><V108/><F1/><W128/><G133/><T78/><D37/><U34/><E34/><V31/><F108/><W13/><G128/><T102/><D60/><U66/><E121/><V61/><F38/><W122/><G122/><T94/><D120/><U10/><E129/><V30/><REACH who="2" step="1"/><F35/><REACH who="2" ten="252,219,300,219" step="2"/><W106/><G36/><T40/><D3/><U32/><E32/><V27/><F27/><W9/><G106/><T46/><D130/><U20/><E109/><V112/><F112/><W105/><G105/><T84/><D113/><U80/><E104/><V124/><F124/><W52/><G125/><T119/><D119/><U107/><E107/><V88/><F88/><W55/><G43/><T0/><D0/><U39/><E39/><V59/><F59/><W126/><G126/><T28/><D117/><U110/><E110/><V74/><F74/><W127/><G127/><T24/><D72/><U70/><E57/><V4/><F4/><W76/><G55/><T11/><D6/><U21/><E45/><V41/><F41/><W98/><G79/><T101/><D78/><U7/><E47/><V2/><F2/><W51/><G51/><T86/><D118/><U53/><E53/><V83/><AGARI ba="0,1" hai="25,26,29,30,31,44,48,54,56,61,67,73,77,83" machi="83" ten="30,3000,0" yaku="1,1,0,1,53,0" doraHai="132" doraHaiUra="33" who="2" fromWho="2" sc="252,-10,219,-10,300,40,219,-10" /><INIT seed="2,1,0,5,3,22" ten="242,209,340,209" oya="2" hai0="121,43,131,123,108,105,63,93,87,107,130,39,59" hai1="79,114,66,72,11,15,70,103,85,28,119,80,106" hai2="81,71,101,57,60,37,45,90,68,76,115,126,1" hai3="129,14,124,132,91,2,3,83,42,86,102,35,8"/><V27/><F115/><W58/><G129/><N who="0" m="49163" /><D108/><U109/><E109/><V12/><F1/><W135/><G124/><T104/><D43/><U32/><E119/><V52/><F101/><W48/><G35/><T38/><D93/><U67/><E67/><V10/><F126/><W88/><G102/><T62/><D87/><U40/><E40/><V50/><F90/><W41/><G91/><T20/><D20/><U84/><E15/><V134/><F134/><N who="3" m="51243" /><G58/><T95/><D95/><U56/><E11/><V82/><F37/><N who="0" m="13834" /><D59/><U94/><E56/><V33/><F81/><W54/><G42/><T31/><D31/><U97/><E94/><V26/><F33/><W18/><G54/><T112/><D112/><U78/><E78/><V9/><F71/><W110/><G110/><T100/><D100/><U73/><E85/><N who="2" m="48327" /><F68/><W4/><G4/><T111/><D111/><U19/><E114/><V118/><F118/><W0/><G41/><T99/><D99/><U30/><E70/><V125/><F125/><W89/><G89/><T13/><D13/><U61/><E103/><V36/><F36/><W117/><G48/><T64/><D64/><U122/><E66/><N who="2" m="39183" /><F9/><W92/><G83/><T98/><D98/><U128/><E97/><V5/><AGARI ba="1,0" hai="5,10,12,26,27,45,50,52" m="39183,48327" machi="5" ten="30,11700,0" yaku="8,1,52,2,54,1" doraHai="22" who="2" fromWho="2" sc="242,-40,209,-40,340,120,209,-40" /><INIT seed="2,2,0,0,3,23" ten="202,169,460,169" oya="2" hai0="81,63,83,86,82,80,112,11,79,106,119,124,129" hai1="88,13,41,36,40,123,117,1,27,12,51,14,37" hai2="111,109,24,64,118,133,68,61,22,114,135,45,89" hai3="93,19,101,50,127,21,100,25,72,94,47,110,16"/><V8/><F114/><W74/><G110/><N who="2" m="41993" /><F118/><W95/><G127/><T55/><D119/><U28/><E1/><V85/><F45/><W97/><G74/><T18/><D112/><U96/><E123/><V4/><F85/><W67/><G72/><T46/><D106/><U78/><E117/><V57/><F89/><W125/><G125/><T20/><D129/><U15/><E78/><V58/><F8/><W99/><G67/><T76/><D124/><U42/><N who="1" m="3072" /><DORA hai="108" /><U120/><E120/><V38/><F38/><W60/><G60/><T134/><D11/><U77/><E77/><V71/><F4/><W104/><REACH who="3" step="1"/><G19/><REACH who="3" ten="202,169,460,159" step="2"/><T53/><D18/><U34/><REACH who="1" step="1"/><E51/><REACH who="1" ten="202,159,460,159" step="2"/><V66/><F135/><W131/><G131/><T39/><D79/><U115/><E115/><V107/><F133/><W87/><G87/><T43/><D134/><U102/><E102/><V103/><F103/><W70/><G70/><T73/><D73/><U29/><E29/><V84/><F68/><W113/><G113/><T5/><D76/><U62/><E62/><V32/><F71/><W48/><G48/><T33/><D63/><U31/><E31/><V132/><F61/><W44/><G44/><T52/><D46/><U59/><E59/><V116/><F57/><W54/><AGARI ba="2,2" hai="16,21,25,47,50,54,93,94,95,97,99,100,101,104" machi="54" ten="20,12000,2" yaku="1,1,0,1,7,1,52,1,54,1,53,2" doraHai="23,108" doraHaiUra="9,98" who="3" fromWho="3" sc="202,-32,159,-32,460,-62,159,146" /><INIT seed="3,0,0,1,5,120" ten="170,127,398,305" oya="3" hai0="105,118,21,123,27,98,50,94,115,88,101,26,52" hai1="38,73,122,62,89,129,119,16,7,125,1,86,111" hai2="124,51,19,14,41,45,63,66,4,37,48,81,80" hai3="87,24,135,18,44,67,58,33,93,8,130,0,30"/><W116/><G116/><T79/><D123/><U92/><E122/><V68/><F124/><W2/><G130/><T34/><D118/><U47/><E129/><V128/><F128/><W84/><G135/><T107/><D115/><U134/><E125/><V35/><F35/><W112/><G112/><T104/><D79/><U3/><E73/><V132/><F132/><W82/><G44/><T22/><D34/><U10/><E119/><V5/><F5/><W61/><G93/><T71/><D71/><U121/><E121/><V97/><F97/><W75/><G75/><T110/><D110/><U59/><E134/><V13/><F4/><W109/><G109/><T25/><REACH who="0" step="1"/><D101/><REACH who="0" ten="160,127,398,305" step="2"/><U108/><E1/><V131/><F131/><W40/><G2/><T39/><D39/><U12/><E38/><V90/><F37/><W70/><G0/><T74/><D74/><U126/><E126/><V114/><F114/><W72/><G72/><T76/><D76/><U32/><E32/><V17/><F68/><W106/><G70/><T29/><D29/><U103/><E103/><V57/><F17/><W65/><G18/><T15/><D15/><U95/><E47/><AGARI ba="0,1" hai="21,22,25,26,27,47,50,52,88,94,98,104,105,107" machi="47" ten="50,6400,0" yaku="1,1,54,2,53,0" doraHai="120" doraHaiUra="55" who="0" fromWho="1" sc="160,74,127,-64,398,0,305,0" /><INIT seed="4,0,0,2,4,45" ten="234,63,398,305" oya="0" hai0="76,21,98,7,95,102,1,124,122,44,10,35,17" hai1="41,31,25,14,104,53,5,52,71,127,115,34,3" hai2="16,121,86,19,47,59,57,70,13,101,85,46,111" hai3="87,126,89,9,117,130,30,29,43,75,79,107,24"/><T106/><D122/><U12/><E104/><V77/><F121/><W6/><G130/><T32/><D124/><U55/><E71/><V82/><F70/><W128/><G128/><T116/><D116/><U135/><E127/><V123/><F123/><W99/><G126/><T15/><D76/><U50/><E135/><V103/><F111/><W96/><G117/><T73/><D73/><U28/><E28/><V133/><F133/><W26/><G75/><T62/><D62/><U67/><E67/><V74/><F74/><W64/><G79/><T108/><D108/><U20/><E115/><V54/><F86/><W78/><G78/><T120/><D120/><U11/><E41/><V125/><F125/><W8/><G43/><T23/><D44/><N who="2" m="16938" /><F59/><W93/><G64/><T109/><D109/><U113/><E113/><V90/><F77/><W66/><G66/><T118/><D118/><U65/><E65/><V18/><F13/><W131/><G131/><T56/><D56/><N who="1" m="32791" /><E14/><V48/><AGARI ba="0,0" hai="16,18,19,48,54,57,82,85,90,101,103" m="16938" machi="48" ten="30,4000,0" yaku="8,1,52,1,54,1" doraHai="45" who="2" fromWho="2" sc="234,-20,63,-10,398,40,305,-10" /><INIT seed="5,0,0,1,4,121" ten="214,53,438,295" oya="1" hai0="116,27,93,41,15,99,59,83,102,32,89,87,104" hai1="120,122,107,131,128,43,74,23,103,2,123,39,111" hai2="127,125,53,26,135,25,106,51,92,100,8,3,5" hai3="80,90,81,112,62,37,75,24,35,17,21,65,9"/><U91/><E2/><V54/><F106/><W124/><G112/><T11/><D116/><U52/><E74/><V0/><F0/><W29/><G124/><N who="2" m="47689" /><F135/><W85/><G37/><T13/><D41/><U60/><E23/><V117/><F117/><W58/><G9/><T79/><D59/><N who="1" m="34919" /><E91/><V45/><F54/><W132/><G132/><T82/><D82/><U71/><E103/><V38/><F38/><W130/><G130/><N who="1" m="49706" /><E107/><V47/><F47/><W14/><G75/><N who="0" m="43519" /><D11/><U115/><E115/><V88/><F100/><W68/><G68/><T64/><D64/><U101/><E101/><V7/><F5/><W119/><G119/><T4/><D4/><U109/><E71/><V55/><F55/><W105/><G105/><T19/><D32/><U22/><E22/><AGARI ba="0,0" hai="13,15,19,22,27,87,89,93,99,102,104" m="43519" machi="22" ten="30,1000,0" yaku="24,1" doraHai="121" who="0" fromWho="1" sc="214,10,53,-10,438,0,295,0" /><INIT seed="6,0,0,3,4,135" ten="224,43,438,295" oya="2" hai0="22,39,46,18,67,69,81,130,75,73,55,103,131" hai1="14,101,121,13,28,74,60,76,34,36,91,133,42" hai2="64,58,124,31,61,33,78,104,65,134,57,52,88" hai3="44,37,113,109,50,49,115,80,5,110,30,96,89"/><V87/><F104/><W72/><G5/><T35/><D35/><U40/><E76/><V90/><F134/><W12/><G30/><T111/><D111/><N who="3" m="42505" /><G12/><T119/><D103/><U17/><E60/><V95/><F78/><W53/><G96/><T127/><D119/><U132/><E101/><V97/><F65/><W3/><G3/><T8/><D8/><U86/><E36/><V77/><F77/><W106/><G106/><T54/><D67/><U9/><E86/><V56/><F64/><W71/><G89/><T25/><D69/><U128/><E91/><V118/><F118/><W93/><G93/><T82/><D39/><U38/><E38/><V11/><F11/><W116/><G80/><T117/><D117/><U62/><E62/><V68/><F68/><W24/><G72/><T122/><D122/><U10/><E28/><V85/><F97/><W21/><G24/><T66/><D25/><U29/><E29/><V19/><F19/><W120/><G21/><T102/><D22/><U23/><E23/><V32/><F31/><W59/><G116/><T1/><D75/><U100/><E100/><V126/><F32/><W129/><G120/><T27/><D102/><U79/><E79/><V47/><F33/><W112/><G129/><T83/><D130/><U7/><E34/><V105/><F105/><W2/><G2/><T6/><D1/><U114/><E74/><V94/><F47/><W84/><G84/><T51/><D73/><U70/><E121/><V48/><F87/><W4/><G71/><T98/><D131/><U0/><E128/><V43/><F85/><RYUUKYOKU ba="0,0" sc="224,0,43,0,438,0,295,0" /><INIT seed="7,1,0,2,5,77" ten="224,43,438,295" oya="3" hai0="89,44,38,18,33,16,60,29,66,113,128,58,22" hai1="57,123,124,3,13,49,64,103,9,111,90,86,10" hai2="100,7,43,62,17,30,126,69,71,131,121,40,51" hai3="84,50,6,80,101,42,54,108,46,94,129,112,2"/><W45/><G112/><T11/><D128/><U104/><E124/><V105/><F7/><W78/><G129/><T135/><D135/><U4/><E123/><V134/><F30/><W79/><G108/><T20/><D33/><U114/><E111/><V115/><F17/><W68/><G68/><T19/><D113/><U95/><E114/><V47/><F100/><W15/><G2/><T107/><D107/><U70/><E70/><V102/><F102/><W132/><G132/><T88/><D38/><U83/><E104/><V63/><F105/><W32/><G32/><T34/><D34/><U59/><E103/><V67/><F115/><W55/><G78/><T119/><D119/><U27/><E3/><V91/><F91/><N who="0" m="34890" /><D29/><U37/><E37/><V118/><F118/><W65/><G65/><T1/><D1/><U98/><E10/><V125/><F121/><W35/><G35/><T87/><D44/><U8/><E8/><V5/><F5/><W28/><G28/><T56/><D11/><U23/><E64/><V52/><F131/><W75/><G75/><T81/><D58/><U61/><E61/><V25/><F25/><W41/><G6/><T96/><D96/><U110/><E49/><V0/><F0/><W106/><G106/><T72/><D72/><U109/><E109/><V92/><F134/><W53/><G15/><T48/><D48/><U120/><E120/><V39/><F92/><W116/><G116/><T36/><D36/><U130/><E130/><V12/><F12/><W24/><G46/><T122/><D122/><U74/><E110/><V85/><F85/><RYUUKYOKU ba="1,0" sc="224,30,43,-10,438,-10,295,-10" hai0="16,18,19,20,22,56,60,66,81,87" owari="254,-15.0,33,-47.0,428,53.0,285,9.0" /></mjloggm>