<mjloggm ver="2.3"><GO type="169" lobby="0"/><UN n0="%52%6F%62%69%4E" n1="%74%61%63%6F%73" n2="%E3%83%94%E3%83%A7%E3%83%B3%E5%90%89" n3="%66%6F%6F%6C%5F%6B%65%79" dan="16,16,17,16" rate="2107.17,2112.49,2142.23,2086.66" sx="M,M,F,M"/><TAIKYOKU oya="0"/><INIT seed="0,0,0,4,0,37" ten="250,250,250,250" oya="0" hai0="2,99,45,84,101,109,23,13,21,74,115,117,36" hai1="91,79,59,9,86,75,120,46,0,60,24,77,108" hai2="38,72,69,98,118,104,12,56,113,87,76,70,3" hai3="97,124,4,132,40,94,122,55,62,44,19,90,53"/><T71/><D115/><U105/><E120/><V26/><F3/><W129/><G132/><T7/><D2/><U65/><E105/><V92/><F72/><W78/><G124/><T52/><D74/><U61/><E108/><V96/><F38/><W80/><G129/><T16/><D71/><U67/><E75/><V111/><F111/><W54/><G122/><T83/><D7/><U51/><E24/><V102/><F113/><W15/><G4/><T106/><D109/><U5/><E91/><V112/><F112/><W127/><G127/><T93/><D117/><U128/><E86/><V57/><F12/><W11/><G62/><T34/><D34/><U85/><E85/><V125/><F125/><W18/><G18/><T68/><D68/><U131/><E131/><V10/><F10/><W103/><G78/><T42/><D52/><U135/><E135/><V133/><F133/><W89/><REACH who="3" step="1"/><G80/><REACH who="3" ten="250,250,250,240" step="2"/><T41/><D106/><U8/><E128/><V25/><F104/><W116/><G116/><T30/><D30/><U123/><E123/><V107/><F118/><W121/><G121/><T6/><D6/><U66/><E8/><V33/><F107/><W22/><G22/><T29/><D29/><U95/><E77/><V82/><F76/><W134/><G134/><T119/><D119/><U28/><E79/><V50/><F33/><W88/><G88/><N who="0" m="51231" /><D23/><U64/><E95/><V14/><F92/><W27/><G27/><T17/><D17/><U110/><E110/><V81/><F25/><W73/><G73/><T63/><D63/><U1/><N who="1" m="16384" /><DORA hai="130" /><U47/><E61/><RYUUKYOKU ba="0,1" sc="250,15,250,-15,250,-15,240,15" hai0="13,16,21,36,41,42,45,93,99,101" hai3="11,15,19,40,44,53,54,55,89,90,94,97,103" /><INIT seed="0,1,1,5,4,29" ten="265,235,235,255" oya="0" hai0="103,58,106,87,70,109,100,30,60,62,63,112,18" hai1="120,130,99,108,89,68,45,0,27,17,126,76,92" hai2="6,25,33,129,93,105,110,57,84,80,72,66,132" hai3="56,77,3,19,23,59,42,78,102,101,51,124,94"/><T55/><D112/><U64/><E0/><V48/><F105/><W74/><G124/><T121/><D121/><U37/><E120/><V52/><F110/><W11/><G74/><T2/><D2/><U65/><E126/><V21/><F72/><W9/><G3/><T50/><D109/><U43/><E108/><V95/><F6/><W118/><G118/><T135/><D70/><U8/><E130/><V113/><F129/><W86/><G59/><T41/><D135/><U14/><E76/><N who="3" m="29290" /><G86/><T5/><D5/><U47/><E68/><V67/><F33/><W134/><G134/><T22/><D30/><U104/><E104/><V4/><F4/><W38/><G38/><T69/><D69/><U49/><REACH who="1" step="1"/><E27/><REACH who="1" ten="265,225,235,255" step="2"/><V122/><F122/><W82/><G82/><T54/><D106/><U7/><E7/><V12/><F25/><W73/><G73/><T107/><D107/><U28/><E28/><V97/><F132/><W16/><G94/><T32/><D32/><U114/><E114/><V81/><F93/><W128/><G19/><T36/><D18/><U90/><E90/><N who="2" m="51463" /><F81/><W40/><G128/><T31/><D31/><U133/><E133/><V117/><F113/><W131/><G131/><T116/><D116/><U96/><E96/><V79/><F79/><W88/><G88/><T46/><D100/><N who="3" m="38505" /><G9/><T98/><D103/><U83/><E83/><V53/><F117/><W75/><G11/><T123/><D123/><U119/><E119/><V10/><F10/><W1/><G75/><T71/><D71/><U125/><E125/><V85/><F95/><W35/><G1/><RYUUKYOKU ba="1,2" sc="265,-10,225,30,235,-10,255,-10" hai1="8,14,17,37,43,45,47,49,64,65,89,92,99" /><INIT seed="1,2,2,2,3,125" ten="255,255,225,245" oya="1" hai0="9,90,62,134,21,111,132,43,19,56,73,23,51" hai1="15,52,36,116,100,31,102,135,108,27,54,120,79" hai2="34,77,33,130,6,32,109,61,67,118,97,48,129" hai3="76,30,112,71,85,4,55,2,121,95,63,119,115"/><U107/><E116/><V45/><F118/><W86/><G119/><T24/><D73/><U126/><E120/><V92/><F77/><W91/><G121/><T75/><D75/><U38/><E126/><V22/><F6/><W84/><G30/><T101/><D101/><U26/><E107/><V1/><F1/><W104/><G104/><T105/><D105/><U10/><E79/><V78/><F78/><W5/><G55/><T113/><D113/><U50/><E135/><N who="0" m="51753" /><D111/><U123/><E123/><V18/><F109/><W117/><G117/><T128/><D90/><U83/><E83/><V40/><F97/><W72/><G72/><T53/><D23/><U13/><E108/><V94/><F94/><W64/><G76/><T35/><D9/><U82/><E82/><V89/><F89/><W29/><G29/><T98/><D98/><U99/><E31/><V74/><F92/><W70/><G4/><T16/><D19/><U69/><E99/><V96/><F96/><W7/><G5/><T17/><D17/><U68/><E10/><V20/><F74/><W8/><G71/><T14/><D35/><U37/><E37/><V88/><F88/><W93/><G93/><T3/><D3/><U58/><E58/><N who="2" m="37303" /><F18/><W124/><G124/><T28/><D28/><U12/><E12/><V122/><F122/><W110/><G110/><T103/><D103/><U46/><E46/><V44/><F44/><W66/><G95/><T59/><D14/><U87/><E87/><V11/><F11/><W106/><G106/><T65/><D43/><U81/><E81/><V25/><F25/><RYUUKYOKU ba="2,2" sc="255,10,255,10,225,10,245,-30" hai0="16,21,24,51,53,56,59,62,65,128" hai1="13,15,26,27,36,38,50,52,54,68,69,100,102" hai2="20,22,32,33,34,40,45,48,129,130" /><INIT seed="1,3,2,1,0,84" ten="265,265,235,215" oya="1" hai0="2,92,117,12,60,118,82,52,89,46,70,85,132" hai1="64,63,93,1,56,43,38,61,94,88,110,31,121" hai2="13,65,90,37,41,23,109,4,75,127,126,26,55" hai3="76,59,116,78,81,128,0,105,130,83,71,44,73"/><U36/><E121/><V123/><F123/><W58/><G116/><T111/><D2/><U68/><E1/><V24/><F75/><W69/><G0/><T131/><D111/><U120/><E120/><V95/><F109/><W129/><G105/><T39/><D131/><U47/><E110/><V79/><F79/><W112/><G44/><T133/><D70/><N who="3" m="26633" /><G112/><T98/><D12/><U72/><E72/><AGARI ba="3,2" hai="58,59,72,73,76,78,81,83,128,129,130" m="26633" machi="72" ten="40,1300,0" yaku="19,1" doraHai="84" who="3" fromWho="1" sc="265,0,265,-22,235,0,215,42" /><INIT seed="2,0,0,2,2,39" ten="265,243,235,257" oya="2" hai0="41,55,78,11,94,36,110,84,80,116,129,22,51" hai1="69,24,45,58,119,70,107,10,56,50,111,12,29" hai2="30,68,83,133,5,37,90,122,13,42,49,35,63" hai3="91,98,117,113,126,81,131,118,92,128,88,53,99"/><V82/><F122/><W17/><G17/><T125/><D110/><U89/><E107/><V26/><F37/><W57/><G53/><T0/><D129/><N who="3" m="49737" /><G57/><T71/><D71/><U44/><E111/><V60/><F133/><W66/><G66/><T59/><D125/><U64/><E119/><N who="3" m="45578" /><G126/><T114/><D116/><U87/><E69/><V43/><F49/><W105/><G113/><T46/><D114/><U48/><E64/><V8/><F68/><W101/><G81/><T61/><D22/><U130/><E130/><V109/><F109/><W115/><G115/><T76/><D0/><U77/><E77/><V14/><F14/><W72/><G72/><T100/><D11/><U1/><E1/><V127/><F127/><W3/><G3/><T85/><D78/><U18/><E70/><V103/><F82/><W52/><G52/><T31/><D31/><U20/><E50/><V106/><F60/><W19/><G19/><T47/><D36/><U121/><E121/><V65/><F63/><W23/><G23/><T6/><D6/><U135/><E135/><V2/><F65/><W25/><G25/><T4/><D4/><U120/><E120/><V15/><F15/><W73/><G73/><T33/><D33/><U32/><E32/><V97/><REACH who="2" step="1"/><F2/><REACH who="2" ten="265,243,225,257" step="2"/><W93/><G105/><T102/><D47/><N who="1" m="17995" /><E48/><V54/><F54/><W95/><G101/><T9/><D100/><U34/><E56/><V62/><F62/><W38/><G38/><T27/><D102/><U16/><E58/><V40/><F40/><W96/><AGARI ba="0,1" hai="88,91,92,93,95,96,98,99" m="45578,49737" machi="96" ten="40,12000,2" yaku="28,2,19,1,34,2,54,1" doraHai="39" who="3" fromWho="3" sc="265,-30,243,-30,225,-60,257,130" /><INIT seed="3,0,0,3,4,70" ten="235,213,165,387" oya="3" hai0="57,124,19,17,135,128,105,125,74,83,72,45,89" hai1="4,132,109,63,121,1,11,99,66,56,54,30,3" hai2="26,55,14,120,53,91,46,68,93,18,126,118,44" hai3="90,85,0,52,123,27,34,103,133,38,122,115,96"/><W31/><G115/><T86/><D105/><U113/><E121/><V40/><F118/><W20/><G0/><T102/><D128/><U81/><E113/><V29/><F120/><W69/><G69/><T76/><D102/><U98/><E109/><V32/><F68/><W39/><G122/><T2/><D2/><U114/><E114/><V48/><F126/><N who="0" m="48746" /><D135/><U50/><E1/><V22/><REACH who="2" step="1"/><F46/><REACH who="2" ten="235,213,155,387" step="2"/><W23/><G123/><T8/><D45/><U97/><E132/><V60/><F60/><W134/><G133/><T36/><D57/><U9/><E63/><V16/><F16/><W67/><G134/><T62/><D62/><U15/><E30/><V77/><F77/><W24/><G31/><T127/><D127/><U10/><E66/><V5/><F5/><W82/><G67/><T95/><D19/><U130/><E130/><V6/><F6/><W129/><G129/><T35/><D17/><U94/><E4/><V71/><F71/><W88/><G24/><T37/><D74/><U58/><E56/><V117/><F117/><W7/><G27/><T75/><D75/><U59/><E58/><V107/><F107/><W106/><G106/><T43/><D76/><U131/><E131/><V79/><F79/><W42/><G7/><T13/><D72/><U84/><E3/><V49/><F49/><W101/><G38/><T104/><D36/><U87/><E15/><V51/><F51/><W41/><G39/><T110/><D37/><U100/><E50/><V61/><F61/><W111/><G111/><T116/><D110/><U92/><E59/><V25/><F25/><RYUUKYOKU ba="0,1" sc="235,-10,213,-10,155,30,387,-10" hai2="14,18,22,26,29,32,40,44,48,53,55,91,93" /><INIT seed="4,1,1,0,2,69" ten="225,203,185,377" oya="0" hai0="82,100,106,58,30,62,110,70,76,32,91,111,4" hai1="79,8,77,65,84,47,27,19,13,0,37,118,54" hai2="24,78,7,81,57,49,135,115,52,25,17,86,130" hai3="6,94,14,71,10,53,123,5,128,74,33,132,134"/><T124/><D124/><U31/><E118/><V43/><F115/><W2/><G33/><T104/><D4/><U98/><E0/><V116/><F116/><W88/><G74/><N who="0" m="43287" /><D91/><U61/><E98/><V83/><F7/><W35/><G35/><T90/><D90/><U26/><E26/><V80/><F135/><N who="3" m="51755" /><G128/><T12/><D12/><U44/><E84/><V126/><F130/><W66/><G123/><T85/><D85/><U122/><E122/><V36/><F126/><W131/><G131/><T99/><D106/><U20/><E54/><V95/><F95/><W48/><G5/><T42/><D42/><U89/><E89/><V67/><F67/><W55/><G14/><T105/><D105/><U28/><E28/><V97/><F97/><N who="3" m="57543" /><G48/><T133/><D133/><U34/><E34/><V11/><F11/><W18/><G18/><T16/><D16/><U63/><E31/><V68/><F68/><W127/><G127/><T107/><D70/><U38/><E13/><V108/><F108/><N who="0" m="41514" /><D107/><U102/><E19/><V93/><F93/><W96/><G10/><T113/><D113/><U15/><E8/><V117/><F117/><W125/><G6/><T22/><D32/><U45/><E15/><V64/><F17/><W56/><G71/><T39/><D30/><U1/><E1/><V103/><F24/><W109/><G2/><T46/><D22/><U92/><E20/><V121/><F25/><W59/><G109/><T73/><D73/><U29/><E27/><V87/><F121/><W72/><G125/><T9/><D104/><U50/><E29/><V112/><F87/><RYUUKYOKU ba="1,1" sc="225,0,203,0,185,0,377,0" /><INIT seed="5,2,1,2,3,20" ten="225,203,185,377" oya="1" hai0="38,49,0,128,76,65,100,97,11,62,70,47,92" hai1="89,13,118,34,4,113,93,32,133,36,3,130,26" hai2="126,63,73,72,88,21,18,135,103,42,99,134,61" hai3="59,46,68,114,43,22,96,80,127,79,30,85,94"/><U67/><E118/><V115/><F42/><W75/><G68/><T64/><D128/><U40/><E3/><V110/><F110/><W58/><G114/><T7/><D65/><U91/><E113/><V8/><F115/><W55/><G127/><T2/><D76/><U56/><E130/><V102/><F8/><W17/><G30/><T1/><D38/><U71/><E71/><V98/><F126/><W81/><G81/><T66/><D66/><U83/><E83/><V6/><F6/><W84/><G84/><T106/><D106/><U119/><E119/><V19/><REACH who="2" step="1"/><F21/><REACH who="2" ten="225,203,175,377" step="2"/><W15/><G43/><AGARI ba="2,2" hai="0,1,2,7,11,43,47,49,62,64,70,92,97,100" machi="43" ten="30,1000,0" yaku="7,1" doraHai="20" who="0" fromWho="3" sc="225,36,203,0,175,0,377,-16" /><INIT seed="6,0,0,2,2,118" ten="261,203,175,361" oya="2" hai0="83,125,107,24,109,65,20,121,11,3,26,31,36" hai1="73,92,38,74,21,100,129,55,63,56,18,131,68" hai2="44,97,15,128,99,17,64,101,102,104,28,91,6" hai3="32,34,120,10,90,57,2,113,22,119,51,16,23"/><V67/><F128/><N who="1" m="49225" /><E38/><V123/><F123/><W62/><G120/><T110/><D121/><U135/><E135/><V1/><F28/><W30/><G119/><T95/><D107/><U46/><E68/><V70/><F91/><W76/><G76/><T40/><D125/><U35/><E35/><V85/><F85/><W105/><G105/><T124/><D124/><U12/><E46/><V72/><F72/><N who="1" m="27753" /><E92/><V126/><F126/><W114/><G32/><T61/><D26/><U98/><E98/><V116/><F116/><W50/><G34/><T53/><D20/><U25/><E25/><V5/><F44/><W94/><G23/><T42/><D53/><U19/><E19/><V112/><F112/><N who="3" m="43115" /><G30/><T37/><D61/><U41/><E41/><V47/><F47/><W115/><G10/><T27/><D11/><U77/><E77/><V106/><F1/><W8/><G8/><T7/><D3/><U93/><E93/><V59/><F70/><W75/><G75/><T33/><D31/><U108/><E100/><V134/><F134/><W39/><G39/><T89/><D33/><U58/><E58/><V4/><REACH who="2" step="1"/><F59/><REACH who="2" ten="261,203,165,361" step="2"/><W86/><G2/><T13/><D89/><U127/><E127/><V81/><F81/><W0/><G0/><T66/><D83/><U132/><E132/><V82/><F82/><W111/><G115/><T29/><D29/><U60/><E108/><V117/><F117/><W71/><G111/><T52/><D109/><U88/><E88/><V103/><F103/><W45/><G71/><T43/><D110/><U78/><E78/><V133/><F133/><RYUUKYOKU ba="0,1" sc="261,-15,203,15,165,15,361,-15" hai1="12,18,21,55,56,60,63" hai2="4,5,6,15,17,64,67,97,99,101,102,104,106" /><INIT seed="6,1,1,4,5,42" ten="246,218,180,346" oya="2" hai0="78,135,41,39,2,50,131,127,46,71,33,77,83" hai1="22,45,80,66,3,97,14,49,93,81,62,23,107" hai2="56,55,75,64,110,98,35,120,109,54,58,82,4" hai3="103,96,104,60,79,84,53,112,94,44,28,47,67"/><V7/><F120/><W15/><G112/><T69/><D131/><U31/><E3/><V92/><F35/><W34/><G53/><N who="2" m="19977" /><F75/><W52/><G52/><T37/><D78/><U8/><E107/><V63/><F82/><N who="1" m="31849" /><E31/><V19/><F56/><W133/><G133/><T40/><D33/><U117/><E117/><V25/><F25/><N who="3" m="18703" /><G15/><T73/><D2/><U74/><E74/><V129/><F129/><W126/><G126/><T51/><D127/><U99/><E62/><V113/><F113/><W124/><G124/><T95/><D135/><U70/><E66/><V21/><F21/><N who="1" m="7689" /><E70/><V13/><F13/><W30/><G30/><T59/><D59/><U115/><E115/><V100/><F19/><W38/><G38/><T108/><D69/><U17/><E93/><V12/><F12/><W76/><G84/><T26/><D71/><U90/><E90/><V125/><F125/><W132/><G94/><T16/><D95/><U32/><E32/><V91/><F91/><W130/><G130/><T106/><D39/><U18/><E18/><V122/><F122/><W85/><G85/><T10/><D37/><U128/><E128/><V11/><F11/><W5/><G132/><T61/><D10/><U121/><E121/><V6/><F110/><W101/><G101/><T27/><D108/><U86/><E86/><V57/><F109/><W123/><G123/><T119/><D73/><U65/><E65/><V87/><F58/><N who="3" m="37271" /><G5/><N who="2" m="1281" /><V36/><DORA hai="9" /><F36/><W116/><G79/><T88/><D77/><U24/><E24/><V105/><F87/><W68/><G76/><T102/><D102/><RYUUKYOKU ba="1,1" sc="246,-15,218,15,180,15,346,-15" hai1="8,14,17,45,49,97,99" hai2="57,63,64,92,98,100,105" /><INIT seed="6,2,1,5,0,129" ten="231,233,195,331" oya="2" hai0="102,36,133,56,50,76,121,22,98,39,33,87,127" hai1="55,95,97,107,60,134,28,38,31,92,6,132,45" hai2="46,69,24,5,3,23,114,116,80,90,62,111,64" hai3="112,48,17,40,115,77,59,70,34,0,126,8,58"/><V63/><F116/><W19/><G70/><T41/><D121/><U9/><E107/><V75/><F114/><N who="3" m="43563" /><G126/><T94/><D127/><U47/><E38/><V32/><F32/><W72/><G34/><T37/><D33/><U21/><E92/><V85/><F75/><W42/><G72/><T7/><D7/><U43/><E60/><V117/><F117/><W84/><G0/><T83/><D22/><U93/><E55/><V82/><F111/><W53/><G59/><T113/><D113/><U27/><E31/><V1/><F5/><W110/><G110/><T105/><D105/><U122/><E122/><V130/><F130/><W57/><G57/><T67/><D41/><N who="3" m="15977" /><G8/><T96/><D96/><U54/><E54/><V11/><F11/><W65/><G65/><T44/><D44/><N who="1" m="16971" /><E43/><V13/><F46/><W20/><G20/><T74/><D74/><U104/><E97/><V118/><F118/><W128/><G128/><T25/><D50/><U16/><E9/><V106/><F62/><W100/><G100/><T61/><REACH who="0" step="1"/><D25/><REACH who="0" ten="221,233,195,331" step="2"/><U30/><E27/><V124/><F124/><W26/><G26/><T4/><D4/><U71/><E6/><V120/><F120/><W119/><G119/><T86/><D86/><U18/><E21/><V66/><F106/><W73/><G73/><T15/><D15/><U51/><E51/><V35/><F13/><W49/><G48/><T123/><D123/><U109/><E104/><V79/><F35/><W125/><G125/><T108/><D108/><U29/><E109/><V2/><F1/><W10/><G10/><T52/><D52/><RYUUKYOKU ba="2,2" sc="221,15,233,-15,195,-15,331,15" hai0="36,37,39,56,61,67,76,83,87,94,98,102,133" hai3="17,19,49,53,58,77,84" /><INIT seed="7,3,2,1,3,90" ten="236,218,180,346" oya="3" hai0="55,30,57,104,19,102,47,110,85,59,64,119,97" hai1="28,17,79,20,62,98,4,74,124,129,133,1,73" hai2="88,118,46,60,43,105,65,95,5,91,103,15,81" hai3="86,9,33,8,116,21,66,23,100,125,11,107,53"/><W92/><G33/><T7/><D119/><U68/><E79/><V84/><F118/><W77/><G107/><T39/><D110/><U29/><E129/><V12/><F105/><W71/><G71/><T121/><D121/><U117/><E117/><V120/><F103/><W6/><G6/><T52/><D64/><N who="1" m="40983" /><E98/><N who="2" m="57703" /><F120/><W93/><G66/><T80/><D7/><U70/><E70/><V112/><F112/><W34/><G125/><T35/><D19/><U49/><E74/><V126/><F126/><W50/><G34/><T123/><D123/><U51/><E73/><V22/><F5/><W13/><G100/><T44/><D39/><U128/><E124/><V14/><F22/><N who="3" m="8203" /><G13/><N who="2" m="3329" /><V45/><DORA hai="111" /><F43/><W131/><G131/><T69/><D69/><U75/><E128/><V61/><F61/><W87/><G116/><T42/><D42/><U106/><E106/><V2/><F2/><W16/><G16/><T82/><D102/><U113/><E75/><V130/><F130/><W96/><G8/><T132/><D104/><U78/><E113/><V38/><F38/><W36/><G36/><T76/><D35/><U32/><E32/><V135/><F135/><W18/><G9/><T72/><D132/><U134/><E133/><V10/><F10/><W89/><G18/><T127/><D127/><U94/><E134/><V67/><F67/><W114/><G114/><T48/><D72/><U25/><E94/><V31/><F31/><N who="1" m="11849" /><E78/><V24/><F24/><W122/><G11/><T56/><D30/><U3/><E3/><V41/><F41/><W37/><G122/><T58/><D76/><RYUUKYOKU ba="3,2" sc="236,-15,218,15,180,15,346,-15" hai1="1,4,17,20,25,49,51" hai2="45,46,60,65,81,84,91" owari="221,-18.0,233,3.0,195,-30.0,351,45.0" /></mjloggm>