<mjloggm ver="2.3"><GO type="169" lobby="0"/><UN n0="%E3%81%92%E3%82%93%E3%81%9F%E3%82%8D%E3%81%AE%E3%81%8B%E3%81%91%E3%82%89" n1="%70%69%2D%70%6F" n2="%49%68%63%63%6F%74" n3="%6D%73%69%67%65%72%75" dan="16,16,16,16" rate="2086.90,2100.37,2106.81,2047.55" sx="M,M,M,M"/><TAIKYOKU oya="0"/><INIT seed="0,0,0,2,1,25" ten="250,250,250,250" oya="0" hai0="33,129,12,103,3,9,68,112,98,110,11,46,124" hai1="29,49,83,93,121,20,114,120,62,1,32,70,58" hai2="123,69,72,47,99,43,122,41,100,2,94,66,23" hai3="79,109,39,107,75,102,42,115,91,55,45,80,128"/><T88/><D112/><U6/><E32/><V106/><F94/><W117/><G115/><T4/><D68/><U135/><E114/><V126/><F23/><W105/><G117/><T8/><D124/><U19/><E135/><V101/><F43/><W54/><G109/><T86/><D129/><U134/><E134/><V113/><F113/><W56/><G128/><T132/><D132/><U131/><E131/><V97/><F72/><W74/><G74/><T63/><D110/><U125/><E70/><V76/><F76/><W14/><G102/><T78/><D78/><U90/><E125/><V28/><F2/><W53/><G56/><T57/><D46/><U18/><E49/><V130/><F126/><W59/><G59/><T5/><D33/><U104/><E104/><V64/><F64/><W81/><G14/><T36/><D36/><U44/><E44/><V96/><F96/><W127/><G127/><T73/><D73/><U87/><E93/><V13/><F13/><W48/><REACH who="3" step="1"/><G39/><REACH who="3" ten="250,250,250,240" step="2"/><T51/><D3/><U118/><E118/><V77/><F130/><W17/><G17/><T38/><D38/><U40/><E19/><V15/><F15/><W26/><G26/><T84/><D12/><U92/><E18/><V22/><F69/><W67/><G67/><N who="0" m="39407" /><D103/><U60/><E1/><V116/><F66/><W16/><G16/><T50/><D4/><U31/><E6/><V10/><F116/><W95/><G95/><N who="0" m="56679" /><D5/><U30/><E58/><V35/><F101/><W61/><G61/><T7/><D7/><U71/><E60/><V65/><F106/><W21/><G21/><RYUUKYOKU ba="0,1" sc="250,15,250,-15,250,-15,240,15" hai0="8,9,11,50,51,84,86" hai3="42,45,48,53,54,55,75,79,80,81,91,105,107" /><INIT seed="0,1,1,3,4,131" ten="265,235,235,255" oya="0" hai0="133,119,46,17,78,111,1,98,110,28,84,19,93" hai1="54,12,16,95,116,60,129,63,35,128,59,123,41" hai2="2,39,113,73,67,71,7,36,103,125,3,42,64" hai3="0,99,55,14,135,88,117,83,75,87,11,92,120"/><T79/><D119/><U114/><E116/><V25/><F103/><W43/><G117/><T21/><D1/><N who="2" m="10" /><F25/><W82/><G0/><T102/><D133/><U15/><E123/><V115/><F7/><W101/><G120/><T74/><D74/><U85/><E35/><V56/><F56/><W10/><G135/><T48/><D28/><U91/><E114/><N who="2" m="43531" /><F42/><W100/><G43/><N who="0" m="24671" /><D84/><U127/><E41/><V104/><F104/><W5/><G11/><T66/><D66/><N who="2" m="25130" /><F73/><W9/><G9/><T124/><D124/><U4/><E127/><V34/><F125/><W112/><G112/><T132/><D132/><U38/><E4/><V134/><F134/><W62/><G75/><T89/><D102/><N who="3" m="39529" /><G87/><T49/><D49/><N who="1" m="31183" /><E38/><V24/><F24/><W57/><AGARI ba="1,1" hai="5,10,14,55,57,62,82,83,88,92,99" m="39529" machi="57" ten="30,2000,0" yaku="8,1,54,1" doraHai="131" who="3" fromWho="3" sc="265,-11,235,-6,235,-6,255,33" /><INIT seed="1,0,0,5,2,25" ten="254,229,229,288" oya="1" hai0="5,52,50,58,17,31,30,96,27,112,33,3,79" hai1="117,43,121,53,51,106,10,77,34,88,124,62,131" hai2="100,13,65,87,103,57,81,56,76,126,78,72,84" hai3="66,59,101,125,36,115,46,123,26,93,21,20,16"/><U120/><E117/><V89/><F126/><W9/><G123/><T86/><D112/><U64/><E106/><V45/><F72/><W91/><G125/><T135/><D33/><U110/><E124/><V40/><F13/><W122/><G101/><T2/><D135/><U130/><E77/><V82/><F89/><W75/><G75/><T133/><D133/><U90/><E43/><V38/><F65/><W99/><G122/><N who="1" m="47210" /><E34/><V132/><F132/><W128/><G115/><T37/><D37/><U6/><E110/><V92/><F92/><W28/><G9/><T32/><D32/><U39/><E39/><V85/><F85/><W71/><G71/><T119/><D2/><N who="1" m="343" /><E53/><V8/><F8/><W105/><G105/><T102/><D3/><U18/><E18/><V111/><F111/><W129/><G66/><T12/><D5/><U67/><E51/><V14/><F14/><W48/><G59/><AGARI ba="0,0" hai="38,40,45,56,57,59,76,78,81,82,84,87,100,103" machi="59" ten="40,1300,0" yaku="9,1" doraHai="25" who="2" fromWho="3" sc="254,0,229,0,229,13,288,-13" /><INIT seed="2,0,0,4,0,106" ten="254,229,242,275" oya="2" hai0="63,70,79,77,123,48,104,117,87,62,103,33,102" hai1="55,113,132,17,92,51,20,100,115,116,12,44,75" hai2="97,135,109,37,2,130,125,73,31,7,43,8,35" hai3="72,71,1,29,41,101,128,78,91,88,10,38,53"/><V119/><RYUUKYOKU type="yao9" ba="0,0" sc="254,0,229,0,242,0,275,0" hai2="2,7,8,31,35,37,43,73,97,109,119,125,130,135" /><INIT seed="2,1,0,2,2,83" ten="254,229,242,275" oya="2" hai0="117,67,0,31,64,92,119,81,61,51,71,133,94" hai1="21,80,84,27,122,48,87,77,86,79,46,121,22" hai2="28,14,116,124,69,30,60,19,12,114,1,63,59" hai3="2,6,68,82,39,38,15,112,88,13,106,104,109"/><V18/><F1/><W78/><G68/><T4/><D133/><U45/><E80/><V16/><F116/><N who="0" m="44618" /><D31/><N who="2" m="11818" /><F69/><W7/><G78/><N who="1" m="29706" /><E27/><V41/><F114/><W56/><G56/><T9/><D67/><U135/><E135/><V107/><F107/><W25/><G25/><T108/><D108/><U74/><E74/><V55/><F124/><W23/><G23/><N who="1" m="8714" /><E48/><N who="2" m="31207" /><F41/><W3/><G109/><T132/><D132/><U131/><E131/><V123/><F123/><AGARI ba="1,0" hai="45,46,84,86,87,121,122,123" m="8714,29706" machi="123" ten="40,12000,2" yaku="28,2,13,1,52,3" doraHai="83" who="1" fromWho="2" sc="254,0,229,123,242,-123,275,0" /><INIT seed="3,0,0,2,5,4" ten="254,352,119,275" oya="3" hai0="97,63,49,60,127,40,22,110,43,6,35,20,128" hai1="129,18,123,58,83,75,125,64,71,90,91,16,72" hai2="37,113,15,25,45,108,67,122,0,100,47,17,9" hai3="54,101,8,74,53,87,84,46,115,131,88,121,44"/><W76/><G121/><T7/><D35/><U102/><E71/><V1/><F122/><W106/><G115/><T103/><D110/><U39/><E123/><V36/><F113/><W77/><G131/><T119/><D119/><U61/><E39/><V29/><F108/><W82/><G106/><T24/><D128/><U70/><E129/><V30/><F100/><W89/><G101/><T57/><D127/><U31/><E125/><V41/><F67/><W120/><G120/><T3/><D22/><U32/><E58/><V42/><REACH who="2" step="1"/><F30/><REACH who="2" ten="254,352,109,275" step="2"/><W105/><G105/><T38/><D103/><U19/><E102/><V68/><F68/><W56/><G74/><T114/><D114/><U135/><E72/><V111/><F111/><W104/><G104/><T59/><D38/><U99/><E31/><V23/><AGARI ba="0,1" hai="0,1,9,15,17,23,25,29,36,37,41,42,45,47" machi="23" ten="20,8000,1" yaku="1,1,0,1,7,1,9,1,52,1,53,0" doraHai="4" doraHaiUra="116" who="2" fromWho="2" sc="254,-20,352,-20,109,90,275,-40" /><INIT seed="4,0,0,2,0,8" ten="234,332,199,235" oya="0" hai0="54,114,127,61,20,98,50,121,42,28,107,26,129" hai1="52,58,24,21,63,102,29,77,115,40,128,131,17" hai2="11,25,81,124,83,71,18,100,48,56,120,74,62" hai3="22,135,112,23,95,94,37,88,19,2,39,73,80"/><T99/><D121/><U93/><E115/><V78/><F120/><W68/><G2/><T64/><D114/><U6/><E6/><V89/><F124/><W87/><G68/><T55/><D127/><U76/><E40/><V106/><F71/><W110/><G112/><T51/><D129/><N who="1" m="49739" /><E29/><V103/><F48/><N who="0" m="18474" /><D107/><U53/><E53/><N who="0" m="19977" /><D42/><U30/><E30/><V123/><F123/><W9/><G110/><T79/><D79/><U65/><E65/><N who="2" m="39111" /><F106/><W84/><G73/><T13/><D13/><U113/><E113/><V57/><F74/><W45/><G39/><T122/><D122/><U46/><E46/><V41/><F78/><W75/><G45/><T119/><D119/><U133/><E133/><V27/><F41/><W97/><G135/><T1/><D1/><U35/><E35/><V90/><F57/><AGARI ba="0,0" hai="20,26,28,57,61,64,98,99" m="19977,18474" machi="57" ten="30,1500,0" yaku="8,1" doraHai="8" who="0" fromWho="2" sc="234,15,332,0,199,-15,235,0" /><INIT seed="4,1,0,4,4,33" ten="249,332,184,235" oya="0" hai0="77,123,94,19,124,49,53,86,72,116,135,121,111" hai1="66,60,65,21,55,26,61,12,50,0,130,100,25" hai2="43,106,93,11,6,31,133,122,41,23,37,22,102" hai3="129,134,90,101,107,47,13,48,98,67,44,8,54"/><T3/><D116/><U112/><E0/><V110/><F106/><W15/><G129/><T82/><D135/><U39/><E39/><V119/><F119/><W73/><G134/><T69/><D69/><U75/><E75/><V5/><F133/><W84/><G73/><T4/><D124/><U24/><E130/><V62/><F122/><W109/><G109/><T92/><D111/><U58/><E112/><V113/><F113/><W74/><G74/><T103/><D19/><N who="1" m="10471" /><E100/><V99/><F110/><W88/><G67/><AGARI ba="1,0" hai="24,25,26,50,55,58,60,61,65,66,67" m="10471" machi="67" ten="30,1000,0" yaku="8,1" doraHai="33" who="1" fromWho="3" sc="249,0,332,13,184,0,235,-13" /><INIT seed="5,0,0,1,0,18" ten="249,345,184,222" oya="1" hai0="99,24,104,17,14,56,47,45,0,129,52,119,88" hai1="28,40,109,130,59,65,105,41,7,116,106,60,124" hai2="34,75,71,48,62,3,131,54,95,82,93,9,121" hai3="102,44,73,69,50,38,57,112,92,79,78,80,97"/><U55/><E116/><V46/><F121/><W25/><G112/><T35/><D0/><U4/><E124/><V125/><F34/><W42/><G69/><T21/><D129/><U8/><E130/><V133/><F131/><W127/><G127/><T22/><D35/><U51/><E109/><V66/><F133/><W87/><G38/><T26/><D119/><U83/><E28/><V30/><F125/><W134/><G134/><T115/><D115/><U13/><E4/><V123/><F123/><W108/><G108/><T77/><D77/><U118/><E118/><V23/><F3/><W6/><G57/><T74/><D74/><U84/><E105/><V91/><F9/><W72/><G6/><T19/><D14/><U90/><REACH who="1" step="1"/><E106/><REACH who="1" ten="249,335,184,222" step="2"/><V5/><F5/><W117/><G117/><T98/><D104/><U1/><E1/><V132/><F132/><W107/><G107/><T113/><D113/><U10/><E10/><V63/><F95/><W2/><G2/><T31/><D31/><U110/><E110/><V53/><F30/><W20/><REACH who="3" step="1"/><G78/><REACH who="3" ten="249,335,184,212" step="2"/><T58/><D58/><AGARI ba="0,2" hai="7,8,13,40,41,51,55,58,59,60,65,83,84,90" machi="58" ten="30,5800,0" yaku="1,1,7,1,8,1,53,0" doraHai="18" doraHaiUra="103" who="1" fromWho="0" sc="249,-58,335,78,184,0,212,0" /><INIT seed="5,1,0,4,0,93" ten="191,413,184,212" oya="1" hai0="85,26,47,14,32,10,12,63,15,82,78,122,66" hai1="41,103,131,64,117,9,65,80,36,124,97,46,42" hai2="8,49,88,57,77,87,130,106,112,39,101,30,33" hai3="69,18,5,44,105,54,35,61,127,110,3,129,53"/><U34/><E117/><V86/><F39/><W71/><G35/><T24/><D122/><U92/><E124/><V28/><F130/><W40/><G105/><T123/><D123/><U79/><E131/><V56/><F112/><W132/><G5/><T29/><D47/><U114/><E114/><V60/><F77/><W59/><G3/><T102/><D102/><U2/><E34/><V99/><F33/><W4/><G4/><T22/><D26/><U43/><E64/><V6/><F49/><W62/><G18/><T135/><D135/><U21/><E65/><V1/><F87/><W72/><G72/><T111/><D111/><U113/><E113/><V13/><F1/><W115/><G127/><T83/><D32/><U91/><E21/><V45/><F45/><W107/><G107/><T118/><D118/><U98/><E9/><V133/><F57/><N who="3" m="34999" /><G129/><T31/><D83/><U90/><E2/><V17/><F6/><W27/><G115/><T50/><D50/><U81/><E81/><V108/><F133/><W94/><G132/><T100/><D31/><U121/><E121/><V68/><F68/><W73/><G110/><T125/><D125/><U23/><E23/><V20/><F8/><W25/><G71/><T55/><D66/><U16/><E79/><V74/><F74/><W119/><G73/><T37/><D37/><U134/><E36/><V84/><F84/><W89/><G69/><T96/><D10/><U76/><E76/><V38/><F38/><N who="3" m="21527" /><G119/><T126/><D126/><U116/><E116/><V0/><F0/><W75/><G75/><T19/><D78/><RYUUKYOKU ba="1,0" sc="191,-10,413,-10,184,-10,212,30" hai3="25,27,53,59,62,89,94" /><INIT seed="6,2,0,3,0,126" ten="181,403,174,242" oya="2" hai0="23,33,130,116,134,66,109,49,68,119,129,35,85" hai1="19,76,83,98,22,114,30,2,8,38,45,110,89" hai2="31,0,1,32,13,41,17,65,58,47,12,34,135" hai3="64,14,75,39,102,88,63,37,132,133,82,96,117"/><V50/><F135/><N who="3" m="51787" /><G117/><N who="0" m="45131" /><D134/><U43/><E110/><V44/><F31/><W40/><G40/><T120/><D109/><U99/><E89/><V5/><F5/><W124/><G124/><T80/><D120/><U10/><E114/><V60/><F13/><W71/><G14/><T73/><D73/><N who="1" m="43407" /><E30/><V25/><F25/><W107/><G88/><N who="0" m="51239" /><D49/><U62/><E62/><V86/><F86/><W24/><G24/><T51/><D51/><U74/><E74/><V54/><F0/><W78/><AGARI ba="2,0" hai="37,39,63,64,71,75,78,82,96,102,107" m="51787" machi="78" ten="30,2000,0" yaku="20,1,23,1" doraHai="126" who="3" fromWho="3" sc="181,-7,403,-7,174,-12,242,26" /><INIT seed="7,0,0,3,3,133" ten="174,396,162,268" oya="3" hai0="7,97,100,128,9,0,13,131,61,38,76,68,130" hai1="64,8,123,42,43,18,110,11,16,59,87,108,53" hai2="117,35,78,48,126,34,32,104,67,41,55,65,127" hai3="105,19,73,20,14,118,96,84,85,70,23,10,99"/><W74/><G70/><T47/><D76/><U6/><E123/><V94/><F104/><W103/><G118/><T25/><D25/><U98/><E64/><V50/><F117/><W45/><G74/><T72/><D72/><U75/><E75/><V58/><F78/><W107/><G73/><T93/><D0/><U62/><E98/><V1/><F1/><W81/><G85/><T111/><D111/><U66/><E110/><V77/><F77/><W80/><G80/><T12/><D12/><N who="1" m="5143" /><E108/><V134/><F134/><W2/><G2/><T22/><D22/><U60/><E87/><V24/><F24/><W54/><G54/><T33/><D33/><U132/><E132/><V30/><F30/><W39/><G99/><T69/><D61/><U40/><E11/><V88/><F65/><W17/><G107/><T29/><D29/><U120/><E120/><V27/><F27/><W79/><REACH who="3" step="1"/><G17/><REACH who="3" ten="174,396,162,258" step="2"/><N who="1" m="6762" /><E66/><V37/><F67/><W109/><G109/><T121/><D121/><U86/><E86/><V91/><F94/><W101/><G101/><T102/><D100/><U4/><E4/><V51/><F91/><W114/><G114/><T90/><D102/><U116/><E116/><V125/><F88/><W21/><G21/><T3/><D3/><U28/><E28/><V36/><F41/><AGARI ba="0,1" hai="10,14,19,20,23,39,41,45,79,81,84,96,103,105" machi="41" ten="40,2000,0" yaku="1,1,53,0" doraHai="133" doraHaiUra="119" who="3" fromWho="2" sc="174,0,396,0,162,-20,258,30" /><AGARI ba="0,0" hai="7,9,13,38,41,47,68,69,90,93,97,128,130,131" machi="41" ten="40,1300,0" yaku="19,1" doraHai="133" who="0" fromWho="2" sc="174,13,396,0,142,-13,288,0" /><INIT seed="7,1,0,2,3,98" ten="187,396,129,288" oya="3" hai0="94,97,92,46,121,51,117,33,65,91,4,34,53" hai1="0,3,90,7,116,45,39,59,49,114,13,42,54" hai2="111,35,48,112,99,37,10,89,129,67,78,70,72" hai3="8,82,71,95,9,20,135,31,93,80,101,62,106"/><W81/><G135/><T6/><D117/><U16/><E116/><V87/><F10/><W47/><G106/><T57/><D121/><U120/><E120/><V2/><F48/><W30/><G71/><T22/><D34/><U103/><E7/><N who="0" m="2601" /><D33/><U12/><E114/><V17/><F67/><W56/><G47/><T126/><D126/><U122/><E122/><V105/><F17/><W110/><G110/><T83/><D22/><U134/><E134/><V29/><F29/><N who="3" m="10763" /><G20/><T118/><D118/><U24/><E90/><V84/><F2/><W11/><G101/><N who="0" m="60583" /><D83/><N who="3" m="21249" /><W50/><DORA hai="104" /><G50/><T75/><D75/><U63/><E103/><N who="2" m="62719" /><F37/><W21/><G21/><T43/><D65/><AGARI ba="1,0" hai="8,9,11,56,62,65,93,95" m="21249,10763" machi="65" ten="40,2000,0" yaku="8,1" doraHai="98,104" who="3" fromWho="0" sc="187,-23,396,0,129,0,288,23" /><INIT seed="7,2,0,0,5,119" ten="164,396,129,311" oya="3" hai0="116,6,66,78,131,54,110,123,99,77,17,10,121" hai1="103,57,83,46,114,38,97,53,132,90,101,37,85" hai2="28,64,61,79,87,15,13,18,124,44,29,14,128" hai3="1,68,2,104,86,36,125,26,62,91,20,5,76"/><W9/><G104/><T96/><D116/><U12/><E114/><V24/><F128/><W70/><G36/><T49/><D110/><U3/><E3/><V51/><F124/><W45/><G2/><T32/><D32/><U63/><E132/><V69/><F79/><N who="0" m="30218" /><D121/><U23/><E46/><V41/><F87/><W102/><G125/><T11/><D123/><U112/><E112/><V73/><F73/><W80/><G102/><T134/><D134/><U58/><E101/><V33/><REACH who="2" step="1"/><F29/><REACH who="2" ten="164,396,119,311" step="2"/><W48/><G62/><T42/><D131/><U133/><E133/><V107/><F107/><W65/><G65/><T113/><D113/><U22/><E85/><V35/><F35/><W108/><G108/><T115/><D115/><U82/><E63/><V74/><F74/><W126/><G126/><T43/><D66/><U52/><E97/><V55/><F55/><W109/><G109/><T94/><D99/><U84/><E52/><V19/><AGARI ba="2,1" hai="13,14,15,18,19,24,28,33,41,44,51,61,64,69" machi="19" ten="30,4000,0" yaku="1,1,0,1,53,1" doraHai="119" doraHaiUra="25" who="2" fromWho="2" sc="164,-12,396,-12,119,56,311,-22" owari="152,-35.0,384,48.0,175,-22.0,289,9.0" /></mjloggm>