<mjloggm ver="2.3"><GO type="169" lobby="0"/><UN n0="%73%65%61%73%75%69" n1="%E3%82%AB%E3%83%A9%E3%82%B9%E3%81%AE%E5%AD%90" n2="%68%69%72%6F%70%65%6E" n3="%E3%82%82%E3%82%84%E3%81%97%E3%82%82%E3%82%93" dan="17,16,17,16" rate="2096.50,2097.02,2130.49,2097.55" sx="M,M,M,F"/><TAIKYOKU oya="0"/><INIT seed="0,0,0,0,2,31" ten="250,250,250,250" oya="0" hai0="130,65,102,96,131,75,61,121,41,64,85,98,133" hai1="21,97,77,134,60,113,5,89,2,36,19,13,15" hai2="20,18,7,86,39,101,94,93,124,26,62,0,72" hai3="53,99,32,25,83,114,110,128,27,35,112,108,129"/><T4/><D121/><U8/><E134/><V44/><F72/><W33/><G83/><T73/><D4/><U6/><E36/><V103/><F124/><W122/><G99/><T104/><D41/><U67/><E113/><N who="3" m="43626" /><G53/><T55/><D55/><U87/><E77/><V81/><F62/><W52/><G52/><T59/><D133/><U17/><E97/><V22/><F0/><W43/><G43/><T82/><D65/><U100/><E100/><N who="2" m="38475" /><F39/><W126/><G126/><T47/><D98/><U29/><E29/><N who="2" m="17607" /><F44/><W34/><G122/><T57/><D47/><U88/><E2/><V63/><F63/><W24/><N who="3" m="8192" /><DORA hai="30" /><W12/><G12/><T95/><D59/><N who="1" m="37279" /><E89/><N who="2" m="51407" /><F7/><W1/><G1/><T116/><D75/><U79/><E79/><V80/><F80/><AGARI ba="0,0" hai="5,6,8,13,15,17,19,21,80,87,88" m="37279" machi="80" ten="30,2000,0" yaku="8,1,54,1" doraHai="31,30" who="1" fromWho="2" sc="250,0,250,20,250,-20,250,0" /><INIT seed="1,0,0,5,3,43" ten="250,270,230,250" oya="1" hai0="63,128,135,23,52,41,30,1,6,78,106,5,28" hai1="2,102,73,10,111,121,22,95,47,126,50,17,69" hai2="91,134,53,45,64,16,56,109,34,112,99,89,110" hai3="119,77,76,71,14,86,113,20,81,83,61,13,130"/><U74/><E121/><V105/><F34/><W108/><G113/><T101/><D78/><U96/><E111/><N who="2" m="42507" /><F134/><W125/><G108/><T58/><D135/><U115/><E115/><V7/><F112/><W46/><G119/><T32/><D32/><U80/><E69/><V21/><F7/><W117/><G117/><T49/><D128/><U8/><E126/><V48/><F64/><W19/><G125/><T82/><D82/><U40/><E2/><V122/><F122/><W132/><G130/><T100/><D1/><U25/><REACH who="1" step="1"/><E80/><REACH who="1" ten="250,260,230,250" step="2"/><V3/><F3/><W27/><G132/><T29/><D106/><U36/><E36/><V15/><F105/><W123/><G123/><T33/><D33/><U18/><E18/><V65/><F99/><W31/><G19/><T104/><D104/><U38/><E38/><V133/><F133/><W51/><G71/><T70/><D70/><U75/><AGARI ba="0,1" hai="8,10,17,22,25,40,47,50,73,74,75,95,96,102" machi="75" ten="30,6000,0" yaku="1,1,0,1,52,1,53,0" doraHai="43" doraHaiUra="129" who="1" fromWho="1" sc="250,-20,260,70,230,-20,250,-20" /><INIT seed="1,1,0,5,4,85" ten="230,330,210,230" oya="1" hai0="124,126,76,80,84,39,77,128,133,119,11,56,22" hai1="106,67,33,94,36,37,61,2,102,48,123,65,64" hai2="70,34,44,87,112,55,115,86,129,108,73,98,103" hai3="127,57,4,107,8,14,93,101,66,0,130,88,25"/><U63/><E123/><V91/><F34/><W13/><G127/><N who="0" m="48683" /><D39/><U110/><E33/><V40/><F70/><W92/><G130/><T12/><D128/><U7/><E106/><N who="2" m="63863" /><F129/><W71/><G71/><T50/><D119/><U41/><E110/><V79/><F55/><W17/><G107/><T125/><D133/><U82/><E7/><V18/><F18/><W131/><G131/><T15/><D125/><U59/><E2/><V90/><F108/><W38/><G38/><N who="1" m="14954" /><E82/><N who="2" m="45423" /><F44/><W5/><G25/><T19/><D56/><U10/><E10/><V118/><F40/><W30/><G30/><T58/><D58/><U1/><E59/><V28/><F28/><W105/><G105/><T81/><D50/><U132/><E64/><V72/><F72/><W104/><G104/><T43/><D43/><U95/><E65/><V35/><F35/><W6/><G0/><T113/><D113/><N who="2" m="43594" /><F118/><W99/><G66/><T96/><D96/><U89/><E67/><V31/><F31/><W47/><G47/><T3/><D3/><U68/><E1/><V114/><F114/><W75/><G75/><N who="0" m="43039" /><D15/><U122/><E68/><V100/><F100/><W69/><G69/><T32/><D32/><U53/><E102/><V74/><F74/><W97/><G57/><T116/><D116/><U24/><E41/><V23/><F23/><AGARI ba="1,0" hai="4,5,6,8,13,14,17,23,88,92,93,97,99,101" machi="23" ten="30,7700,0" yaku="7,1,8,1,52,1,54,1" doraHai="85" who="3" fromWho="2" sc="230,0,330,0,210,-80,230,80" /><AGARI ba="1,0" hai="11,12,19,22,23,77,81,84" m="43039,48683" machi="23" ten="30,1000,0" yaku="18,1" doraHai="85" who="0" fromWho="2" sc="230,10,330,0,130,-10,310,0" /><INIT seed="2,0,0,3,4,62" ten="240,330,120,310" oya="2" hai0="46,133,28,35,14,29,75,84,17,135,10,76,16" hai1="90,82,77,129,80,109,93,71,2,85,95,94,101" hai2="24,20,68,1,70,6,48,66,97,91,81,120,86" hai3="5,27,131,19,42,44,72,102,65,99,34,108,104"/><V106/><F120/><W69/><G108/><T59/><D75/><N who="1" m="43071" /><E2/><V36/><F36/><N who="3" m="21575" /><G19/><T9/><D46/><U73/><E71/><V118/><F118/><W132/><G5/><T83/><D59/><U45/><E45/><V63/><F48/><W53/><G53/><T43/><D43/><U110/><E129/><V50/><F50/><W49/><G49/><T127/><D127/><U33/><E33/><V123/><F123/><W107/><G131/><T119/><D119/><U64/><E64/><V60/><F60/><N who="3" m="40103" /><G132/><N who="0" m="50763" /><D35/><U58/><E58/><V74/><F74/><W87/><G87/><T126/><D126/><U103/><E73/><V134/><F134/><W124/><G72/><T26/><D26/><U51/><E51/><V23/><F70/><W79/><G79/><T0/><D0/><U116/><E116/><V54/><F54/><W40/><G40/><T21/><D17/><U13/><E13/><V3/><F6/><W30/><G124/><T128/><D128/><U100/><AGARI ba="0,0" hai="82,85,90,93,94,95,100,101,103,109,110" m="43071" machi="100" ten="40,2700,0" yaku="34,2" doraHai="62" who="1" fromWho="1" sc="240,-7,330,27,120,-13,310,-7" /><INIT seed="3,0,0,4,1,126" ten="233,357,107,303" oya="3" hai0="25,8,103,132,114,5,85,60,115,123,17,10,72" hai1="95,120,111,53,67,131,98,116,28,58,4,106,130" hai2="129,11,66,1,41,7,0,102,56,31,101,35,27" hai3="110,37,24,43,51,13,81,134,38,33,88,89,100"/><W15/><G134/><T55/><D72/><U47/><E111/><V65/><F41/><W113/><G113/><T69/><D123/><U128/><E120/><V121/><F121/><W76/><G110/><T42/><D42/><U32/><E116/><V22/><F0/><W83/><G100/><T29/><D132/><U86/><E4/><V91/><F129/><W119/><G119/><T18/><D103/><N who="1" m="62839" /><E28/><V107/><F107/><W105/><G105/><T59/><D69/><U44/><E32/><V97/><F66/><W79/><G51/><T9/><D5/><U21/><E21/><V84/><F97/><W127/><G43/><T39/><D39/><U73/><E73/><V94/><REACH who="2" step="1"/><F35/><REACH who="2" ten="233,357,97,303" step="2"/><W52/><G33/><T3/><D3/><U92/><E67/><V62/><AGARI ba="0,1" hai="1,7,11,22,27,31,56,62,65,84,91,94,101,102" machi="62" ten="30,4000,0" yaku="1,1,2,1,0,1,53,0" doraHai="126" doraHaiUra="70" who="2" fromWho="2" sc="233,-10,357,-10,97,50,303,-20" /><INIT seed="4,0,0,2,0,46" ten="223,347,147,283" oya="0" hai0="8,71,23,9,6,112,45,118,17,68,128,59,20" hai1="72,11,131,107,61,27,114,132,57,21,3,48,130" hai2="129,13,88,133,105,25,39,101,74,95,126,99,30" hai3="43,56,52,121,36,16,125,111,33,91,2,58,96"/><T84/><D118/><U0/><E132/><V85/><F133/><W47/><G111/><T116/><D116/><U67/><E107/><V117/><F117/><W10/><G33/><T92/><D112/><U35/><E72/><V110/><F110/><W122/><G125/><T49/><D128/><N who="1" m="49195" /><E35/><V65/><F129/><W82/><G58/><T113/><D59/><U86/><E114/><V120/><F120/><N who="3" m="46187" /><G82/><T123/><D123/><U108/><E108/><V19/><F126/><W5/><G91/><T80/><D92/><U29/><E86/><V40/><F74/><W109/><G96/><T55/><D113/><U97/><E97/><V89/><F65/><W34/><G34/><T119/><D119/><U90/><E90/><V73/><F73/><W93/><G93/><T100/><D100/><U75/><E75/><V63/><F63/><N who="3" m="36231" /><G109/><T64/><D64/><U7/><E3/><V135/><F135/><W104/><G104/><T70/><D6/><U32/><E32/><V134/><F134/><W26/><G26/><T78/><REACH who="0" step="1"/><D20/><REACH who="0" ten="213,347,147,283" step="2"/><U83/><E83/><N who="2" m="49215" /><F105/><W53/><G5/><T77/><D77/><U42/><E7/><V50/><F101/><W4/><G4/><T31/><D31/><U28/><E29/><V62/><F30/><W127/><G127/><T41/><D41/><U98/><E0/><V54/><F40/><W44/><G2/><T60/><D60/><U69/><E57/><V106/><F62/><W79/><G79/><T22/><D22/><U115/><E115/><V18/><F106/><W38/><G43/><T1/><D1/><U12/><E42/><RYUUKYOKU ba="0,1" sc="213,30,347,-10,147,-10,283,-10" hai0="8,9,17,23,45,49,55,68,70,71,78,80,84" /><INIT seed="4,1,1,3,0,20" ten="243,337,137,273" oya="0" hai0="22,106,78,13,89,116,114,69,109,119,11,112,37" hai1="45,123,132,46,74,115,81,72,44,49,60,53,3" hai2="88,118,77,1,117,26,41,59,90,94,124,131,126" hai3="102,34,134,97,61,29,121,130,96,82,15,91,135"/><T133/><D69/><U66/><E123/><V58/><F1/><W36/><G121/><T9/><D37/><U38/><E3/><V111/><F131/><W65/><G130/><T101/><D78/><U16/><E38/><V98/><F111/><W5/><G36/><T103/><D109/><U24/><E132/><N who="3" m="50730" /><G34/><T7/><D133/><U14/><E115/><N who="0" m="44073" /><D106/><U33/><E74/><V76/><F41/><W84/><G29/><T10/><D89/><N who="2" m="34410" /><F26/><W75/><G75/><T12/><D22/><U99/><E99/><V48/><F94/><W64/><G97/><T93/><D93/><U52/><E81/><V28/><F98/><W62/><G96/><T107/><D107/><U25/><E72/><V73/><F28/><W113/><G102/><N who="0" m="38923" /><D7/><U87/><E33/><V71/><F71/><W19/><G5/><T42/><D42/><U2/><E2/><V68/><F68/><W122/><G113/><T56/><D56/><N who="2" m="21546" /><F48/><W27/><G122/><T50/><D50/><N who="1" m="28743" /><E87/><V105/><F105/><W23/><G15/><AGARI ba="1,1" hai="9,10,11,12,13,15,116,119" m="38923,44073" machi="15" ten="40,7700,0" yaku="28,2,15,1" doraHai="20" who="0" fromWho="3" sc="243,90,337,0,137,0,273,-80" /><INIT seed="4,2,0,2,5,65" ten="333,337,137,193" oya="0" hai0="43,106,111,116,76,6,66,129,127,20,104,19,44" hai1="124,108,107,47,122,73,49,91,77,69,23,112,113" hai2="22,21,123,72,34,54,17,36,134,42,27,25,80" hai3="12,55,14,68,16,28,126,128,35,56,29,92,0"/><T5/><D116/><U46/><E108/><V99/><F123/><W120/><G120/><T85/><D111/><U110/><E110/><V48/><F134/><W64/><G0/><T62/><D129/><U89/><E122/><V118/><F118/><W82/><G128/><T119/><D119/><U130/><E124/><V70/><F34/><W121/><G126/><T86/><D127/><U93/><E130/><V98/><F42/><W9/><G121/><T101/><D101/><U84/><E107/><V58/><F36/><W53/><G82/><T117/><D117/><U45/><E69/><V135/><F135/><W50/><G92/><T13/><D106/><U94/><E77/><V4/><F4/><W59/><G35/><T15/><D104/><U125/><E125/><V30/><REACH who="2" step="1"/><F70/><REACH who="2" ten="333,337,127,193" step="2"/><W51/><G68/><T39/><D6/><U75/><E113/><V32/><F32/><W57/><G14/><T87/><D5/><U83/><E112/><V88/><F88/><W96/><REACH who="3" step="1"/><G96/><REACH who="3" ten="333,337,127,183" step="2"/><T131/><D131/><U52/><E83/><V74/><F74/><W40/><G40/><T109/><D109/><U71/><E71/><V67/><F67/><W79/><G79/><AGARI ba="2,2" hai="17,21,22,25,27,30,48,54,58,72,79,80,98,99" machi="79" ten="40,1300,0" yaku="1,1,53,0" doraHai="65" doraHaiUra="103" who="2" fromWho="3" sc="333,0,337,0,127,39,183,-19" /><INIT seed="5,0,0,5,5,91" ten="333,337,166,164" oya="1" hai0="135,53,59,104,60,102,123,77,46,127,43,95,74" hai1="29,34,121,12,83,13,120,36,37,17,122,11,71" hai2="6,115,32,15,107,99,45,58,109,16,113,40,9" hai3="97,106,118,93,119,56,100,133,78,110,96,92,130"/><U48/><E71/><V44/><F109/><W65/><G110/><T76/><D135/><U94/><E29/><V7/><F32/><W62/><G133/><T114/><D114/><N who="2" m="43530" /><F58/><W66/><G130/><T86/><D127/><U84/><E34/><V70/><F70/><W63/><G78/><T101/><D123/><U132/><E132/><V88/><F45/><W26/><G26/><T27/><D74/><U108/><E108/><V20/><F9/><W21/><G21/><T38/><D104/><U87/><E48/><N who="2" m="26631" /><F107/><W3/><G3/><T82/><D27/><U67/><E67/><V47/><F47/><W112/><G112/><T24/><D24/><U116/><E116/><N who="3" m="44586" /><G97/><T10/><D10/><U39/><E12/><V41/><F41/><W61/><G61/><T54/><D54/><U80/><E80/><V50/><F50/><W124/><G124/><T111/><D111/><U105/><E105/><V5/><F5/><W51/><G51/><T129/><D129/><U52/><E52/><V55/><F55/><W14/><G14/><T2/><D2/><U90/><REACH who="1" step="1"/><E122/><REACH who="1" ten="333,327,166,164" step="2"/><V18/><F18/><W103/><G103/><T22/><D101/><U131/><E131/><V28/><F28/><W75/><G75/><T134/><D134/><U30/><E30/><V42/><F42/><W31/><G31/><T49/><D49/><U98/><E98/><V0/><F0/><W79/><G79/><AGARI ba="0,1" hai="11,13,17,36,37,39,79,83,84,87,90,94,120,121" machi="79" ten="40,12000,1" yaku="1,1,52,1,53,2" doraHai="91" doraHaiUra="117" who="1" fromWho="3" sc="333,0,327,130,166,0,164,-120" /><INIT seed="5,1,0,3,5,24" ten="333,457,166,44" oya="1" hai0="107,122,102,36,2,121,96,59,14,67,10,94,118" hai1="22,15,104,13,111,131,18,109,6,11,60,119,75" hai2="134,32,28,16,9,100,95,116,62,91,86,132,103" hai3="108,87,12,47,125,79,26,29,113,74,65,89,30"/><U4/><E119/><V63/><F116/><W85/><G108/><N who="1" m="41546" /><E104/><V124/><F124/><W17/><G26/><T61/><D118/><U31/><E75/><V37/><F37/><W115/><G125/><T112/><D112/><N who="3" m="43081" /><G65/><T93/><D36/><U70/><E70/><V128/><F128/><W38/><G74/><T123/><REACH who="0" step="1"/><D2/><REACH who="0" ten="323,457,166,44" step="2"/><U130/><E130/><V56/><F134/><W98/><G38/><T114/><D114/><U39/><E131/><V52/><F132/><W84/><G79/><T135/><D135/><U78/><E39/><V83/><F100/><W76/><G76/><T33/><D33/><U106/><E78/><V101/><F101/><W126/><G126/><T54/><D54/><U51/><E106/><V27/><F103/><W40/><G40/><T34/><D34/><U120/><E120/><V81/><F52/><W41/><G41/><T8/><D8/><N who="1" m="4231" /><E51/><V23/><F9/><N who="3" m="6287" /><G47/><T69/><D69/><U43/><E43/><V127/><F127/><W77/><G77/><T80/><D80/><U57/><E60/><V20/><F32/><W64/><G64/><T72/><D72/><U49/><E57/><V35/><F35/><W82/><G82/><N who="2" m="31241" /><F56/><W97/><G89/><T1/><D1/><N who="1" m="463" /><E49/><V45/><F45/><W99/><AGARI ba="1,1" hai="29,30,84,85,87,97,98,99" m="6287,43081" machi="99" ten="40,5200,0" yaku="15,1,52,2" doraHai="24" who="3" fromWho="3" sc="323,-14,457,-27,166,-14,44,65" /><INIT seed="6,0,0,0,5,87" ten="309,430,152,109" oya="2" hai0="66,90,64,88,97,42,123,75,45,85,83,69,37" hai1="130,77,101,38,51,111,105,128,41,60,118,70,4" hai2="82,30,119,14,35,79,58,110,11,126,76,5,103" hai3="74,71,10,72,47,93,84,122,48,8,89,21,13"/><V39/><F39/><W131/><G122/><T27/><D123/><U28/><E111/><V106/><F119/><W91/><G131/><N who="1" m="50218" /><E118/><V94/><F110/><W40/><G71/><T12/><D75/><U15/><E38/><V134/><F106/><W25/><G8/><T124/><D124/><U57/><E70/><V116/><F116/><W59/><G59/><T108/><D108/><U32/><E77/><V49/><F126/><W65/><G65/><T24/><D12/><U23/><E32/><V86/><F134/><W62/><G62/><T107/><D69/><U104/><E101/><V92/><F76/><W99/><G21/><T67/><REACH who="0" step="1"/><D107/><REACH who="0" ten="299,430,152,109" step="2"/><U56/><E105/><V33/><F14/><W26/><G74/><T112/><D112/><U9/><E15/><V80/><F5/><N who="3" m="3279" /><G72/><T125/><D125/><U18/><E104/><V96/><F11/><W3/><G3/><T115/><D115/><U135/><E4/><V55/><F33/><W113/><G113/><T98/><D98/><U127/><E9/><V121/><F35/><W44/><G44/><T17/><D17/><U120/><E18/><V114/><F114/><W2/><G2/><T43/><D43/><U54/><E41/><V50/><F30/><W29/><G29/><T53/><D53/><U6/><E54/><V36/><F55/><W7/><G7/><T16/><D16/><U61/><E28/><V34/><F34/><W100/><G84/><T1/><D1/><U109/><E6/><V52/><F86/><W0/><G0/><T117/><D117/><U73/><E127/><V22/><F52/><RYUUKYOKU ba="0,1" sc="299,15,430,-15,152,-15,109,15" hai0="24,27,37,42,45,64,66,67,83,85,88,90,97" hai3="25,26,40,47,48,89,91,93,99,100" /><INIT seed="7,1,1,1,0,27" ten="314,415,137,124" oya="3" hai0="134,81,68,53,127,11,126,117,108,43,20,34,66" hai1="129,47,33,115,114,119,0,120,105,37,49,79,32" hai2="70,18,38,50,67,76,82,99,25,17,26,118,116" hai3="123,14,83,69,46,60,89,64,128,78,23,10,95"/><W102/><G123/><T96/><D34/><U6/><E120/><V88/><F38/><W107/><G128/><T62/><D117/><U135/><E129/><V12/><F116/><W36/><G23/><T101/><D81/><U21/><E135/><V4/><F118/><W7/><G107/><T72/><D72/><U59/><E119/><V98/><F70/><W39/><G102/><T113/><D134/><U55/><E105/><V131/><F131/><W100/><G100/><T125/><D108/><U91/><E79/><V65/><F4/><W110/><G46/><T44/><D11/><N who="1" m="2503" /><E21/><N who="2" m="13487" /><F26/><W104/><G104/><T112/><D20/><U74/><E74/><V54/><F76/><W87/><REACH who="3" step="1"/><G110/><REACH who="3" ten="314,415,137,114" step="2"/><T19/><D44/><U30/><E32/><V90/><F99/><AGARI ba="1,2" hai="7,10,14,36,39,60,64,69,78,83,87,89,95,99" machi="99" ten="30,5800,0" yaku="1,1,2,1,7,1,53,0" doraHai="27" doraHaiUra="130" who="3" fromWho="2" sc="314,0,415,0,137,-61,114,81" /><INIT seed="7,2,0,3,5,65" ten="314,415,76,195" oya="3" hai0="105,78,122,23,72,90,84,57,128,75,22,123,89" hai1="69,5,19,124,68,50,88,46,127,126,99,12,51" hai2="53,82,49,92,25,107,20,28,98,130,34,0,8" hai3="103,115,93,27,77,47,58,18,106,21,24,85,133"/><W76/><G106/><T118/><D57/><U104/><E5/><V48/><F130/><W61/><G115/><T94/><D22/><N who="1" m="11623" /><E51/><V131/><F131/><W33/><G133/><T52/><D23/><U39/><E39/><V62/><F107/><W74/><G74/><T83/><D128/><U2/><E2/><V71/><F82/><W56/><G47/><T73/><D52/><N who="1" m="29783" /><E88/><V63/><F34/><W79/><G33/><T80/><D118/><U6/><E6/><V120/><F120/><W42/><G42/><T44/><D44/><U102/><AGARI ba="2,0" hai="68,69,99,102,104,124,126,127" m="29783,11623" machi="102" ten="40,8000,1" yaku="18,1,52,2,54,1" doraHai="65" who="1" fromWho="1" sc="314,-22,415,86,76,-22,195,-42" owari="292,9.0,501,61.0,54,-45.0,153,-25.0" /></mjloggm>