<mjloggm ver="2.3"><GO type="169" lobby="0"/><UN n0="%EF%BD%9E%E5%90%89%E7%95%99%E6%9C%AA%E6%98%A5%EF%BD%9E" n1="%E6%B2%96%EF%BC%92%EF%BC%99" n2="%4B%E3%80%82" n3="%E3%80%93%E4%BD%90%E5%A4%A9%E3%81%95%E3%82%93%E3%80%93" dan="16,17,17,17" rate="2069.45,2195.20,2156.70,2158.50" sx="M,M,M,F"/><TAIKYOKU oya="0"/><INIT seed="0,0,0,3,3,118" ten="250,250,250,250" oya="0" hai0="38,17,135,1,79,126,106,97,76,9,75,78,134" hai1="15,62,92,35,25,89,91,7,81,115,131,99,64" hai2="22,124,11,98,65,107,23,108,45,125,37,119,56" hai3="84,10,63,102,105,121,42,20,51,113,104,74,24"/><T116/><D116/><U44/><E131/><V111/><F119/><W103/><G74/><T100/><D38/><U133/><E133/><N who="0" m="50697" /><D126/><N who="2" m="48746" /><F11/><W36/><G36/><T101/><D100/><U69/><E115/><V53/><F65/><W82/><G105/><T0/><D75/><U5/><E44/><V29/><F107/><W60/><G104/><T50/><D50/><U26/><E35/><V130/><F98/><W67/><G63/><T13/><AGARI ba="0,0" hai="0,1,9,13,17,76,78,79,97,101,106" m="50697" machi="13" ten="40,2100,0" yaku="20,1" doraHai="118" who="0" fromWho="0" sc="250,21,250,-7,250,-7,250,-7" /><INIT seed="0,1,0,1,5,64" ten="271,243,243,243" oya="0" hai0="94,98,112,87,12,118,68,44,33,27,62,110,135" hai1="38,10,0,107,41,50,66,25,51,84,22,101,54" hai2="124,106,52,78,23,21,96,37,134,57,47,29,8" hai3="81,63,126,32,74,133,92,97,102,36,6,19,125"/><T103/><D118/><U34/><E34/><V42/><F134/><W95/><G36/><T99/><D112/><U120/><E120/><V104/><F124/><W70/><G32/><T24/><D135/><U117/><E117/><V55/><F78/><W121/><G6/><T67/><D110/><U89/><E66/><V60/><F8/><W56/><G19/><T30/><D44/><U76/><E76/><V40/><F40/><W116/><G116/><T130/><D130/><U13/><E0/><V39/><F39/><W46/><G46/><T28/><D12/><U9/><E38/><V122/><F122/><W108/><G133/><T53/><D53/><U7/><E9/><V79/><F79/><W119/><G119/><T48/><D48/><U127/><E127/><V83/><F83/><W61/><G121/><T132/><D132/><U82/><E41/><V90/><F29/><W80/><G74/><T16/><D16/><N who="1" m="12487" /><E54/><V114/><F114/><W93/><G108/><T131/><D131/><U18/><E7/><V4/><F4/><W123/><G123/><T91/><D103/><U109/><E109/><V11/><F11/><W71/><G126/><T45/><D45/><U49/><E107/><N who="2" m="41003" /><F55/><W111/><G111/><T77/><D77/><U86/><E101/><V58/><F58/><W20/><G125/><T26/><D26/><U100/><E100/><V85/><F85/><AGARI ba="1,0" hai="10,13,18,49,50,51,82,84,85,86,89" m="12487" machi="85" ten="30,2000,0" yaku="8,1,54,1" doraHai="64" who="1" fromWho="2" sc="271,0,243,23,243,-23,243,0" /><INIT seed="1,0,0,2,5,82" ten="271,266,220,243" oya="1" hai0="13,32,128,12,42,25,130,87,67,22,116,114,58" hai1="126,2,54,125,41,75,53,80,65,68,105,52,46" hai2="133,77,66,93,50,109,40,98,115,19,135,39,102" hai3="81,134,10,123,86,70,34,57,78,106,7,60,101"/><U89/><E105/><V38/><F109/><W94/><G70/><T113/><D42/><U122/><E41/><V61/><F115/><N who="0" m="44042" /><D67/><U64/><E2/><V33/><F33/><W37/><G37/><T124/><D58/><U127/><E122/><V95/><F19/><W69/><G69/><T1/><D1/><U90/><E46/><N who="2" m="25927" /><F77/><W79/><G34/><T36/><D36/><U84/><E75/><V56/><F95/><W26/><G26/><T16/><D87/><N who="1" m="50407" /><E68/><V129/><F129/><N who="0" m="49770" /><D124/><U49/><E49/><V35/><F35/><W9/><G60/><T97/><D97/><U71/><E71/><V83/><F83/><AGARI ba="0,0" hai="52,53,54,64,65,83,84,90,125,126,127" m="50407" machi="83" ten="40,12000,1" yaku="18,1,52,2,54,1" doraHai="82" who="1" fromWho="2" sc="271,0,266,120,220,-120,243,0" /><INIT seed="1,1,0,4,5,8" ten="271,386,100,243" oya="1" hai0="14,70,29,85,52,68,132,7,122,39,25,63,101" hai1="67,50,6,3,88,51,32,134,41,24,87,62,18" hai2="2,79,97,102,48,71,72,117,104,54,100,58,64" hai3="35,119,53,126,16,46,108,22,91,23,74,115,34"/><U106/><E106/><V9/><F117/><W128/><G74/><T13/><D39/><U28/><E134/><V80/><F102/><W98/><G115/><T92/><D122/><U116/><E116/><V43/><F43/><W17/><G119/><T38/><D38/><U111/><E111/><V75/><F71/><W60/><G108/><T105/><D105/><U26/><E41/><V120/><F64/><W76/><G76/><T42/><D42/><U93/><E6/><V96/><F96/><W55/><G98/><T11/><D132/><U110/><E3/><V114/><F114/><W0/><G91/><N who="0" m="53359" /><D68/><U27/><E110/><V65/><F65/><W109/><G109/><T78/><D78/><U44/><E44/><V113/><F113/><W131/><G46/><T83/><D83/><U61/><E61/><V1/><F120/><W124/><G60/><T21/><D70/><U69/><REACH who="1" step="1"/><E18/><REACH who="1" ten="271,376,100,243" step="2"/><V125/><F125/><W66/><G66/><T90/><D63/><U4/><E4/><V130/><F1/><AGARI ba="1,1" hai="0,1,16,17,22,23,34,35,53,55,124,126,128,131" machi="1" ten="25,3200,0" yaku="22,2,54,1" doraHai="8" who="3" fromWho="2" sc="271,0,376,0,100,-35,243,45" /><INIT seed="2,0,0,3,2,125" ten="271,376,65,288" oya="2" hai0="69,91,107,2,105,35,61,40,108,57,129,80,48" hai1="27,87,82,126,130,44,75,119,102,49,26,23,32" hai2="33,43,46,134,77,83,123,39,47,106,81,64,95" hai3="45,65,18,127,4,0,68,12,13,59,22,71,67"/><V99/><F123/><W122/><G0/><T78/><D2/><U94/><E119/><V135/><F33/><W98/><G122/><T60/><D35/><U100/><E75/><V112/><F112/><W117/><G117/><T19/><D108/><U34/><E126/><V76/><F64/><W70/><G127/><T118/><D118/><U96/><E100/><V93/><F106/><W42/><G98/><T11/><D91/><U114/><E114/><V21/><F21/><W28/><G28/><T101/><D101/><U25/><E130/><V41/><REACH who="2" step="1"/><F99/><REACH who="2" ten="271,376,55,288" step="2"/><W24/><G67/><T92/><D105/><U29/><E32/><V84/><F84/><W124/><G124/><T115/><D107/><U110/><E34/><V51/><F51/><W5/><G65/><T52/><D48/><U103/><E23/><V6/><F6/><W131/><G4/><T104/><D104/><U17/><E49/><V120/><F120/><W36/><G5/><T86/><D115/><U111/><E96/><V53/><F53/><W8/><G22/><T121/><D121/><U10/><E87/><V56/><F56/><W7/><G59/><T16/><D69/><U89/><E110/><V128/><F128/><W38/><G131/><T73/><D129/><U30/><E111/><V132/><F132/><W97/><G97/><T14/><D40/><U90/><E44/><V20/><F20/><N who="3" m="13335" /><G12/><N who="0" m="7199" /><D60/><U74/><E30/><V58/><F58/><W15/><G15/><T66/><D73/><U72/><E29/><V55/><F55/><W3/><G13/><T116/><D116/><U37/><E74/><RYUUKYOKU ba="0,1" sc="271,-15,376,-15,55,15,288,15" hai2="39,41,43,46,47,76,77,81,83,93,95,134,135" hai3="3,7,8,36,38,42,45,68,70,71" /><INIT seed="2,1,1,5,5,13" ten="256,361,70,303" oya="2" hai0="39,82,65,23,79,83,81,4,67,37,119,68,113" hai1="32,116,0,52,73,102,55,104,31,125,1,115,96" hai2="15,105,50,24,88,85,110,108,26,103,117,51,127" hai3="45,64,53,90,70,124,33,86,91,78,7,29,123"/><V61/><F117/><W66/><G123/><T19/><D113/><U38/><E115/><V36/><F36/><W74/><G74/><T63/><D119/><U27/><E38/><V130/><F130/><W34/><G78/><T54/><D4/><U10/><E73/><V101/><F61/><W100/><G100/><N who="2" m="38473" /><F105/><W118/><G90/><T128/><D128/><U129/><E129/><V135/><F135/><W35/><G7/><T17/><D65/><U58/><E116/><V87/><F127/><W121/><G121/><T49/><D79/><U11/><E125/><V133/><F133/><W57/><G70/><T99/><D99/><U107/><E107/><V111/><F15/><W44/><G118/><T12/><REACH who="0" step="1"/><D19/><REACH who="0" ten="246,361,70,303" step="2"/><U97/><E97/><V122/><F122/><W30/><G124/><T41/><D41/><U6/><E55/><V43/><F43/><W72/><G66/><T40/><D40/><U16/><E16/><V59/><F87/><W42/><G64/><T56/><AGARI ba="1,2" hai="12,17,23,37,39,49,54,56,63,67,68,81,82,83" machi="56" ten="30,7900,0" yaku="1,1,0,1,52,1,53,1" doraHai="13" doraHaiUra="62" who="0" fromWho="0" sc="246,102,361,-21,70,-40,303,-21" /><INIT seed="3,0,0,4,0,25" ten="348,340,30,282" oya="3" hai0="109,89,74,46,17,57,71,12,37,129,66,125,49" hai1="83,42,85,107,61,127,122,63,111,91,97,13,103" hai2="15,14,23,33,99,86,102,20,110,77,56,30,28" hai3="121,39,100,41,104,51,55,16,130,34,108,82,73"/><W96/><G121/><T0/><D74/><U65/><E122/><V59/><F110/><W72/><G34/><T92/><D109/><U47/><E111/><V67/><F33/><W31/><G108/><T19/><D0/><U68/><E127/><V53/><F67/><W79/><G41/><T52/><D125/><U2/><E63/><V119/><F119/><W9/><G39/><T44/><D129/><U45/><E2/><V24/><F77/><W22/><G130/><T117/><D117/><U3/><E3/><V124/><F86/><W36/><G36/><T8/><D37/><U69/><E69/><V112/><F112/><W4/><G31/><N who="2" m="11817" /><F124/><W120/><G120/><T115/><D115/><U87/><E42/><V95/><F56/><W93/><G73/><T132/><D132/><U21/><E87/><V7/><F7/><W11/><G4/><T26/><D71/><U35/><E35/><V60/><F23/><W116/><G104/><T126/><D66/><U88/><E21/><V27/><F27/><W90/><G116/><T105/><D105/><U38/><E38/><V113/><F113/><W98/><G98/><N who="0" m="57615" /><D126/><U133/><E133/><V32/><F32/><W114/><G114/><T18/><D26/><U134/><E134/><V123/><F123/><W81/><G22/><T62/><D46/><N who="1" m="17419" /><E13/><V50/><F50/><W6/><G6/><N who="0" m="3095" /><D44/><U106/><E107/><V76/><F76/><W40/><G40/><T118/><D118/><U135/><E135/><V64/><F64/><W94/><G79/><T131/><D131/><U43/><E43/><V70/><F70/><RYUUKYOKU ba="0,0" sc="348,10,340,10,30,10,282,-30" hai0="17,18,19,49,52,57,62" hai1="61,65,68,83,85,88,91,97,103,106" hai2="14,15,20,24,53,59,60,95,99,102" /><INIT seed="4,1,0,0,0,38" ten="358,350,40,252" oya="0" hai0="84,10,83,43,106,61,56,122,35,23,77,47,46" hai1="54,133,112,67,60,102,12,28,105,121,81,99,116" hai2="89,80,111,3,13,132,11,34,27,129,18,68,14" hai3="50,41,103,119,127,64,107,74,118,66,58,32,113"/><T85/><D122/><U30/><E121/><V115/><F68/><W120/><G32/><T97/><D35/><U16/><E116/><V130/><F80/><W88/><G74/><T44/><D10/><U63/><E133/><V71/><F71/><W22/><G120/><T114/><D114/><U75/><E112/><V26/><F89/><W79/><G79/><T37/><D23/><U94/><E105/><V19/><F115/><W45/><G113/><T2/><D2/><U25/><E54/><V135/><F3/><W21/><G127/><T42/><D85/><U69/><E63/><V91/><F91/><W65/><G58/><T39/><D106/><U0/><E0/><V131/><F111/><W76/><G76/><T123/><D123/><U78/><REACH who="1" step="1"/><E25/><REACH who="1" ten="358,340,40,252" step="2"/><N who="2" m="9227" /><F34/><W8/><G119/><T20/><D20/><AGARI ba="1,1" hai="12,16,20,28,30,60,67,69,75,78,81,94,99,102" machi="20" ten="30,7700,0" yaku="1,1,7,1,54,1,53,1" doraHai="38" doraHaiUra="62" who="1" fromWho="0" sc="358,-80,340,90,40,0,252,0" /><AGARI ba="1,0" hai="11,13,14,18,19,20,129,130,131,132,135" m="9227" machi="20" ten="40,5200,0" yaku="19,1,34,2" doraHai="38" who="2" fromWho="0" sc="278,-52,430,0,40,52,252,0" /><INIT seed="5,0,0,4,1,88" ten="226,430,92,252" oya="1" hai0="81,87,45,64,24,28,90,56,121,57,95,5,31" hai1="83,109,58,108,6,127,38,96,49,44,78,86,52" hai2="84,97,12,20,59,98,119,61,131,16,118,71,102" hai3="55,17,133,13,65,67,22,94,50,107,93,27,80"/><U130/><E127/><V62/><F131/><W35/><G107/><T1/><D121/><U8/><E130/><V124/><F124/><W114/><G114/><T33/><D31/><U51/><E38/><V132/><F132/><W9/><G133/><T60/><D45/><U135/><E96/><V14/><F71/><W34/><G34/><T32/><D33/><U73/><E73/><V19/><F84/><W7/><G35/><T30/><D28/><U115/><E115/><V68/><F68/><W89/><G80/><T106/><D106/><U26/><E26/><V128/><F128/><W43/><G43/><T120/><D120/><U54/><REACH who="1" step="1"/><E135/><REACH who="1" ten="226,420,92,252" step="2"/><V66/><F98/><W113/><G113/><T105/><D105/><U85/><E85/><V103/><F102/><W123/><G123/><T74/><D74/><U134/><E134/><V0/><F0/><AGARI ba="0,1" hai="0,6,8,44,49,51,52,54,58,78,83,86,108,109" machi="0" ten="40,3900,0" yaku="1,1,54,1,53,0" doraHai="88" doraHaiUra="112" who="1" fromWho="2" sc="226,0,420,49,92,-39,252,0" /><INIT seed="5,1,0,0,4,34" ten="226,469,53,252" oya="1" hai0="47,125,74,66,24,121,45,133,14,82,5,63,78" hai1="88,124,42,90,28,130,33,115,18,89,51,62,132" hai2="10,4,113,12,23,50,1,122,97,98,116,40,60" hai3="119,64,84,79,86,68,61,114,7,29,106,73,75"/><U118/><E118/><V38/><F116/><W123/><G119/><T128/><D121/><U17/><E115/><V57/><F122/><W94/><G106/><T59/><D125/><U55/><E124/><V30/><F113/><W129/><G123/><T77/><D133/><U93/><E132/><V99/><F38/><W96/><G114/><T110/><D128/><U131/><E42/><V100/><F40/><W54/><G29/><T25/><D110/><U52/><E62/><V27/><F50/><W35/><G35/><T43/><D78/><U112/><E112/><V37/><F37/><W32/><G32/><T53/><D53/><N who="1" m="20555" /><E51/><V102/><REACH who="2" step="1"/><F1/><REACH who="2" ten="226,469,43,252" step="2"/><W48/><G48/><T36/><D47/><U108/><E108/><V72/><F72/><W95/><G75/><T80/><D45/><U46/><E46/><V101/><F101/><W70/><G73/><T134/><D43/><U49/><E49/><V67/><AGARI ba="1,1" hai="4,10,12,23,27,30,57,60,67,97,98,99,100,102" machi="67" ten="30,7900,0" yaku="1,1,0,1,8,1,53,1" doraHai="34" doraHaiUra="16" who="2" fromWho="2" sc="226,-21,469,-40,43,92,252,-21" /><INIT seed="6,0,0,4,4,29" ten="205,429,135,231" oya="2" hai0="67,47,19,116,89,2,20,59,28,107,12,119,34" hai1="135,77,36,3,15,102,60,32,126,70,58,63,8" hai2="132,114,104,125,91,122,80,93,41,23,128,124,1" hai3="86,85,72,82,110,38,39,97,26,51,121,101,78"/><V75/><F122/><W112/><G110/><T90/><D107/><U108/><E36/><V105/><F1/><W16/><G121/><T109/><D47/><U48/><E108/><V37/><F23/><W27/><G112/><T113/><D67/><U68/><E3/><V40/><F114/><W24/><G51/><T49/><D109/><U95/><E32/><V133/><F37/><W10/><G85/><T100/><D49/><U13/><E77/><N who="2" m="44095" /><F41/><W46/><G46/><T131/><D59/><U117/><E117/><N who="0" m="45129" /><D100/><U79/><E79/><V17/><F17/><W21/><G10/><T30/><D113/><U33/><E48/><V44/><F44/><W50/><G50/><T115/><D115/><U57/><E8/><V62/><F62/><W6/><G6/><T83/><D2/><U84/><E63/><V123/><F40/><W103/><G103/><T61/><D61/><U5/><E60/><V45/><F45/><W96/><G96/><T99/><D99/><U92/><E57/><V94/><F123/><W120/><G120/><T111/><D111/><U130/><E58/><V129/><F104/><N who="3" m="63535" /><G39/><T134/><D134/><N who="2" m="51818" /><F105/><W65/><G65/><T118/><D118/><U98/><E135/><V56/><F56/><W71/><G38/><T0/><D0/><U42/><E42/><V64/><F64/><W81/><G71/><T74/><D30/><U54/><E70/><V7/><F7/><W31/><G31/><T66/><D66/><U4/><E68/><V43/><F43/><W76/><G72/><T25/><D131/><N who="2" m="50250" /><F91/><W55/><G55/><T35/><D35/><RYUUKYOKU ba="0,0" sc="205,10,429,-30,135,10,231,10" hai0="12,19,20,25,28,34,74,83,89,90" hai2="93,94,124,125" hai3="16,21,24,26,27,76,78,81,82,86" /><INIT seed="6,1,0,5,0,114" ten="215,399,145,241" oya="2" hai0="81,38,15,95,69,21,0,6,132,92,94,13,58" hai1="60,93,12,30,49,91,85,37,56,16,78,34,79" hai2="72,117,40,8,36,108,68,70,46,63,24,19,96" hai3="89,73,28,84,53,86,82,26,83,48,128,100,107"/><V90/><F72/><W59/><G73/><T134/><D69/><U122/><E122/><V5/><F117/><W74/><G74/><T115/><D38/><U102/><E37/><V130/><F130/><W111/><G111/><T99/><D115/><U67/><E102/><V127/><F127/><W110/><G110/><T71/><D71/><U17/><E17/><V80/><F108/><W125/><G125/><T101/><D81/><U104/><E104/><V33/><F63/><W51/><G128/><T52/><D21/><U23/><E34/><V126/><F126/><W113/><G113/><T10/><D0/><U121/><E121/><V25/><F25/><W55/><G100/><T105/><REACH who="0" step="1"/><D15/><REACH who="0" ten="205,399,145,241" step="2"/><U43/><E12/><N who="2" m="5135" /><F33/><W11/><G83/><T118/><D118/><U131/><E131/><V133/><F133/><W124/><G82/><T20/><D20/><U54/><E23/><N who="2" m="13439" /><F80/><W57/><G124/><T97/><D97/><U35/><E35/><V22/><F22/><W109/><G109/><T64/><D64/><U32/><E32/><V27/><F27/><W3/><G26/><T77/><D77/><U31/><E67/><V103/><F70/><W39/><G39/><T119/><D119/><U7/><E79/><V44/><F68/><W14/><G3/><T88/><D88/><U50/><E78/><V1/><F1/><W129/><G89/><T65/><D65/><U75/><E75/><V29/><F90/><W9/><G129/><T66/><D66/><U120/><E91/><V62/><F29/><W2/><G28/><T116/><D116/><U42/><E31/><RYUUKYOKU ba="1,1" sc="205,30,399,-10,145,-10,241,-10" hai0="6,10,13,52,58,92,94,95,99,101,105,132,134" /><INIT seed="7,2,1,4,2,66" ten="235,389,135,231" oya="3" hai0="81,133,54,32,25,78,117,134,61,29,8,16,12" hai1="22,74,5,98,68,49,33,129,100,41,86,108,102" hai2="124,91,59,0,30,114,14,2,15,103,28,69,105" hai3="83,126,118,127,67,19,20,55,130,123,60,58,72"/><W84/><G72/><T111/><D117/><U48/><E68/><V110/><F110/><W4/><G123/><T27/><D111/><U47/><E33/><V122/><F122/><W6/><G118/><T70/><D27/><U80/><E74/><V35/><F59/><W18/><G130/><T128/><D128/><U43/><E108/><V73/><F73/><W106/><G106/><T38/><D38/><U116/><E116/><V131/><F131/><W64/><G55/><T75/><D54/><U135/><E135/><N who="0" m="51721" /><D61/><U115/><E129/><V79/><F79/><W109/><G109/><T92/><D92/><U89/><E5/><V119/><F119/><W31/><G31/><T121/><D121/><U93/><E115/><V94/><F114/><W42/><G42/><T3/><D3/><U7/><E7/><V40/><F40/><W62/><G83/><T37/><D37/><U96/><E22/><V132/><F132/><W101/><G84/><T77/><D78/><N who="1" m="46359" /><E96/><V1/><F124/><W34/><G101/><T11/><D11/><U23/><E23/><V39/><F39/><W125/><G34/><T52/><D52/><U95/><E95/><V24/><F30/><W99/><G99/><T10/><D10/><U50/><E50/><V51/><F51/><W63/><G20/><T13/><D12/><U65/><E65/><N who="3" m="25162" /><G58/><T88/><D88/><U26/><E26/><V21/><F35/><W113/><G113/><T97/><D97/><U57/><E57/><V82/><F69/><AGARI ba="2,1" hai="8,13,16,25,29,32,69,70,75,77,81" m="51721" machi="69" ten="30,7700,0" yaku="20,1,52,2,54,1" doraHai="66" who="0" fromWho="2" sc="235,93,389,0,135,-83,231,0" owari="328,13.0,389,49.0,52,-45.0,231,-17.0" /></mjloggm>